symbol,timestamp,datetime,side,price,amount,btc_volume
APPC/BTC,1605549866174,2020-11-16T18:04:26.174Z,buy,1.36e-06,335.0,0.00045559999999999996
APPC/BTC,1605549866487,2020-11-16T18:04:26.487Z,buy,1.36e-06,2000.0,0.0027199999999999998
APPC/BTC,1605549866493,2020-11-16T18:04:26.493Z,buy,1.36e-06,1000.0,0.0013599999999999999
APPC/BTC,1605549866503,2020-11-16T18:04:26.503Z,buy,1.36e-06,1000.0,0.0013599999999999999
APPC/BTC,1605551353358,2020-11-16T18:29:13.358Z,buy,1.36e-06,692.0,0.0009411199999999999
APPC/BTC,1605551424312,2020-11-16T18:30:24.312Z,sell,1.35e-06,3143.0,0.00424305
APPC/BTC,1605551971491,2020-11-16T18:39:31.491Z,buy,1.36e-06,103.0,0.00014008
APPC/BTC,1605552853599,2020-11-16T18:54:13.599Z,buy,1.36e-06,36997.0,0.05031591999999999
APPC/BTC,1605552853836,2020-11-16T18:54:13.836Z,buy,1.36e-06,1310.0,0.0017816
APPC/BTC,1605552853836,2020-11-16T18:54:13.836Z,buy,1.36e-06,1310.0,0.0017816
APPC/BTC,1605554043343,2020-11-16T19:14:03.343Z,sell,1.36e-06,81.0,0.00011015999999999999
APPC/BTC,1605554714142,2020-11-16T19:25:14.142Z,sell,1.35e-06,7752.0,0.0104652
APPC/BTC,1605554737540,2020-11-16T19:25:37.540Z,buy,1.35e-06,4344.0,0.0058644
APPC/BTC,1605554948525,2020-11-16T19:29:08.525Z,sell,1.34e-06,91.0,0.00012194
APPC/BTC,1605554974812,2020-11-16T19:29:34.812Z,buy,1.35e-06,101.0,0.00013635
APPC/BTC,1605554988370,2020-11-16T19:29:48.370Z,buy,1.35e-06,138.0,0.0001863
APPC/BTC,1605555599887,2020-11-16T19:39:59.887Z,buy,1.35e-06,25629.0,0.03459915
APPC/BTC,1605555605076,2020-11-16T19:40:05.076Z,sell,1.35e-06,2331.0,0.00314685
APPC/BTC,1605555726743,2020-11-16T19:42:06.743Z,sell,1.35e-06,1711.0,0.00230985
APPC/BTC,1605555726743,2020-11-16T19:42:06.743Z,sell,1.35e-06,1711.0,0.00230985
APPC/BTC,1605557129299,2020-11-16T20:05:29.299Z,sell,1.35e-06,611.0,0.00082485
APPC/BTC,1605557220086,2020-11-16T20:07:00.086Z,sell,1.35e-06,55.0,7.425e-05
APPC/BTC,1605557253379,2020-11-16T20:07:33.379Z,sell,1.34e-06,20312.0,0.027218080000000002
APPC/BTC,1605557254327,2020-11-16T20:07:34.327Z,buy,1.34e-06,1289.0,0.0017272600000000002
APPC/BTC,1605557254345,2020-11-16T20:07:34.345Z,buy,1.34e-06,1281.0,0.0017165400000000001
APPC/BTC,1605557254462,2020-11-16T20:07:34.462Z,buy,1.34e-06,1040.0,0.0013936
APPC/BTC,1605557258411,2020-11-16T20:07:38.411Z,buy,1.34e-06,6965.0,0.0093331
APPC/BTC,1605557258411,2020-11-16T20:07:38.411Z,buy,1.35e-06,147.0,0.00019845
APPC/BTC,1605557258411,2020-11-16T20:07:38.411Z,buy,1.36e-06,614.0,0.0008350399999999999
APPC/BTC,1605557259459,2020-11-16T20:07:39.459Z,sell,1.34e-06,712.0,0.00095408
APPC/BTC,1605557259698,2020-11-16T20:07:39.698Z,sell,1.33e-06,712.0,0.00094696
APPC/BTC,1605557261524,2020-11-16T20:07:41.524Z,buy,1.34e-06,147.0,0.00019698
APPC/BTC,1605557320688,2020-11-16T20:08:40.688Z,buy,1.34e-06,139.0,0.00018626000000000002
APPC/BTC,1605557572400,2020-11-16T20:12:52.400Z,buy,1.34e-06,12947.0,0.01734898
APPC/BTC,1605558370094,2020-11-16T20:26:10.094Z,buy,1.35e-06,97.0,0.00013095
APPC/BTC,1605558404252,2020-11-16T20:26:44.252Z,sell,1.34e-06,14186.0,0.01900924
APPC/BTC,1605558452089,2020-11-16T20:27:32.089Z,buy,1.35e-06,10706.0,0.0144531
APPC/BTC,1605558539075,2020-11-16T20:28:59.075Z,sell,1.34e-06,115.0,0.0001541
APPC/BTC,1605558570154,2020-11-16T20:29:30.154Z,sell,1.34e-06,123.0,0.00016482
APPC/BTC,1605558604791,2020-11-16T20:30:04.791Z,sell,1.34e-06,141.0,0.00018894000000000002
APPC/BTC,1605559060802,2020-11-16T20:37:40.802Z,sell,1.34e-06,105.0,0.0001407
APPC/BTC,1605559089587,2020-11-16T20:38:09.587Z,sell,1.34e-06,234.0,0.00031356
APPC/BTC,1605559239345,2020-11-16T20:40:39.345Z,sell,1.34e-06,177.0,0.00023718
APPC/BTC,1605559239345,2020-11-16T20:40:39.345Z,sell,1.34e-06,177.0,0.00023718
APPC/BTC,1605559388167,2020-11-16T20:43:08.167Z,sell,1.34e-06,213.0,0.00028542000000000004
APPC/BTC,1605559418530,2020-11-16T20:43:38.530Z,sell,1.34e-06,96.0,0.00012864000000000002
APPC/BTC,1605559419713,2020-11-16T20:43:39.713Z,sell,1.34e-06,116.0,0.00015544000000000002
APPC/BTC,1605559565915,2020-11-16T20:46:05.915Z,sell,1.34e-06,205.0,0.0002747
APPC/BTC,1605559696693,2020-11-16T20:48:16.693Z,buy,1.35e-06,445.0,0.00060075
APPC/BTC,1605559712303,2020-11-16T20:48:32.303Z,sell,1.34e-06,97.0,0.00012998
APPC/BTC,1605559722417,2020-11-16T20:48:42.417Z,buy,1.35e-06,8807.0,0.01188945
APPC/BTC,1605560319879,2020-11-16T20:58:39.879Z,sell,1.35e-06,220.0,0.000297
APPC/BTC,1605560420196,2020-11-16T21:00:20.196Z,sell,1.35e-06,101.0,0.00013635
APPC/BTC,1605560448585,2020-11-16T21:00:48.585Z,sell,1.35e-06,134.0,0.0001809
APPC/BTC,1605560523661,2020-11-16T21:02:03.661Z,buy,1.36e-06,3543.0,0.00481848
APPC/BTC,1605560533768,2020-11-16T21:02:13.768Z,sell,1.35e-06,205.0,0.00027675
APPC/BTC,1605560659762,2020-11-16T21:04:19.762Z,sell,1.35e-06,141.0,0.00019035
APPC/BTC,1605560693105,2020-11-16T21:04:53.105Z,sell,1.35e-06,197.0,0.00026595
APPC/BTC,1605560812780,2020-11-16T21:06:52.780Z,sell,1.35e-06,155.0,0.00020925
APPC/BTC,1605561231878,2020-11-16T21:13:51.878Z,sell,1.35e-06,1642.0,0.0022167
APPC/BTC,1605561275668,2020-11-16T21:14:35.668Z,buy,1.35e-06,138.0,0.0001863
APPC/BTC,1605561555624,2020-11-16T21:19:15.624Z,sell,1.34e-06,431.0,0.0005775400000000001
APPC/BTC,1605561679035,2020-11-16T21:21:19.035Z,buy,1.35e-06,84.0,0.0001134
APPC/BTC,1605561846678,2020-11-16T21:24:06.678Z,sell,1.34e-06,87.0,0.00011658000000000001
APPC/BTC,1605561892521,2020-11-16T21:24:52.521Z,buy,1.35e-06,94.0,0.0001269
APPC/BTC,1605562125533,2020-11-16T21:28:45.533Z,buy,1.35e-06,1338.0,0.0018063
APPC/BTC,1605562173182,2020-11-16T21:29:33.182Z,sell,1.34e-06,90.0,0.0001206
APPC/BTC,1605562184886,2020-11-16T21:29:44.886Z,buy,1.35e-06,94.0,0.0001269
APPC/BTC,1605562184886,2020-11-16T21:29:44.886Z,buy,1.35e-06,94.0,0.0001269
APPC/BTC,1605563099762,2020-11-16T21:44:59.762Z,buy,1.35e-06,10745.0,0.01450575
APPC/BTC,1605563165129,2020-11-16T21:46:05.129Z,buy,1.36e-06,25839.0,0.03514104
APPC/BTC,1605563395081,2020-11-16T21:49:55.081Z,buy,1.36e-06,1486.0,0.00202096
APPC/BTC,1605563411129,2020-11-16T21:50:11.129Z,sell,1.36e-06,75.0,0.00010199999999999999
APPC/BTC,1605563469846,2020-11-16T21:51:09.846Z,sell,1.36e-06,5279.0,0.00717944
APPC/BTC,1605563556505,2020-11-16T21:52:36.505Z,sell,1.35e-06,365.0,0.00049275
APPC/BTC,1605563556505,2020-11-16T21:52:36.505Z,sell,1.35e-06,365.0,0.00049275
APPC/BTC,1605566704358,2020-11-16T22:45:04.358Z,sell,1.35e-06,213.0,0.00028755
APPC/BTC,1605566785680,2020-11-16T22:46:25.680Z,sell,1.35e-06,91.0,0.00012285
APPC/BTC,1605566785680,2020-11-16T22:46:25.680Z,sell,1.35e-06,91.0,0.00012285
APPC/BTC,1605567562073,2020-11-16T22:59:22.073Z,buy,1.36e-06,2201.0,0.0029933599999999996
APPC/BTC,1605567769507,2020-11-16T23:02:49.507Z,buy,1.36e-06,2195.0,0.0029852
APPC/BTC,1605567927151,2020-11-16T23:05:27.151Z,sell,1.35e-06,14211.0,0.01918485
APPC/BTC,1605567927263,2020-11-16T23:05:27.263Z,sell,1.35e-06,7446.0,0.0100521
APPC/BTC,1605570235658,2020-11-16T23:43:55.658Z,buy,1.36e-06,14092.0,0.019165119999999997
APPC/BTC,1605570235658,2020-11-16T23:43:55.658Z,buy,1.36e-06,14092.0,0.019165119999999997
APPC/BTC,1605570868970,2020-11-16T23:54:28.970Z,buy,1.36e-06,199.0,0.00027064
APPC/BTC,1605570972042,2020-11-16T23:56:12.042Z,buy,1.36e-06,242.0,0.00032911999999999997
APPC/BTC,1605571094479,2020-11-16T23:58:14.479Z,buy,1.36e-06,175.0,0.00023799999999999998
APPC/BTC,1605571156847,2020-11-16T23:59:16.847Z,buy,1.36e-06,136.0,0.00018496
APPC/BTC,1605571229468,2020-11-17T00:00:29.468Z,buy,1.36e-06,209.0,0.00028424
APPC/BTC,1605571256478,2020-11-17T00:00:56.478Z,buy,1.36e-06,1447.0,0.0019679199999999997
APPC/BTC,1605571350636,2020-11-17T00:02:30.636Z,buy,1.36e-06,997.0,0.0013559199999999998
APPC/BTC,1605571393211,2020-11-17T00:03:13.211Z,buy,1.36e-06,374.0,0.00050864
APPC/BTC,1605571463536,2020-11-17T00:04:23.536Z,buy,1.36e-06,128.0,0.00017408
APPC/BTC,1605571475785,2020-11-17T00:04:35.785Z,buy,1.36e-06,278.0,0.00037808
APPC/BTC,1605571477045,2020-11-17T00:04:37.045Z,buy,1.36e-06,146.0,0.00019856
APPC/BTC,1605571616741,2020-11-17T00:06:56.741Z,buy,1.36e-06,106.0,0.00014416
APPC/BTC,1605571617836,2020-11-17T00:06:57.836Z,buy,1.36e-06,144.0,0.00019584
APPC/BTC,1605571736343,2020-11-17T00:08:56.343Z,buy,1.36e-06,184.0,0.00025024
APPC/BTC,1605571877455,2020-11-17T00:11:17.455Z,buy,1.36e-06,222.0,0.00030191999999999996
APPC/BTC,1605571878995,2020-11-17T00:11:18.995Z,buy,1.36e-06,92.0,0.00012512
APPC/BTC,1605572073908,2020-11-17T00:14:33.908Z,buy,1.36e-06,103.0,0.00014008
APPC/BTC,1605572075045,2020-11-17T00:14:35.045Z,buy,1.36e-06,123.0,0.00016727999999999998
APPC/BTC,1605572133548,2020-11-17T00:15:33.548Z,buy,1.36e-06,213.0,0.00028968
APPC/BTC,1605572139417,2020-11-17T00:15:39.417Z,buy,1.36e-06,21673.0,0.029475279999999996
APPC/BTC,1605572153995,2020-11-17T00:15:53.995Z,sell,1.36e-06,385.0,0.0005235999999999999
APPC/BTC,1605572153995,2020-11-17T00:15:53.995Z,sell,1.35e-06,875.0,0.00118125
APPC/BTC,1605572719829,2020-11-17T00:25:19.829Z,sell,1.35e-06,316.0,0.0004266
APPC/BTC,1605572874050,2020-11-17T00:27:54.050Z,sell,1.35e-06,299.0,0.00040364999999999997
APPC/BTC,1605572874050,2020-11-17T00:27:54.050Z,sell,1.35e-06,299.0,0.00040364999999999997
APPC/BTC,1605574052079,2020-11-17T00:47:32.079Z,buy,1.36e-06,2967.0,0.00403512
APPC/BTC,1605574261922,2020-11-17T00:51:01.922Z,buy,1.37e-06,1460.0,0.0020002
APPC/BTC,1605574266764,2020-11-17T00:51:06.764Z,buy,1.37e-06,145.0,0.00019865
APPC/BTC,1605575121404,2020-11-17T01:05:21.404Z,sell,1.36e-06,142.0,0.00019312
APPC/BTC,1605576090701,2020-11-17T01:21:30.701Z,sell,1.36e-06,244.0,0.00033183999999999997
APPC/BTC,1605576155947,2020-11-17T01:22:35.947Z,sell,1.35e-06,545.0,0.00073575
APPC/BTC,1605576220559,2020-11-17T01:23:40.559Z,buy,1.36e-06,137.0,0.00018632
APPC/BTC,1605576453631,2020-11-17T01:27:33.631Z,buy,1.36e-06,382.0,0.00051952
APPC/BTC,1605576466370,2020-11-17T01:27:46.370Z,buy,1.36e-06,144.0,0.00019584
APPC/BTC,1605576466370,2020-11-17T01:27:46.370Z,buy,1.36e-06,144.0,0.00019584
APPC/BTC,1605576530948,2020-11-17T01:28:50.948Z,buy,1.36e-06,83.0,0.00011287999999999999
APPC/BTC,1605576808584,2020-11-17T01:33:28.584Z,buy,1.36e-06,2380.0,0.0032367999999999997
APPC/BTC,1605578068075,2020-11-17T01:54:28.075Z,buy,1.36e-06,97.0,0.00013192
APPC/BTC,1605578217280,2020-11-17T01:56:57.280Z,buy,1.36e-06,299.0,0.00040663999999999994
APPC/BTC,1605579464602,2020-11-17T02:17:44.602Z,buy,1.36e-06,1485.0,0.0020196
APPC/BTC,1605579723505,2020-11-17T02:22:03.505Z,buy,1.36e-06,100.0,0.000136
APPC/BTC,1605579723505,2020-11-17T02:22:03.505Z,buy,1.36e-06,100.0,0.000136
APPC/BTC,1605580304453,2020-11-17T02:31:44.453Z,buy,1.36e-06,2081.0,0.00283016
APPC/BTC,1605581400734,2020-11-17T02:50:00.734Z,buy,1.36e-06,387.0,0.0005263199999999999
APPC/BTC,1605581470522,2020-11-17T02:51:10.522Z,buy,1.36e-06,300.0,0.00040799999999999994
APPC/BTC,1605581889728,2020-11-17T02:58:09.728Z,sell,1.35e-06,165.0,0.00022275
APPC/BTC,1605582918234,2020-11-17T03:15:18.234Z,buy,1.36e-06,34300.0,0.046647999999999995
APPC/BTC,1605582918234,2020-11-17T03:15:18.234Z,buy,1.37e-06,38013.0,0.05207781
APPC/BTC,1605582925883,2020-11-17T03:15:25.883Z,buy,1.37e-06,17466.0,0.02392842
APPC/BTC,1605582929559,2020-11-17T03:15:29.559Z,buy,1.37e-06,5482.0,0.00751034
APPC/BTC,1605583035066,2020-11-17T03:17:15.066Z,sell,1.36e-06,219.0,0.00029783999999999995
APPC/BTC,1605583035066,2020-11-17T03:17:15.066Z,sell,1.35e-06,62.0,8.37e-05
APPC/BTC,1605583212838,2020-11-17T03:20:12.838Z,sell,1.35e-06,95165.0,0.12847275
APPC/BTC,1605583212838,2020-11-17T03:20:12.838Z,sell,1.35e-06,95165.0,0.12847275
APPC/BTC,1605583355832,2020-11-17T03:22:35.832Z,buy,1.36e-06,137.0,0.00018632
APPC/BTC,1605585622890,2020-11-17T04:00:22.890Z,buy,1.36e-06,84.0,0.00011423999999999999
APPC/BTC,1605585732539,2020-11-17T04:02:12.539Z,sell,1.35e-06,5412.0,0.0073062
APPC/BTC,1605585732539,2020-11-17T04:02:12.539Z,sell,1.35e-06,5412.0,0.0073062
APPC/BTC,1605587213202,2020-11-17T04:26:53.202Z,sell,1.35e-06,35050.0,0.0473175
APPC/BTC,1605587317205,2020-11-17T04:28:37.205Z,buy,1.36e-06,221.0,0.00030055999999999995
APPC/BTC,1605587317205,2020-11-17T04:28:37.205Z,buy,1.37e-06,7470.0,0.0102339
APPC/BTC,1605588602766,2020-11-17T04:50:02.766Z,buy,1.37e-06,5423.0,0.00742951
APPC/BTC,1605588866391,2020-11-17T04:54:26.391Z,sell,1.36e-06,219.0,0.00029783999999999995
APPC/BTC,1605588886943,2020-11-17T04:54:46.943Z,sell,1.35e-06,159363.0,0.21514005
APPC/BTC,1605588903693,2020-11-17T04:55:03.693Z,buy,1.35e-06,178.0,0.00024029999999999999
APPC/BTC,1605588939785,2020-11-17T04:55:39.785Z,buy,1.35e-06,276.0,0.0003726
APPC/BTC,1605589039702,2020-11-17T04:57:19.702Z,buy,1.35e-06,111.0,0.00014985
APPC/BTC,1605589064497,2020-11-17T04:57:44.497Z,buy,1.35e-06,995.0,0.00134325
APPC/BTC,1605589110431,2020-11-17T04:58:30.431Z,buy,1.35e-06,135.0,0.00018225
APPC/BTC,1605589251823,2020-11-17T05:00:51.823Z,buy,1.35e-06,113.0,0.00015255
APPC/BTC,1605589326490,2020-11-17T05:02:06.490Z,buy,1.35e-06,181.0,0.00024435
APPC/BTC,1605589326490,2020-11-17T05:02:06.490Z,buy,1.35e-06,181.0,0.00024435
APPC/BTC,1605589362879,2020-11-17T05:02:42.879Z,buy,1.35e-06,481.0,0.00064935
APPC/BTC,1605589425295,2020-11-17T05:03:45.295Z,buy,1.35e-06,6337.0,0.00855495
APPC/BTC,1605589428923,2020-11-17T05:03:48.923Z,buy,1.35e-06,105.0,0.00014175
APPC/BTC,1605589519849,2020-11-17T05:05:19.849Z,buy,1.35e-06,164.0,0.0002214
APPC/BTC,1605589538921,2020-11-17T05:05:38.921Z,sell,1.34e-06,12564.0,0.01683576
APPC/BTC,1605589595828,2020-11-17T05:06:35.828Z,buy,1.35e-06,213.0,0.00028755
APPC/BTC,1605589646442,2020-11-17T05:07:26.442Z,buy,1.35e-06,108.0,0.0001458
APPC/BTC,1605589737593,2020-11-17T05:08:57.593Z,buy,1.35e-06,179.0,0.00024165
APPC/BTC,1605589752844,2020-11-17T05:09:12.844Z,buy,1.35e-06,120.0,0.000162
APPC/BTC,1605589818764,2020-11-17T05:10:18.764Z,buy,1.35e-06,118.0,0.0001593
APPC/BTC,1605589854717,2020-11-17T05:10:54.717Z,buy,1.35e-06,107.0,0.00014445
APPC/BTC,1605589882798,2020-11-17T05:11:22.798Z,buy,1.35e-06,115.0,0.00015525
APPC/BTC,1605591405679,2020-11-17T05:36:45.679Z,sell,1.35e-06,6356.0,0.0085806
APPC/BTC,1605592326066,2020-11-17T05:52:06.066Z,sell,1.35e-06,34965.0,0.04720275
APPC/BTC,1605592639622,2020-11-17T05:57:19.622Z,buy,1.36e-06,196.0,0.00026656
APPC/BTC,1605592639622,2020-11-17T05:57:19.622Z,buy,1.36e-06,196.0,0.00026656
APPC/BTC,1605593819844,2020-11-17T06:16:59.844Z,buy,1.36e-06,53129.0,0.07225543999999999
APPC/BTC,1605593819844,2020-11-17T06:16:59.844Z,buy,1.37e-06,101082.0,0.13848234
APPC/BTC,1605593821063,2020-11-17T06:17:01.063Z,sell,1.37e-06,1490.0,0.0020413000000000002
APPC/BTC,1605593856809,2020-11-17T06:17:36.809Z,buy,1.38e-06,17489.0,0.024134819999999998
APPC/BTC,1605593862904,2020-11-17T06:17:42.904Z,buy,1.37e-06,2230.0,0.0030551
APPC/BTC,1605593891281,2020-11-17T06:18:11.281Z,sell,1.37e-06,75.0,0.00010275
APPC/BTC,1605593932256,2020-11-17T06:18:52.256Z,sell,1.37e-06,90.0,0.0001233
APPC/BTC,1605594006527,2020-11-17T06:20:06.527Z,buy,1.38e-06,239.0,0.00032982
APPC/BTC,1605594006835,2020-11-17T06:20:06.835Z,sell,1.37e-06,74.0,0.00010138
APPC/BTC,1605594047485,2020-11-17T06:20:47.485Z,sell,1.37e-06,163.0,0.00022331
APPC/BTC,1605594124114,2020-11-17T06:22:04.114Z,sell,1.37e-06,154.0,0.00021098
APPC/BTC,1605594167281,2020-11-17T06:22:47.281Z,sell,1.37e-06,162.0,0.00022194
APPC/BTC,1605594309966,2020-11-17T06:25:09.966Z,sell,1.37e-06,105.0,0.00014385
APPC/BTC,1605594899760,2020-11-17T06:34:59.760Z,sell,1.37e-06,483.0,0.00066171
APPC/BTC,1605594899760,2020-11-17T06:34:59.760Z,sell,1.37e-06,483.0,0.00066171
APPC/BTC,1605597087969,2020-11-17T07:11:27.969Z,buy,1.38e-06,1340.0,0.0018491999999999998
APPC/BTC,1605597089943,2020-11-17T07:11:29.943Z,sell,1.38e-06,5097.0,0.007033859999999999
APPC/BTC,1605597242841,2020-11-17T07:14:02.841Z,sell,1.38e-06,4695.0,0.0064791
APPC/BTC,1605597447628,2020-11-17T07:17:27.628Z,sell,1.37e-06,4385.0,0.00600745
APPC/BTC,1605597455754,2020-11-17T07:17:35.754Z,buy,1.37e-06,151.0,0.00020687
APPC/BTC,1605597484907,2020-11-17T07:18:04.907Z,buy,1.37e-06,130.0,0.0001781
APPC/BTC,1605597518185,2020-11-17T07:18:38.185Z,buy,1.37e-06,201.0,0.00027537
APPC/BTC,1605597540593,2020-11-17T07:19:00.593Z,buy,1.37e-06,101.0,0.00013837
APPC/BTC,1605597541199,2020-11-17T07:19:01.199Z,buy,1.37e-06,73.0,0.00010001
APPC/BTC,1605597560728,2020-11-17T07:19:20.728Z,buy,1.37e-06,97.0,0.00013289
APPC/BTC,1605597576596,2020-11-17T07:19:36.596Z,buy,1.37e-06,204.0,0.00027948000000000003
APPC/BTC,1605597597170,2020-11-17T07:19:57.170Z,buy,1.37e-06,123.0,0.00016851
APPC/BTC,1605597605514,2020-11-17T07:20:05.514Z,buy,1.37e-06,4729.0,0.00647873
APPC/BTC,1605597617621,2020-11-17T07:20:17.621Z,buy,1.37e-06,86.0,0.00011782000000000001
APPC/BTC,1605597641896,2020-11-17T07:20:41.896Z,buy,1.37e-06,87.0,0.00011919
APPC/BTC,1605597691416,2020-11-17T07:21:31.416Z,buy,1.37e-06,249.0,0.00034113
APPC/BTC,1605597722617,2020-11-17T07:22:02.617Z,buy,1.37e-06,123.0,0.00016851
APPC/BTC,1605597723849,2020-11-17T07:22:03.849Z,buy,1.37e-06,96.0,0.00013152
APPC/BTC,1605597730946,2020-11-17T07:22:10.946Z,buy,1.37e-06,539.0,0.00073843
APPC/BTC,1605597755875,2020-11-17T07:22:35.875Z,sell,1.37e-06,420.0,0.0005754
APPC/BTC,1605597755875,2020-11-17T07:22:35.875Z,sell,1.36e-06,23267.0,0.03164312
APPC/BTC,1605597755875,2020-11-17T07:22:35.875Z,sell,1.35e-06,100782.0,0.1360557
APPC/BTC,1605597755910,2020-11-17T07:22:35.910Z,buy,1.35e-06,3407.0,0.00459945
APPC/BTC,1605597755993,2020-11-17T07:22:35.993Z,buy,1.35e-06,3954.0,0.0053379
APPC/BTC,1605597756085,2020-11-17T07:22:36.085Z,buy,1.35e-06,3954.0,0.0053379
APPC/BTC,1605597756206,2020-11-17T07:22:36.206Z,buy,1.35e-06,1331.0,0.00179685
APPC/BTC,1605597756517,2020-11-17T07:22:36.517Z,buy,1.35e-06,739.0,0.00099765
APPC/BTC,1605597771006,2020-11-17T07:22:51.006Z,buy,1.35e-06,15262.0,0.0206037
APPC/BTC,1605597782626,2020-11-17T07:23:02.626Z,buy,1.35e-06,1863.0,0.00251505
APPC/BTC,1605597793869,2020-11-17T07:23:13.869Z,buy,1.35e-06,276.0,0.0003726
APPC/BTC,1605597836386,2020-11-17T07:23:56.386Z,sell,1.34e-06,17762.0,0.023801080000000002
APPC/BTC,1605597876112,2020-11-17T07:24:36.112Z,buy,1.35e-06,222.0,0.0002997
APPC/BTC,1605597879538,2020-11-17T07:24:39.538Z,sell,1.35e-06,160.0,0.000216
APPC/BTC,1605597879587,2020-11-17T07:24:39.587Z,sell,1.35e-06,120.0,0.000162
APPC/BTC,1605597880345,2020-11-17T07:24:40.345Z,sell,1.35e-06,75.0,0.00010125
APPC/BTC,1605597936889,2020-11-17T07:25:36.889Z,sell,1.35e-06,1331.0,0.00179685
APPC/BTC,1605598172946,2020-11-17T07:29:32.946Z,sell,1.35e-06,727.0,0.00098145
APPC/BTC,1605598172946,2020-11-17T07:29:32.946Z,sell,1.35e-06,727.0,0.00098145
APPC/BTC,1605598523917,2020-11-17T07:35:23.917Z,sell,1.34e-06,2941.0,0.00394094
APPC/BTC,1605598527585,2020-11-17T07:35:27.585Z,buy,1.35e-06,383.0,0.00051705
APPC/BTC,1605598750312,2020-11-17T07:39:10.312Z,buy,1.35e-06,78.0,0.0001053
APPC/BTC,1605598775755,2020-11-17T07:39:35.755Z,buy,1.35e-06,135.0,0.00018225
APPC/BTC,1605598836421,2020-11-17T07:40:36.421Z,buy,1.35e-06,182.0,0.0002457
APPC/BTC,1605598892086,2020-11-17T07:41:32.086Z,buy,1.35e-06,119.0,0.00016065
APPC/BTC,1605598932542,2020-11-17T07:42:12.542Z,buy,1.35e-06,238.0,0.0003213
APPC/BTC,1605599199825,2020-11-17T07:46:39.825Z,buy,1.35e-06,198.0,0.0002673
APPC/BTC,1605599371814,2020-11-17T07:49:31.814Z,buy,1.35e-06,111.0,0.00014985
APPC/BTC,1605599558742,2020-11-17T07:52:38.742Z,buy,1.35e-06,181.0,0.00024435
APPC/BTC,1605599649744,2020-11-17T07:54:09.744Z,buy,1.35e-06,189.0,0.00025515
APPC/BTC,1605599917118,2020-11-17T07:58:37.118Z,buy,1.35e-06,97.0,0.00013095
APPC/BTC,1605600030495,2020-11-17T08:00:30.495Z,buy,1.35e-06,100.0,0.000135
APPC/BTC,1605600134081,2020-11-17T08:02:14.081Z,buy,1.35e-06,161.0,0.00021735
APPC/BTC,1605600765507,2020-11-17T08:12:45.507Z,buy,1.35e-06,172.0,0.0002322
APPC/BTC,1605600765635,2020-11-17T08:12:45.635Z,buy,1.35e-06,173.0,0.00023355
APPC/BTC,1605600961456,2020-11-17T08:16:01.456Z,buy,1.35e-06,246.0,0.0003321
APPC/BTC,1605600961542,2020-11-17T08:16:01.542Z,buy,1.35e-06,243.0,0.00032805
APPC/BTC,1605600961738,2020-11-17T08:16:01.738Z,buy,1.35e-06,250.0,0.0003375
APPC/BTC,1605600969435,2020-11-17T08:16:09.435Z,buy,1.35e-06,6243.0,0.00842805
APPC/BTC,1605601339538,2020-11-17T08:22:19.538Z,buy,1.35e-06,216.0,0.0002916
APPC/BTC,1605601389486,2020-11-17T08:23:09.486Z,buy,1.35e-06,225.0,0.00030375
APPC/BTC,1605601513604,2020-11-17T08:25:13.604Z,buy,1.35e-06,142.0,0.0001917
APPC/BTC,1605601567456,2020-11-17T08:26:07.456Z,sell,1.34e-06,5000.0,0.0067
APPC/BTC,1605601704164,2020-11-17T08:28:24.164Z,buy,1.35e-06,90.0,0.0001215
APPC/BTC,1605601718620,2020-11-17T08:28:38.620Z,buy,1.35e-06,1111.0,0.00149985
APPC/BTC,1605601718620,2020-11-17T08:28:38.620Z,buy,1.35e-06,1111.0,0.00149985
APPC/BTC,1605601938510,2020-11-17T08:32:18.510Z,buy,1.35e-06,9600.0,0.01296
APPC/BTC,1605602963541,2020-11-17T08:49:23.541Z,buy,1.36e-06,11811.0,0.016062959999999998
APPC/BTC,1605603010999,2020-11-17T08:50:10.999Z,sell,1.36e-06,75.0,0.00010199999999999999
APPC/BTC,1605604382999,2020-11-17T09:13:02.999Z,buy,1.36e-06,86.0,0.00011695999999999999
APPC/BTC,1605604382999,2020-11-17T09:13:02.999Z,buy,1.36e-06,86.0,0.00011695999999999999
APPC/BTC,1605605397548,2020-11-17T09:29:57.548Z,buy,1.36e-06,4017.0,0.005463119999999999
APPC/BTC,1605605397548,2020-11-17T09:29:57.548Z,buy,1.37e-06,54377.0,0.07449649
APPC/BTC,1605606126111,2020-11-17T09:42:06.111Z,sell,1.36e-06,944.0,0.0012838399999999999
APPC/BTC,1605606263503,2020-11-17T09:44:23.503Z,sell,1.36e-06,74.0,0.00010064
APPC/BTC,1605606483619,2020-11-17T09:48:03.619Z,buy,1.36e-06,138.0,0.00018768
APPC/BTC,1605606648273,2020-11-17T09:50:48.273Z,buy,1.36e-06,15050.0,0.020468
APPC/BTC,1605606684824,2020-11-17T09:51:24.824Z,sell,1.36e-06,10088.0,0.01371968
APPC/BTC,1605606753201,2020-11-17T09:52:33.201Z,buy,1.37e-06,4502.0,0.00616774
APPC/BTC,1605606973748,2020-11-17T09:56:13.748Z,buy,1.37e-06,16769.0,0.02297353
APPC/BTC,1605607014259,2020-11-17T09:56:54.259Z,sell,1.36e-06,220.0,0.00029919999999999995
APPC/BTC,1605607945596,2020-11-17T10:12:25.596Z,sell,1.36e-06,136.0,0.00018496
APPC/BTC,1605607953742,2020-11-17T10:12:33.742Z,sell,1.36e-06,196.0,0.00026656
APPC/BTC,1605607953742,2020-11-17T10:12:33.742Z,sell,1.36e-06,196.0,0.00026656
APPC/BTC,1605608045279,2020-11-17T10:14:05.279Z,sell,1.36e-06,127.0,0.00017271999999999999
APPC/BTC,1605608116928,2020-11-17T10:15:16.928Z,sell,1.36e-06,188.0,0.00025568
APPC/BTC,1605608174966,2020-11-17T10:16:14.966Z,sell,1.36e-06,94.0,0.00012784
APPC/BTC,1605608176243,2020-11-17T10:16:16.243Z,sell,1.36e-06,174.0,0.00023663999999999998
APPC/BTC,1605608212443,2020-11-17T10:16:52.443Z,sell,1.36e-06,113.0,0.00015367999999999998
APPC/BTC,1605608322500,2020-11-17T10:18:42.500Z,sell,1.36e-06,93.0,0.00012648
APPC/BTC,1605608333814,2020-11-17T10:18:53.814Z,sell,1.36e-06,150.0,0.00020399999999999997
APPC/BTC,1605608588009,2020-11-17T10:23:08.009Z,sell,1.36e-06,147.0,0.00019992
APPC/BTC,1605608630489,2020-11-17T10:23:50.489Z,sell,1.36e-06,135.0,0.0001836
APPC/BTC,1605608657393,2020-11-17T10:24:17.393Z,sell,1.36e-06,201.0,0.00027336
APPC/BTC,1605608844145,2020-11-17T10:27:24.145Z,sell,1.36e-06,145.0,0.0001972
APPC/BTC,1605608879402,2020-11-17T10:27:59.402Z,sell,1.36e-06,200.0,0.000272
APPC/BTC,1605608936733,2020-11-17T10:28:56.733Z,sell,1.36e-06,241.0,0.00032775999999999997
APPC/BTC,1605609003228,2020-11-17T10:30:03.228Z,sell,1.36e-06,137.0,0.00018632
APPC/BTC,1605609277506,2020-11-17T10:34:37.506Z,sell,1.36e-06,155.0,0.00021079999999999997
APPC/BTC,1605609344100,2020-11-17T10:35:44.100Z,sell,1.36e-06,232.0,0.00031551999999999996
APPC/BTC,1605609380096,2020-11-17T10:36:20.096Z,sell,1.36e-06,180.0,0.0002448
APPC/BTC,1605609397598,2020-11-17T10:36:37.598Z,sell,1.36e-06,117.0,0.00015911999999999998
APPC/BTC,1605609421624,2020-11-17T10:37:01.624Z,sell,1.36e-06,600.0,0.0008159999999999999
APPC/BTC,1605609784347,2020-11-17T10:43:04.347Z,sell,1.36e-06,394.0,0.00053584
APPC/BTC,1605609966550,2020-11-17T10:46:06.550Z,sell,1.36e-06,9211.0,0.012526959999999998
APPC/BTC,1605609979308,2020-11-17T10:46:19.308Z,buy,1.36e-06,198.0,0.00026928
APPC/BTC,1605610001818,2020-11-17T10:46:41.818Z,buy,1.36e-06,120.0,0.00016319999999999998
APPC/BTC,1605610001944,2020-11-17T10:46:41.944Z,buy,1.36e-06,120.0,0.00016319999999999998
APPC/BTC,1605610402891,2020-11-17T10:53:22.891Z,buy,1.36e-06,159.0,0.00021623999999999998
APPC/BTC,1605610519206,2020-11-17T10:55:19.206Z,buy,1.36e-06,315.0,0.00042839999999999995
APPC/BTC,1605610574418,2020-11-17T10:56:14.418Z,buy,1.36e-06,111.0,0.00015095999999999998
APPC/BTC,1605610715673,2020-11-17T10:58:35.673Z,buy,1.36e-06,103.0,0.00014008
APPC/BTC,1605610942505,2020-11-17T11:02:22.505Z,buy,1.36e-06,92.0,0.00012512
APPC/BTC,1605610942505,2020-11-17T11:02:22.505Z,buy,1.36e-06,92.0,0.00012512
APPC/BTC,1605612073409,2020-11-17T11:21:13.409Z,buy,1.36e-06,44.0,5.9839999999999996e-05
APPC/BTC,1605612118844,2020-11-17T11:21:58.844Z,buy,1.36e-06,3399.0,0.00462264
APPC/BTC,1605612162494,2020-11-17T11:22:42.494Z,buy,1.36e-06,1922.0,0.0026139199999999996
APPC/BTC,1605612273956,2020-11-17T11:24:33.956Z,sell,1.35e-06,1595.0,0.0021532499999999998
APPC/BTC,1605612299813,2020-11-17T11:24:59.813Z,sell,1.35e-06,11990.0,0.0161865
APPC/BTC,1605612366244,2020-11-17T11:26:06.244Z,sell,1.35e-06,75.0,0.00010125
APPC/BTC,1605612399576,2020-11-17T11:26:39.576Z,buy,1.36e-06,1409.0,0.0019162399999999998
APPC/BTC,1605612624438,2020-11-17T11:30:24.438Z,sell,1.35e-06,211.0,0.00028485
APPC/BTC,1605612647868,2020-11-17T11:30:47.868Z,sell,1.35e-06,9761.0,0.01317735
APPC/BTC,1605612683508,2020-11-17T11:31:23.508Z,buy,1.35e-06,138.0,0.0001863
APPC/BTC,1605612770997,2020-11-17T11:32:50.997Z,sell,1.34e-06,14144.0,0.01895296
APPC/BTC,1605612771024,2020-11-17T11:32:51.024Z,sell,1.34e-06,4535.0,0.0060769000000000005
APPC/BTC,1605612787826,2020-11-17T11:33:07.826Z,sell,1.33e-06,3314.0,0.00440762
APPC/BTC,1605612787866,2020-11-17T11:33:07.866Z,buy,1.33e-06,2239.0,0.00297787
APPC/BTC,1605612818799,2020-11-17T11:33:38.799Z,buy,1.33e-06,104.0,0.00013832
APPC/BTC,1605612821157,2020-11-17T11:33:41.157Z,buy,1.33e-06,526.0,0.00069958
APPC/BTC,1605612824772,2020-11-17T11:33:44.772Z,buy,1.33e-06,7503.0,0.00997899
APPC/BTC,1605612839382,2020-11-17T11:33:59.382Z,buy,1.33e-06,283.0,0.00037639
APPC/BTC,1605612851343,2020-11-17T11:34:11.343Z,buy,1.33e-06,76.0,0.00010108
APPC/BTC,1605612859727,2020-11-17T11:34:19.727Z,buy,1.33e-06,283.0,0.00037639
APPC/BTC,1605612866712,2020-11-17T11:34:26.712Z,buy,1.33e-06,138.0,0.00018354
APPC/BTC,1605612895078,2020-11-17T11:34:55.078Z,buy,1.33e-06,122.0,0.00016226
APPC/BTC,1605612927309,2020-11-17T11:35:27.309Z,buy,1.33e-06,118.0,0.00015694
APPC/BTC,1605612937889,2020-11-17T11:35:37.889Z,buy,1.33e-06,78.0,0.00010373999999999999
APPC/BTC,1605612984605,2020-11-17T11:36:24.605Z,buy,1.33e-06,188.0,0.00025004
APPC/BTC,1605613010939,2020-11-17T11:36:50.939Z,buy,1.33e-06,93.0,0.00012369
APPC/BTC,1605613042284,2020-11-17T11:37:22.284Z,buy,1.33e-06,392.0,0.00052136
APPC/BTC,1605613171653,2020-11-17T11:39:31.653Z,buy,1.33e-06,634.0,0.00084322
APPC/BTC,1605613176394,2020-11-17T11:39:36.394Z,sell,1.32e-06,600.0,0.0007920000000000001
APPC/BTC,1605613176584,2020-11-17T11:39:36.584Z,sell,1.32e-06,26503.0,0.03498396
APPC/BTC,1605613200799,2020-11-17T11:40:00.799Z,sell,1.32e-06,6922.0,0.00913704
APPC/BTC,1605613216807,2020-11-17T11:40:16.807Z,sell,1.32e-06,11504.0,0.01518528
APPC/BTC,1605613279789,2020-11-17T11:41:19.789Z,buy,1.33e-06,225.0,0.00029925
APPC/BTC,1605613279789,2020-11-17T11:41:19.789Z,buy,1.34e-06,1915.0,0.0025661
APPC/BTC,1605613353240,2020-11-17T11:42:33.240Z,sell,1.33e-06,76.0,0.00010108
APPC/BTC,1605613353240,2020-11-17T11:42:33.240Z,sell,1.32e-06,1924.0,0.0025396800000000003
APPC/BTC,1605613409158,2020-11-17T11:43:29.158Z,sell,1.32e-06,6901.0,0.00910932
APPC/BTC,1605613617295,2020-11-17T11:46:57.295Z,sell,1.32e-06,4422.0,0.00583704
APPC/BTC,1605613829309,2020-11-17T11:50:29.309Z,buy,1.34e-06,7447.0,0.00997898
APPC/BTC,1605614430522,2020-11-17T12:00:30.522Z,buy,1.34e-06,101.0,0.00013534000000000002
APPC/BTC,1605614430522,2020-11-17T12:00:30.522Z,buy,1.34e-06,101.0,0.00013534000000000002
APPC/BTC,1605615241248,2020-11-17T12:14:01.248Z,sell,1.33e-06,178.0,0.00023674
APPC/BTC,1605615580651,2020-11-17T12:19:40.651Z,sell,1.33e-06,1289.0,0.00171437
APPC/BTC,1605615684826,2020-11-17T12:21:24.826Z,buy,1.33e-06,140.0,0.0001862
APPC/BTC,1605615685068,2020-11-17T12:21:25.068Z,buy,1.33e-06,1302.0,0.0017316599999999999
APPC/BTC,1605615740726,2020-11-17T12:22:20.726Z,buy,1.34e-06,1163.0,0.00155842
APPC/BTC,1605615856219,2020-11-17T12:24:16.219Z,sell,1.33e-06,1726.0,0.0022955799999999998
APPC/BTC,1605615879615,2020-11-17T12:24:39.615Z,sell,1.33e-06,771.0,0.00102543
APPC/BTC,1605615934160,2020-11-17T12:25:34.160Z,buy,1.34e-06,746.0,0.00099964
APPC/BTC,1605616348455,2020-11-17T12:32:28.455Z,buy,1.34e-06,23580.0,0.0315972
APPC/BTC,1605616359522,2020-11-17T12:32:39.522Z,sell,1.34e-06,4453.0,0.00596702
APPC/BTC,1605616391517,2020-11-17T12:33:11.517Z,sell,1.34e-06,9206.0,0.012336040000000001
APPC/BTC,1605616984770,2020-11-17T12:43:04.770Z,sell,1.33e-06,14145.0,0.01881285
APPC/BTC,1605617747594,2020-11-17T12:55:47.594Z,buy,1.34e-06,514.0,0.0006887600000000001
APPC/BTC,1605617747594,2020-11-17T12:55:47.594Z,buy,1.34e-06,514.0,0.0006887600000000001
APPC/BTC,1605618125183,2020-11-17T13:02:05.183Z,sell,1.33e-06,970.0,0.0012901
APPC/BTC,1605618731574,2020-11-17T13:12:11.574Z,sell,1.33e-06,3931.0,0.0052282299999999995
APPC/BTC,1605618734532,2020-11-17T13:12:14.532Z,buy,1.33e-06,1069.0,0.00142177
APPC/BTC,1605619466020,2020-11-17T13:24:26.020Z,buy,1.34e-06,16373.0,0.021939820000000002
APPC/BTC,1605619682802,2020-11-17T13:28:02.802Z,buy,1.34e-06,8729.0,0.011696860000000002
APPC/BTC,1605619764256,2020-11-17T13:29:24.256Z,sell,1.34e-06,131.0,0.00017554000000000002
APPC/BTC,1605619780195,2020-11-17T13:29:40.195Z,sell,1.34e-06,399.0,0.0005346600000000001
APPC/BTC,1605619824140,2020-11-17T13:30:24.140Z,sell,1.34e-06,199.0,0.00026666
APPC/BTC,1605619885986,2020-11-17T13:31:25.986Z,sell,1.34e-06,1108.0,0.0014847200000000001
APPC/BTC,1605620304716,2020-11-17T13:38:24.716Z,sell,1.33e-06,85.0,0.00011305
APPC/BTC,1605620556331,2020-11-17T13:42:36.331Z,buy,1.34e-06,2347.0,0.0031449800000000003
APPC/BTC,1605620775276,2020-11-17T13:46:15.276Z,sell,1.33e-06,14192.0,0.01887536
APPC/BTC,1605620965473,2020-11-17T13:49:25.473Z,sell,1.33e-06,3329.0,0.00442757
APPC/BTC,1605621151409,2020-11-17T13:52:31.409Z,sell,1.32e-06,2031.0,0.0026809200000000003
APPC/BTC,1605621215934,2020-11-17T13:53:35.934Z,buy,1.33e-06,140.0,0.0001862
APPC/BTC,1605621215934,2020-11-17T13:53:35.934Z,buy,1.33e-06,140.0,0.0001862
APPC/BTC,1605621638257,2020-11-17T14:00:38.257Z,buy,1.33e-06,85.0,0.00011305
APPC/BTC,1605622446922,2020-11-17T14:14:06.922Z,sell,1.33e-06,90.0,0.0001197
APPC/BTC,1605622499704,2020-11-17T14:14:59.704Z,sell,1.33e-06,6236.0,0.00829388
APPC/BTC,1605622577308,2020-11-17T14:16:17.308Z,sell,1.33e-06,981.0,0.00130473
APPC/BTC,1605622884411,2020-11-17T14:21:24.411Z,sell,1.33e-06,652.0,0.00086716
APPC/BTC,1605623205833,2020-11-17T14:26:45.833Z,sell,1.33e-06,1500.0,0.001995
APPC/BTC,1605623397062,2020-11-17T14:29:57.062Z,sell,1.33e-06,16373.0,0.021776089999999998
APPC/BTC,1605623441673,2020-11-17T14:30:41.673Z,sell,1.33e-06,673.0,0.00089509
APPC/BTC,1605623441673,2020-11-17T14:30:41.673Z,sell,1.32e-06,23230.0,0.030663600000000003
APPC/BTC,1605623585213,2020-11-17T14:33:05.213Z,sell,1.32e-06,970.0,0.0012804000000000001
APPC/BTC,1605624628102,2020-11-17T14:50:28.102Z,sell,1.32e-06,3007.0,0.003969240000000001
APPC/BTC,1605624628102,2020-11-17T14:50:28.102Z,sell,1.32e-06,3007.0,0.003969240000000001
APPC/BTC,1605624950841,2020-11-17T14:55:50.841Z,sell,1.32e-06,573.0,0.0007563600000000001
APPC/BTC,1605624952965,2020-11-17T14:55:52.965Z,sell,1.31e-06,4402.0,0.00576662
APPC/BTC,1605624952965,2020-11-17T14:55:52.965Z,sell,1.31e-06,1753.0,0.00229643
APPC/BTC,1605624954144,2020-11-17T14:55:54.144Z,buy,1.32e-06,3898.0,0.00514536
APPC/BTC,1605624992631,2020-11-17T14:56:32.631Z,buy,1.32e-06,203.0,0.00026796000000000003
APPC/BTC,1605625281970,2020-11-17T15:01:21.970Z,sell,1.31e-06,250.0,0.0003275
APPC/BTC,1605625322144,2020-11-17T15:02:02.144Z,sell,1.31e-06,8352.0,0.01094112
APPC/BTC,1605625322492,2020-11-17T15:02:02.492Z,buy,1.31e-06,133.0,0.00017423
APPC/BTC,1605625352108,2020-11-17T15:02:32.108Z,buy,1.31e-06,125.0,0.00016375
APPC/BTC,1605625368996,2020-11-17T15:02:48.996Z,sell,1.3e-06,10000.0,0.013000000000000001
APPC/BTC,1605625368996,2020-11-17T15:02:48.996Z,sell,1.3e-06,1468.0,0.0019084
APPC/BTC,1605625374425,2020-11-17T15:02:54.425Z,buy,1.31e-06,275.0,0.00036025
APPC/BTC,1605625387726,2020-11-17T15:03:07.726Z,sell,1.3e-06,970.0,0.001261
APPC/BTC,1605625479976,2020-11-17T15:04:39.976Z,sell,1.3e-06,287.0,0.0003731
APPC/BTC,1605625486715,2020-11-17T15:04:46.715Z,sell,1.3e-06,23680.0,0.030784000000000002
APPC/BTC,1605625749283,2020-11-17T15:09:09.283Z,sell,1.3e-06,600.0,0.00078
APPC/BTC,1605625967911,2020-11-17T15:12:47.911Z,buy,1.31e-06,181.0,0.00023710999999999998
APPC/BTC,1605626037876,2020-11-17T15:13:57.876Z,buy,1.31e-06,233.0,0.00030523
APPC/BTC,1605626112905,2020-11-17T15:15:12.905Z,buy,1.31e-06,608.0,0.00079648
APPC/BTC,1605626113077,2020-11-17T15:15:13.077Z,buy,1.31e-06,193.0,0.00025283
APPC/BTC,1605626213115,2020-11-17T15:16:53.115Z,buy,1.31e-06,129.0,0.00016899
APPC/BTC,1605626213438,2020-11-17T15:16:53.438Z,buy,1.31e-06,130.0,0.0001703
APPC/BTC,1605626266547,2020-11-17T15:17:46.547Z,buy,1.31e-06,208.0,0.00027247999999999997
APPC/BTC,1605626266784,2020-11-17T15:17:46.784Z,buy,1.31e-06,207.0,0.00027117
APPC/BTC,1605626271964,2020-11-17T15:17:51.964Z,buy,1.31e-06,221.0,0.00028951
APPC/BTC,1605626357629,2020-11-17T15:19:17.629Z,buy,1.31e-06,453.0,0.0005934299999999999
APPC/BTC,1605626357770,2020-11-17T15:19:17.770Z,buy,1.31e-06,231.0,0.00030261
APPC/BTC,1605626464719,2020-11-17T15:21:04.719Z,buy,1.31e-06,87.0,0.00011397
APPC/BTC,1605626485075,2020-11-17T15:21:25.075Z,buy,1.31e-06,138.0,0.00018078
APPC/BTC,1605626552152,2020-11-17T15:22:32.152Z,buy,1.31e-06,428.0,0.00056068
APPC/BTC,1605626552336,2020-11-17T15:22:32.336Z,buy,1.31e-06,202.0,0.00026461999999999997
APPC/BTC,1605626572502,2020-11-17T15:22:52.502Z,sell,1.3e-06,306.0,0.0003978
APPC/BTC,1605626601660,2020-11-17T15:23:21.660Z,sell,1.29e-06,14857.0,0.01916553
APPC/BTC,1605626608528,2020-11-17T15:23:28.528Z,buy,1.3e-06,78.0,0.0001014
APPC/BTC,1605626646364,2020-11-17T15:24:06.364Z,buy,1.3e-06,846.0,0.0010998
APPC/BTC,1605626646793,2020-11-17T15:24:06.793Z,buy,1.3e-06,124.0,0.00016120000000000002
APPC/BTC,1605626646952,2020-11-17T15:24:06.952Z,buy,1.31e-06,124.0,0.00016244
APPC/BTC,1605626646969,2020-11-17T15:24:06.969Z,sell,1.3e-06,722.0,0.0009386
APPC/BTC,1605626647225,2020-11-17T15:24:07.225Z,buy,1.3e-06,3814.0,0.0049582
APPC/BTC,1605626647502,2020-11-17T15:24:07.502Z,buy,1.3e-06,880.0,0.001144
APPC/BTC,1605626647802,2020-11-17T15:24:07.802Z,buy,1.3e-06,265.0,0.0003445
APPC/BTC,1605626647802,2020-11-17T15:24:07.802Z,buy,1.31e-06,880.0,0.0011528
APPC/BTC,1605626649680,2020-11-17T15:24:09.680Z,buy,1.31e-06,970.0,0.0012707
APPC/BTC,1605626707273,2020-11-17T15:25:07.273Z,buy,1.3e-06,1598.0,0.0020774
APPC/BTC,1605626707434,2020-11-17T15:25:07.434Z,buy,1.3e-06,480.0,0.000624
APPC/BTC,1605626707434,2020-11-17T15:25:07.434Z,buy,1.31e-06,1598.0,0.0020933799999999997
APPC/BTC,1605626730938,2020-11-17T15:25:30.938Z,buy,1.31e-06,1598.0,0.0020933799999999997
APPC/BTC,1605627124050,2020-11-17T15:32:04.050Z,buy,1.3e-06,450.0,0.000585
APPC/BTC,1605627397075,2020-11-17T15:36:37.075Z,buy,1.31e-06,179064.0,0.23457383999999998
APPC/BTC,1605627397075,2020-11-17T15:36:37.075Z,buy,1.32e-06,8637.0,0.01140084
APPC/BTC,1605627397075,2020-11-17T15:36:37.075Z,buy,1.33e-06,86428.0,0.11494924
APPC/BTC,1605627397075,2020-11-17T15:36:37.075Z,buy,1.34e-06,92630.0,0.1241242
APPC/BTC,1605627397075,2020-11-17T15:36:37.075Z,buy,1.35e-06,1210.0,0.0016335
APPC/BTC,1605627397075,2020-11-17T15:36:37.075Z,buy,1.36e-06,7641.0,0.01039176
APPC/BTC,1605627397075,2020-11-17T15:36:37.075Z,buy,1.37e-06,390.0,0.0005343
APPC/BTC,1605627397314,2020-11-17T15:36:37.314Z,sell,1.32e-06,3781.0,0.00499092
APPC/BTC,1605627397453,2020-11-17T15:36:37.453Z,sell,1.29e-06,1864.0,0.00240456
APPC/BTC,1605627399809,2020-11-17T15:36:39.809Z,buy,1.31e-06,146.0,0.00019125999999999998
APPC/BTC,1605627400038,2020-11-17T15:36:40.038Z,buy,1.31e-06,145.0,0.00018994999999999998
APPC/BTC,1605627400252,2020-11-17T15:36:40.252Z,buy,1.31e-06,147.0,0.00019256999999999998
APPC/BTC,1605627400369,2020-11-17T15:36:40.369Z,buy,1.31e-06,150.0,0.0001965
APPC/BTC,1605627400622,2020-11-17T15:36:40.622Z,buy,1.31e-06,149.0,0.00019518999999999998
APPC/BTC,1605627402644,2020-11-17T15:36:42.644Z,sell,1.3e-06,1917.0,0.0024921
APPC/BTC,1605627403486,2020-11-17T15:36:43.486Z,buy,1.31e-06,565.0,0.00074015
APPC/BTC,1605627403486,2020-11-17T15:36:43.486Z,buy,1.32e-06,19331.0,0.025516920000000002
APPC/BTC,1605627403595,2020-11-17T15:36:43.595Z,buy,1.32e-06,75.0,9.900000000000001e-05
APPC/BTC,1605627405492,2020-11-17T15:36:45.492Z,buy,1.32e-06,79.0,0.00010428000000000001
APPC/BTC,1605627407389,2020-11-17T15:36:47.389Z,buy,1.31e-06,75.0,9.825e-05
APPC/BTC,1605627408406,2020-11-17T15:36:48.406Z,buy,1.31e-06,76.0,9.956e-05
APPC/BTC,1605627409647,2020-11-17T15:36:49.647Z,buy,1.32e-06,95.0,0.0001254
APPC/BTC,1605627423313,2020-11-17T15:37:03.313Z,sell,1.31e-06,816.0,0.0010689599999999999
APPC/BTC,1605627424919,2020-11-17T15:37:04.919Z,buy,1.32e-06,154.0,0.00020328000000000002
APPC/BTC,1605627425390,2020-11-17T15:37:05.390Z,sell,1.31e-06,78.0,0.00010218
APPC/BTC,1605627434925,2020-11-17T15:37:14.925Z,sell,1.31e-06,77.0,0.00010087
APPC/BTC,1605627472959,2020-11-17T15:37:52.959Z,buy,1.32e-06,98959.0,0.13062588
APPC/BTC,1605627473361,2020-11-17T15:37:53.361Z,sell,1.32e-06,833.0,0.00109956
APPC/BTC,1605627473404,2020-11-17T15:37:53.404Z,sell,1.32e-06,208.0,0.00027456000000000003
APPC/BTC,1605627485699,2020-11-17T15:38:05.699Z,sell,1.31e-06,2781.0,0.0036431099999999998
APPC/BTC,1605627485699,2020-11-17T15:38:05.699Z,sell,1.3e-06,229.0,0.0002977
APPC/BTC,1605627485699,2020-11-17T15:38:05.699Z,sell,1.29e-06,2493.0,0.00321597
APPC/BTC,1605627485699,2020-11-17T15:38:05.699Z,sell,1.28e-06,497.0,0.00063616
APPC/BTC,1605627485699,2020-11-17T15:38:05.699Z,sell,1.28e-06,1012.0,0.00129536
APPC/BTC,1605627489748,2020-11-17T15:38:09.748Z,sell,1.29e-06,154.0,0.00019866
APPC/BTC,1605627490468,2020-11-17T15:38:10.468Z,buy,1.29e-06,3099.0,0.00399771
APPC/BTC,1605627494253,2020-11-17T15:38:14.253Z,sell,1.28e-06,682.0,0.00087296
APPC/BTC,1605627495440,2020-11-17T15:38:15.440Z,buy,1.31e-06,77.0,0.00010087
APPC/BTC,1605627498516,2020-11-17T15:38:18.516Z,sell,1.29e-06,79.0,0.00010190999999999999
APPC/BTC,1605627506058,2020-11-17T15:38:26.058Z,sell,1.29e-06,132.0,0.00017028
APPC/BTC,1605627506058,2020-11-17T15:38:26.058Z,sell,1.28e-06,7285.0,0.0093248
APPC/BTC,1605627509687,2020-11-17T15:38:29.687Z,buy,1.29e-06,545.0,0.00070305
APPC/BTC,1605627545787,2020-11-17T15:39:05.787Z,sell,1.29e-06,970.0,0.0012513
APPC/BTC,1605627876268,2020-11-17T15:44:36.268Z,sell,1.29e-06,600.0,0.000774
APPC/BTC,1605627921829,2020-11-17T15:45:21.829Z,buy,1.3e-06,914.0,0.0011882000000000002
APPC/BTC,1605627928385,2020-11-17T15:45:28.385Z,buy,1.31e-06,10800.0,0.014147999999999999
APPC/BTC,1605627945480,2020-11-17T15:45:45.480Z,sell,1.3e-06,120.0,0.000156
APPC/BTC,1605627971795,2020-11-17T15:46:11.795Z,sell,1.3e-06,1004.0,0.0013052
APPC/BTC,1605628136506,2020-11-17T15:48:56.506Z,sell,1.3e-06,100.0,0.00013000000000000002
APPC/BTC,1605628139998,2020-11-17T15:48:59.998Z,sell,1.3e-06,51.0,6.63e-05
APPC/BTC,1605628139998,2020-11-17T15:48:59.998Z,sell,1.29e-06,73.0,9.417e-05
APPC/BTC,1605628142600,2020-11-17T15:49:02.600Z,sell,1.29e-06,122.0,0.00015738
APPC/BTC,1605628145143,2020-11-17T15:49:05.143Z,sell,1.29e-06,124.0,0.00015995999999999998
APPC/BTC,1605628145253,2020-11-17T15:49:05.253Z,sell,1.29e-06,124.0,0.00015995999999999998
APPC/BTC,1605628151190,2020-11-17T15:49:11.190Z,sell,1.29e-06,100.0,0.000129
APPC/BTC,1605628154298,2020-11-17T15:49:14.298Z,sell,1.29e-06,100.0,0.000129
APPC/BTC,1605628154871,2020-11-17T15:49:14.871Z,sell,1.29e-06,100.0,0.000129
APPC/BTC,1605628157786,2020-11-17T15:49:17.786Z,sell,1.29e-06,124.0,0.00015995999999999998
APPC/BTC,1605628162140,2020-11-17T15:49:22.140Z,sell,1.29e-06,134.0,0.00017286
APPC/BTC,1605628166879,2020-11-17T15:49:26.879Z,sell,1.29e-06,145.0,0.00018705
APPC/BTC,1605628173550,2020-11-17T15:49:33.550Z,sell,1.29e-06,124.0,0.00015995999999999998
APPC/BTC,1605628176508,2020-11-17T15:49:36.508Z,sell,1.29e-06,134.0,0.00017286
APPC/BTC,1605628179193,2020-11-17T15:49:39.193Z,sell,1.29e-06,154.0,0.00019866
APPC/BTC,1605628179340,2020-11-17T15:49:39.340Z,sell,1.29e-06,154.0,0.00019866
APPC/BTC,1605628181648,2020-11-17T15:49:41.648Z,sell,1.29e-06,124.0,0.00015995999999999998
APPC/BTC,1605628184025,2020-11-17T15:49:44.025Z,sell,1.29e-06,137.0,0.00017673
APPC/BTC,1605628186772,2020-11-17T15:49:46.772Z,sell,1.29e-06,127.0,0.00016382999999999998
APPC/BTC,1605628186936,2020-11-17T15:49:46.936Z,sell,1.29e-06,127.0,0.00016382999999999998
APPC/BTC,1605628189239,2020-11-17T15:49:49.239Z,sell,1.29e-06,137.0,0.00017673
APPC/BTC,1605628193405,2020-11-17T15:49:53.405Z,sell,1.29e-06,127.0,0.00016382999999999998
APPC/BTC,1605628196065,2020-11-17T15:49:56.065Z,sell,1.29e-06,127.0,0.00016382999999999998
APPC/BTC,1605628198805,2020-11-17T15:49:58.805Z,sell,1.29e-06,127.0,0.00016382999999999998
APPC/BTC,1605628201476,2020-11-17T15:50:01.476Z,sell,1.29e-06,127.0,0.00016382999999999998
APPC/BTC,1605628203997,2020-11-17T15:50:03.997Z,sell,1.29e-06,127.0,0.00016382999999999998
APPC/BTC,1605628204050,2020-11-17T15:50:04.050Z,sell,1.29e-06,127.0,0.00016382999999999998
APPC/BTC,1605628207397,2020-11-17T15:50:07.397Z,sell,1.29e-06,127.0,0.00016382999999999998
APPC/BTC,1605628207546,2020-11-17T15:50:07.546Z,sell,1.29e-06,127.0,0.00016382999999999998
APPC/BTC,1605628209898,2020-11-17T15:50:09.898Z,sell,1.29e-06,127.0,0.00016382999999999998
APPC/BTC,1605628210022,2020-11-17T15:50:10.022Z,sell,1.29e-06,127.0,0.00016382999999999998
APPC/BTC,1605628213180,2020-11-17T15:50:13.180Z,sell,1.29e-06,124.0,0.00015995999999999998
APPC/BTC,1605628215806,2020-11-17T15:50:15.806Z,sell,1.29e-06,126.0,0.00016254
APPC/BTC,1605628219644,2020-11-17T15:50:19.644Z,sell,1.29e-06,124.0,0.00015995999999999998
APPC/BTC,1605628222443,2020-11-17T15:50:22.443Z,sell,1.29e-06,124.0,0.00015995999999999998
APPC/BTC,1605628225361,2020-11-17T15:50:25.361Z,sell,1.29e-06,124.0,0.00015995999999999998
APPC/BTC,1605628225361,2020-11-17T15:50:25.361Z,sell,1.29e-06,124.0,0.00015995999999999998
APPC/BTC,1605628322213,2020-11-17T15:52:02.213Z,sell,1.3e-06,80.0,0.00010400000000000001
APPC/BTC,1605628577512,2020-11-17T15:56:17.512Z,buy,1.31e-06,5172.0,0.00677532
APPC/BTC,1605628585020,2020-11-17T15:56:25.020Z,sell,1.31e-06,2624.0,0.00343744
APPC/BTC,1605628598845,2020-11-17T15:56:38.845Z,sell,1.3e-06,7343.0,0.0095459
APPC/BTC,1605628612669,2020-11-17T15:56:52.669Z,sell,1.29e-06,14469.0,0.01866501
APPC/BTC,1605628799062,2020-11-17T15:59:59.062Z,buy,1.3e-06,78.0,0.0001014
APPC/BTC,1605628799062,2020-11-17T15:59:59.062Z,buy,1.31e-06,6107.0,0.00800017
APPC/BTC,1605628910025,2020-11-17T16:01:50.025Z,sell,1.31e-06,4487.0,0.00587797
APPC/BTC,1605629009190,2020-11-17T16:03:29.190Z,sell,1.3e-06,1159.0,0.0015067000000000001
APPC/BTC,1605629290827,2020-11-17T16:08:10.827Z,sell,1.3e-06,611.0,0.0007943000000000001
APPC/BTC,1605630446614,2020-11-17T16:27:26.614Z,buy,1.31e-06,7989.0,0.01046559
APPC/BTC,1605630455831,2020-11-17T16:27:35.831Z,buy,1.31e-06,1997.0,0.00261607
APPC/BTC,1605630461094,2020-11-17T16:27:41.094Z,buy,1.31e-06,1498.0,0.00196238
APPC/BTC,1605630488047,2020-11-17T16:28:08.047Z,sell,1.31e-06,77.0,0.00010087
APPC/BTC,1605630518207,2020-11-17T16:28:38.207Z,sell,1.31e-06,5769.0,0.00755739
APPC/BTC,1605630545340,2020-11-17T16:29:05.340Z,sell,1.31e-06,171.0,0.00022401
APPC/BTC,1605630549304,2020-11-17T16:29:09.304Z,sell,1.31e-06,1542.0,0.00202002
APPC/BTC,1605630941996,2020-11-17T16:35:41.996Z,sell,1.3e-06,111.0,0.0001443
APPC/BTC,1605630988497,2020-11-17T16:36:28.497Z,sell,1.3e-06,103.0,0.0001339
APPC/BTC,1605631052796,2020-11-17T16:37:32.796Z,sell,1.3e-06,237.0,0.0003081
APPC/BTC,1605631166900,2020-11-17T16:39:26.900Z,sell,1.3e-06,137.0,0.00017810000000000002
APPC/BTC,1605631185562,2020-11-17T16:39:45.562Z,sell,1.3e-06,531.0,0.0006903
APPC/BTC,1605631238527,2020-11-17T16:40:38.527Z,sell,1.3e-06,113.0,0.0001469
APPC/BTC,1605631239787,2020-11-17T16:40:39.787Z,sell,1.3e-06,199.0,0.0002587
APPC/BTC,1605631278993,2020-11-17T16:41:18.993Z,sell,1.3e-06,7473.0,0.0097149
APPC/BTC,1605631454418,2020-11-17T16:44:14.418Z,sell,1.3e-06,120.0,0.000156
APPC/BTC,1605631493691,2020-11-17T16:44:53.691Z,sell,1.3e-06,147.0,0.0001911
APPC/BTC,1605631516910,2020-11-17T16:45:16.910Z,sell,1.3e-06,6140.0,0.007982
APPC/BTC,1605631516910,2020-11-17T16:45:16.910Z,sell,1.3e-06,6140.0,0.007982
APPC/BTC,1605632017489,2020-11-17T16:53:37.489Z,buy,1.31e-06,173.0,0.00022663
APPC/BTC,1605632216704,2020-11-17T16:56:56.704Z,sell,1.3e-06,534.0,0.0006942000000000001
APPC/BTC,1605632575776,2020-11-17T17:02:55.776Z,sell,1.3e-06,23078.0,0.0300014
APPC/BTC,1605632753416,2020-11-17T17:05:53.416Z,sell,1.29e-06,78.0,0.00010062
APPC/BTC,1605632762441,2020-11-17T17:06:02.441Z,buy,1.29e-06,32184.0,0.041517359999999996
APPC/BTC,1605632762734,2020-11-17T17:06:02.734Z,buy,1.29e-06,78.0,0.00010062
APPC/BTC,1605632765072,2020-11-17T17:06:05.072Z,buy,1.29e-06,24255.0,0.031288949999999996
APPC/BTC,1605632771616,2020-11-17T17:06:11.616Z,buy,1.29e-06,22644.0,0.02921076
APPC/BTC,1605632775553,2020-11-17T17:06:15.553Z,buy,1.29e-06,16170.0,0.020859299999999997
APPC/BTC,1605632779726,2020-11-17T17:06:19.726Z,buy,1.29e-06,20989.0,0.02707581
APPC/BTC,1605632884324,2020-11-17T17:08:04.324Z,buy,1.3e-06,2347.0,0.0030511
APPC/BTC,1605632890973,2020-11-17T17:08:10.973Z,buy,1.3e-06,3587.0,0.0046631
APPC/BTC,1605632895541,2020-11-17T17:08:15.541Z,sell,1.29e-06,329.0,0.00042440999999999996
APPC/BTC,1605633041140,2020-11-17T17:10:41.140Z,buy,1.3e-06,6199.0,0.0080587
APPC/BTC,1605633455901,2020-11-17T17:17:35.901Z,sell,1.29e-06,1620.0,0.0020897999999999997
APPC/BTC,1605633625610,2020-11-17T17:20:25.610Z,buy,1.3e-06,5486.0,0.007131800000000001
APPC/BTC,1605633625610,2020-11-17T17:20:25.610Z,buy,1.31e-06,43695.0,0.05724045
APPC/BTC,1605633625697,2020-11-17T17:20:25.697Z,sell,1.31e-06,2837.0,0.00371647
APPC/BTC,1605633625766,2020-11-17T17:20:25.766Z,sell,1.31e-06,1999.0,0.00261869
APPC/BTC,1605633625800,2020-11-17T17:20:25.800Z,sell,1.31e-06,1691.0,0.00221521
APPC/BTC,1605633731790,2020-11-17T17:22:11.790Z,buy,1.31e-06,344.0,0.00045064
APPC/BTC,1605633897073,2020-11-17T17:24:57.073Z,buy,1.32e-06,1287.0,0.00169884
APPC/BTC,1605634021999,2020-11-17T17:27:01.999Z,sell,1.31e-06,143.0,0.00018732999999999998
APPC/BTC,1605634055895,2020-11-17T17:27:35.895Z,sell,1.31e-06,379.0,0.0004964899999999999
APPC/BTC,1605634104269,2020-11-17T17:28:24.269Z,sell,1.31e-06,773.0,0.00101263
APPC/BTC,1605634181634,2020-11-17T17:29:41.634Z,sell,1.3e-06,157.0,0.0002041
APPC/BTC,1605634231405,2020-11-17T17:30:31.405Z,sell,1.3e-06,203.0,0.0002639
APPC/BTC,1605634332289,2020-11-17T17:32:12.289Z,sell,1.3e-06,91.0,0.0001183
APPC/BTC,1605634339543,2020-11-17T17:32:19.543Z,sell,1.3e-06,1300.0,0.00169
APPC/BTC,1605634440765,2020-11-17T17:34:00.765Z,sell,1.3e-06,7019.0,0.0091247
APPC/BTC,1605634501874,2020-11-17T17:35:01.874Z,sell,1.3e-06,635.0,0.0008255000000000001
APPC/BTC,1605634551475,2020-11-17T17:35:51.475Z,buy,1.31e-06,152.0,0.00019912
APPC/BTC,1605634577191,2020-11-17T17:36:17.191Z,buy,1.31e-06,152.0,0.00019912
APPC/BTC,1605634577191,2020-11-17T17:36:17.191Z,buy,1.31e-06,152.0,0.00019912
APPC/BTC,1605635298327,2020-11-17T17:48:18.327Z,buy,1.31e-06,13129.0,0.01719899
APPC/BTC,1605635330476,2020-11-17T17:48:50.476Z,buy,1.31e-06,33444.0,0.04381164
APPC/BTC,1605635450521,2020-11-17T17:50:50.521Z,sell,1.3e-06,31341.0,0.0407433
APPC/BTC,1605635505131,2020-11-17T17:51:45.131Z,buy,1.31e-06,31941.0,0.04184271
APPC/BTC,1605635511804,2020-11-17T17:51:51.804Z,sell,1.3e-06,222.0,0.0002886
APPC/BTC,1605635608789,2020-11-17T17:53:28.789Z,sell,1.3e-06,3771.0,0.0049023
APPC/BTC,1605635639087,2020-11-17T17:53:59.087Z,sell,1.29e-06,1740.0,0.0022446
APPC/BTC,1605635645952,2020-11-17T17:54:05.952Z,buy,1.29e-06,277.0,0.00035733
APPC/BTC,1605635661321,2020-11-17T17:54:21.321Z,sell,1.29e-06,163.0,0.00021026999999999998
APPC/BTC,1605635662979,2020-11-17T17:54:22.979Z,sell,1.29e-06,3034.0,0.00391386
APPC/BTC,1605635662979,2020-11-17T17:54:22.979Z,sell,1.28e-06,19046.0,0.024378880000000002
APPC/BTC,1605635674814,2020-11-17T17:54:34.814Z,sell,1.28e-06,13595.0,0.0174016
APPC/BTC,1605635828409,2020-11-17T17:57:08.409Z,sell,1.28e-06,972.0,0.00124416
APPC/BTC,1605636308784,2020-11-17T18:05:08.784Z,sell,1.28e-06,4126.0,0.00528128
APPC/BTC,1605636553807,2020-11-17T18:09:13.807Z,buy,1.29e-06,41425.0,0.05343825
APPC/BTC,1605636558415,2020-11-17T18:09:18.415Z,buy,1.29e-06,12253.0,0.01580637
APPC/BTC,1605636583171,2020-11-17T18:09:43.171Z,sell,1.29e-06,220.0,0.00028379999999999996
APPC/BTC,1605636676913,2020-11-17T18:11:16.913Z,sell,1.29e-06,185.0,0.00023865
APPC/BTC,1605636677074,2020-11-17T18:11:17.074Z,sell,1.29e-06,186.0,0.00023993999999999998
APPC/BTC,1605636715482,2020-11-17T18:11:55.482Z,sell,1.29e-06,157.0,0.00020253
APPC/BTC,1605636832277,2020-11-17T18:13:52.277Z,buy,1.3e-06,1501.0,0.0019513
APPC/BTC,1605636866287,2020-11-17T18:14:26.287Z,buy,1.31e-06,925.0,0.00121175
APPC/BTC,1605637027364,2020-11-17T18:17:07.364Z,sell,1.3e-06,400.0,0.0005200000000000001
APPC/BTC,1605637035793,2020-11-17T18:17:15.793Z,sell,1.3e-06,844.0,0.0010972
APPC/BTC,1605637050213,2020-11-17T18:17:30.213Z,buy,1.31e-06,559.0,0.00073229
APPC/BTC,1605637663614,2020-11-17T18:27:43.614Z,sell,1.3e-06,1349.0,0.0017537
APPC/BTC,1605637737795,2020-11-17T18:28:57.795Z,sell,1.3e-06,5243.0,0.006815900000000001
APPC/BTC,1605637737795,2020-11-17T18:28:57.795Z,sell,1.3e-06,5243.0,0.006815900000000001
APPC/BTC,1605638793579,2020-11-17T18:46:33.579Z,sell,1.3e-06,608.0,0.0007904
APPC/BTC,1605638834234,2020-11-17T18:47:14.234Z,sell,1.3e-06,146.0,0.0001898
APPC/BTC,1605638863819,2020-11-17T18:47:43.819Z,sell,1.3e-06,123.0,0.0001599
APPC/BTC,1605638876146,2020-11-17T18:47:56.146Z,sell,1.3e-06,208.0,0.0002704
APPC/BTC,1605638934404,2020-11-17T18:48:54.404Z,sell,1.3e-06,184.0,0.00023920000000000001
APPC/BTC,1605639076253,2020-11-17T18:51:16.253Z,sell,1.3e-06,247.0,0.0003211
APPC/BTC,1605639101865,2020-11-17T18:51:41.865Z,sell,1.3e-06,149.0,0.00019370000000000002
APPC/BTC,1605639629541,2020-11-17T19:00:29.541Z,sell,1.3e-06,101.0,0.0001313
APPC/BTC,1605639934492,2020-11-17T19:05:34.492Z,sell,1.3e-06,220.0,0.000286
APPC/BTC,1605639934505,2020-11-17T19:05:34.505Z,buy,1.31e-06,8633.0,0.01130923
APPC/BTC,1605640237148,2020-11-17T19:10:37.148Z,buy,1.31e-06,11149.0,0.014605189999999999
APPC/BTC,1605640237998,2020-11-17T19:10:37.998Z,buy,1.31e-06,11602.0,0.01519862
APPC/BTC,1605640238359,2020-11-17T19:10:38.359Z,buy,1.31e-06,4416.0,0.00578496
APPC/BTC,1605640345741,2020-11-17T19:12:25.741Z,buy,1.32e-06,204.0,0.00026928
APPC/BTC,1605640393657,2020-11-17T19:13:13.657Z,buy,1.32e-06,227.0,0.00029964
APPC/BTC,1605640396355,2020-11-17T19:13:16.355Z,buy,1.32e-06,2535.0,0.0033462
APPC/BTC,1605640398167,2020-11-17T19:13:18.167Z,sell,1.32e-06,1722.0,0.00227304
APPC/BTC,1605640585851,2020-11-17T19:16:25.851Z,buy,1.33e-06,3076.0,0.0040910799999999995
APPC/BTC,1605640784944,2020-11-17T19:19:44.944Z,buy,1.33e-06,62000.0,0.08245999999999999
APPC/BTC,1605640813615,2020-11-17T19:20:13.615Z,sell,1.32e-06,6305.0,0.008322600000000001
APPC/BTC,1605640828684,2020-11-17T19:20:28.684Z,buy,1.32e-06,73593.0,0.09714276000000001
APPC/BTC,1605640835101,2020-11-17T19:20:35.101Z,buy,1.32e-06,4468.0,0.00589776
APPC/BTC,1605641121379,2020-11-17T19:25:21.379Z,sell,1.32e-06,11602.0,0.015314640000000001
APPC/BTC,1605641121917,2020-11-17T19:25:21.917Z,sell,1.32e-06,3327.0,0.0043916400000000005
APPC/BTC,1605641205473,2020-11-17T19:26:45.473Z,buy,1.32e-06,8253.0,0.010893960000000001
APPC/BTC,1605641221362,2020-11-17T19:27:01.362Z,buy,1.33e-06,2734.0,0.00363622
APPC/BTC,1605641221362,2020-11-17T19:27:01.362Z,buy,1.33e-06,2734.0,0.00363622
APPC/BTC,1605641707864,2020-11-17T19:35:07.864Z,buy,1.33e-06,1503.0,0.00199899
APPC/BTC,1605642168647,2020-11-17T19:42:48.647Z,buy,1.33e-06,8396.0,0.01116668
APPC/BTC,1605642198118,2020-11-17T19:43:18.118Z,sell,1.33e-06,5334.0,0.00709422
APPC/BTC,1605642204041,2020-11-17T19:43:24.041Z,buy,1.34e-06,2415.0,0.0032361
APPC/BTC,1605642205584,2020-11-17T19:43:25.584Z,sell,1.34e-06,812.0,0.0010880800000000002
APPC/BTC,1605642208548,2020-11-17T19:43:28.548Z,buy,1.35e-06,1267.0,0.00171045
APPC/BTC,1605642208841,2020-11-17T19:43:28.841Z,sell,1.33e-06,1503.0,0.00199899
APPC/BTC,1605642212154,2020-11-17T19:43:32.154Z,sell,1.34e-06,147.0,0.00019698
APPC/BTC,1605642214301,2020-11-17T19:43:34.301Z,sell,1.34e-06,820.0,0.0010988
APPC/BTC,1605642214350,2020-11-17T19:43:34.350Z,sell,1.34e-06,88.0,0.00011792000000000001
APPC/BTC,1605642214502,2020-11-17T19:43:34.502Z,sell,1.33e-06,655.0,0.00087115
APPC/BTC,1605642224800,2020-11-17T19:43:44.800Z,sell,1.34e-06,79.0,0.00010586
APPC/BTC,1605642224800,2020-11-17T19:43:44.800Z,sell,1.33e-06,9825.0,0.013067249999999999
APPC/BTC,1605642224800,2020-11-17T19:43:44.800Z,sell,1.32e-06,5672.0,0.00748704
APPC/BTC,1605642261452,2020-11-17T19:44:21.452Z,sell,1.33e-06,172.0,0.00022876
APPC/BTC,1605642408033,2020-11-17T19:46:48.033Z,buy,1.34e-06,142.0,0.00019028
APPC/BTC,1605642580474,2020-11-17T19:49:40.474Z,sell,1.33e-06,744.0,0.00098952
APPC/BTC,1605642777993,2020-11-17T19:52:57.993Z,sell,1.33e-06,25991.0,0.03456803
APPC/BTC,1605643033320,2020-11-17T19:57:13.320Z,sell,1.33e-06,3076.0,0.0040910799999999995
APPC/BTC,1605643035129,2020-11-17T19:57:15.129Z,sell,1.33e-06,1364.0,0.00181412
APPC/BTC,1605643051070,2020-11-17T19:57:31.070Z,sell,1.33e-06,4487.0,0.00596771
APPC/BTC,1605643064563,2020-11-17T19:57:44.563Z,sell,1.33e-06,2354.0,0.00313082
APPC/BTC,1605643172756,2020-11-17T19:59:32.756Z,buy,1.33e-06,842.0,0.00111986
APPC/BTC,1605643196701,2020-11-17T19:59:56.701Z,buy,1.33e-06,138.0,0.00018354
APPC/BTC,1605643239753,2020-11-17T20:00:39.753Z,buy,1.33e-06,16918.0,0.02250094
APPC/BTC,1605643325858,2020-11-17T20:02:05.858Z,buy,1.34e-06,91.0,0.00012194
APPC/BTC,1605643503375,2020-11-17T20:05:03.375Z,sell,1.33e-06,5638.0,0.00749854
APPC/BTC,1605643557351,2020-11-17T20:05:57.351Z,buy,1.33e-06,1195.0,0.00158935
APPC/BTC,1605643680122,2020-11-17T20:08:00.122Z,sell,1.33e-06,76.0,0.00010108
APPC/BTC,1605643733514,2020-11-17T20:08:53.514Z,sell,1.33e-06,98.0,0.00013034
APPC/BTC,1605643785301,2020-11-17T20:09:45.301Z,sell,1.33e-06,125.0,0.00016625
APPC/BTC,1605643790345,2020-11-17T20:09:50.345Z,sell,1.33e-06,160.0,0.0002128
APPC/BTC,1605643819313,2020-11-17T20:10:19.313Z,sell,1.33e-06,224.0,0.00029792
APPC/BTC,1605643859673,2020-11-17T20:10:59.673Z,sell,1.33e-06,114.0,0.00015162
APPC/BTC,1605643867881,2020-11-17T20:11:07.881Z,sell,1.33e-06,118.0,0.00015694
APPC/BTC,1605643944951,2020-11-17T20:12:24.951Z,sell,1.33e-06,187.0,0.00024870999999999997
APPC/BTC,1605643976469,2020-11-17T20:12:56.469Z,sell,1.33e-06,260.0,0.0003458
APPC/BTC,1605643976469,2020-11-17T20:12:56.469Z,sell,1.33e-06,260.0,0.0003458
APPC/BTC,1605645085061,2020-11-17T20:31:25.061Z,sell,1.33e-06,23879.0,0.03175907
APPC/BTC,1605645956212,2020-11-17T20:45:56.212Z,sell,1.33e-06,187.0,0.00024870999999999997
APPC/BTC,1605646181399,2020-11-17T20:49:41.399Z,sell,1.33e-06,147.0,0.00019551
APPC/BTC,1605646181523,2020-11-17T20:49:41.523Z,sell,1.33e-06,147.0,0.00019551
APPC/BTC,1605646265583,2020-11-17T20:51:05.583Z,sell,1.33e-06,109.0,0.00014497
APPC/BTC,1605646370350,2020-11-17T20:52:50.350Z,sell,1.33e-06,218.0,0.00028994
APPC/BTC,1605646370475,2020-11-17T20:52:50.475Z,sell,1.33e-06,108.0,0.00014364
APPC/BTC,1605646396642,2020-11-17T20:53:16.642Z,sell,1.33e-06,258.0,0.00034313999999999997
APPC/BTC,1605646594452,2020-11-17T20:56:34.452Z,sell,1.33e-06,183.0,0.00024338999999999999
APPC/BTC,1605646630254,2020-11-17T20:57:10.254Z,sell,1.33e-06,126.0,0.00016758
APPC/BTC,1605646649901,2020-11-17T20:57:29.901Z,sell,1.33e-06,174.0,0.00023142
APPC/BTC,1605646723277,2020-11-17T20:58:43.277Z,sell,1.33e-06,126.0,0.00016758
APPC/BTC,1605646732646,2020-11-17T20:58:52.646Z,sell,1.33e-06,260.0,0.0003458
APPC/BTC,1605646732646,2020-11-17T20:58:52.646Z,sell,1.33e-06,260.0,0.0003458
APPC/BTC,1605647765265,2020-11-17T21:16:05.265Z,buy,1.34e-06,214.0,0.00028676
APPC/BTC,1605647776632,2020-11-17T21:16:16.632Z,sell,1.34e-06,98.0,0.00013132
APPC/BTC,1605647828142,2020-11-17T21:17:08.142Z,sell,1.34e-06,76.0,0.00010184
APPC/BTC,1605647838840,2020-11-17T21:17:18.840Z,sell,1.34e-06,245.0,0.0003283
APPC/BTC,1605647907070,2020-11-17T21:18:27.070Z,sell,1.34e-06,747.0,0.00100098
APPC/BTC,1605647924906,2020-11-17T21:18:44.906Z,sell,1.34e-06,236.0,0.00031624
APPC/BTC,1605647986872,2020-11-17T21:19:46.872Z,sell,1.34e-06,120.0,0.0001608
APPC/BTC,1605648070534,2020-11-17T21:21:10.534Z,sell,1.34e-06,205.0,0.0002747
APPC/BTC,1605648138512,2020-11-17T21:22:18.512Z,sell,1.34e-06,1000.0,0.00134
APPC/BTC,1605648157470,2020-11-17T21:22:37.470Z,sell,1.34e-06,122.0,0.00016348
APPC/BTC,1605648198303,2020-11-17T21:23:18.303Z,sell,1.34e-06,89.0,0.00011926
APPC/BTC,1605648236519,2020-11-17T21:23:56.519Z,sell,1.34e-06,227.0,0.00030418000000000003
APPC/BTC,1605648510164,2020-11-17T21:28:30.164Z,buy,1.35e-06,6202.0,0.0083727
APPC/BTC,1605648510195,2020-11-17T21:28:30.195Z,sell,1.35e-06,916.0,0.0012366
APPC/BTC,1605648510348,2020-11-17T21:28:30.348Z,sell,1.35e-06,3346.0,0.0045171
APPC/BTC,1605648510502,2020-11-17T21:28:30.502Z,sell,1.35e-06,1009.0,0.00136215
APPC/BTC,1605648550534,2020-11-17T21:29:10.534Z,sell,1.35e-06,753.0,0.00101655
APPC/BTC,1605648651774,2020-11-17T21:30:51.774Z,sell,1.34e-06,226.0,0.00030284
APPC/BTC,1605648745517,2020-11-17T21:32:25.517Z,buy,1.34e-06,142.0,0.00019028
APPC/BTC,1605649318926,2020-11-17T21:41:58.926Z,sell,1.33e-06,473.0,0.00062909
APPC/BTC,1605649319329,2020-11-17T21:41:59.329Z,buy,1.33e-06,100.0,0.000133
APPC/BTC,1605649328201,2020-11-17T21:42:08.201Z,buy,1.33e-06,76.0,0.00010108
APPC/BTC,1605649336331,2020-11-17T21:42:16.331Z,buy,1.33e-06,259.0,0.00034447
APPC/BTC,1605650098367,2020-11-17T21:54:58.367Z,sell,1.33e-06,3794.0,0.00504602
APPC/BTC,1605650098367,2020-11-17T21:54:58.367Z,sell,1.33e-06,3794.0,0.00504602
APPC/BTC,1605650443775,2020-11-17T22:00:43.775Z,buy,1.34e-06,5169.0,0.006926460000000001
APPC/BTC,1605650460656,2020-11-17T22:01:00.656Z,sell,1.34e-06,98.0,0.00013132
APPC/BTC,1605650460942,2020-11-17T22:01:00.942Z,sell,1.34e-06,76.0,0.00010184
APPC/BTC,1605650496670,2020-11-17T22:01:36.670Z,sell,1.34e-06,196.0,0.00026264
APPC/BTC,1605650550136,2020-11-17T22:02:30.136Z,sell,1.34e-06,106.0,0.00014204000000000002
APPC/BTC,1605650589542,2020-11-17T22:03:09.542Z,buy,1.35e-06,1002.0,0.0013527
APPC/BTC,1605650589542,2020-11-17T22:03:09.542Z,buy,1.36e-06,22983.0,0.03125688
APPC/BTC,1605650589542,2020-11-17T22:03:09.542Z,buy,1.37e-06,1015.0,0.00139055
APPC/BTC,1605650592439,2020-11-17T22:03:12.439Z,sell,1.35e-06,3779.0,0.00510165
APPC/BTC,1605650592528,2020-11-17T22:03:12.528Z,sell,1.35e-06,1080.0,0.001458
APPC/BTC,1605650592953,2020-11-17T22:03:12.953Z,buy,1.35e-06,146.0,0.0001971
APPC/BTC,1605650595018,2020-11-17T22:03:15.018Z,buy,1.35e-06,1690.0,0.0022815
APPC/BTC,1605650603940,2020-11-17T22:03:23.940Z,sell,1.35e-06,4511.0,0.00608985
APPC/BTC,1605650605357,2020-11-17T22:03:25.357Z,sell,1.35e-06,82.0,0.0001107
APPC/BTC,1605650613801,2020-11-17T22:03:33.801Z,buy,1.35e-06,1370.0,0.0018495
APPC/BTC,1605650696587,2020-11-17T22:04:56.587Z,buy,1.35e-06,136.0,0.0001836
APPC/BTC,1605650698997,2020-11-17T22:04:58.997Z,buy,1.35e-06,11881.0,0.01603935
APPC/BTC,1605650701819,2020-11-17T22:05:01.819Z,sell,1.35e-06,733.0,0.00098955
APPC/BTC,1605650710355,2020-11-17T22:05:10.355Z,sell,1.35e-06,2254.0,0.0030429
APPC/BTC,1605650710943,2020-11-17T22:05:10.943Z,sell,1.35e-06,117.0,0.00015795
APPC/BTC,1605650712020,2020-11-17T22:05:12.020Z,sell,1.35e-06,10924.0,0.014747399999999999
APPC/BTC,1605650722571,2020-11-17T22:05:22.571Z,sell,1.35e-06,2912.0,0.0039312
APPC/BTC,1605650740577,2020-11-17T22:05:40.577Z,buy,1.35e-06,95.0,0.00012825
APPC/BTC,1605650740577,2020-11-17T22:05:40.577Z,buy,1.36e-06,364.0,0.00049504
APPC/BTC,1605650740722,2020-11-17T22:05:40.722Z,sell,1.36e-06,1636.0,0.00222496
APPC/BTC,1605650740849,2020-11-17T22:05:40.849Z,sell,1.36e-06,7425.0,0.010098
APPC/BTC,1605650740944,2020-11-17T22:05:40.944Z,sell,1.36e-06,1829.0,0.0024874399999999996
APPC/BTC,1605650753879,2020-11-17T22:05:53.879Z,sell,1.35e-06,136.0,0.0001836
APPC/BTC,1605650759719,2020-11-17T22:05:59.719Z,buy,1.36e-06,1542.0,0.0020971199999999996
APPC/BTC,1605650767941,2020-11-17T22:06:07.941Z,sell,1.35e-06,6766.0,0.0091341
APPC/BTC,1605650770355,2020-11-17T22:06:10.355Z,sell,1.35e-06,5606.0,0.0075681
APPC/BTC,1605650770651,2020-11-17T22:06:10.651Z,buy,1.36e-06,146.0,0.00019856
APPC/BTC,1605650770727,2020-11-17T22:06:10.727Z,sell,1.36e-06,5691.0,0.007739759999999999
APPC/BTC,1605650772115,2020-11-17T22:06:12.115Z,sell,1.36e-06,162.0,0.00022031999999999998
APPC/BTC,1605650773487,2020-11-17T22:06:13.487Z,sell,1.36e-06,636.0,0.0008649599999999999
APPC/BTC,1605650781700,2020-11-17T22:06:21.700Z,buy,1.36e-06,85.0,0.00011559999999999999
APPC/BTC,1605650781700,2020-11-17T22:06:21.700Z,buy,1.37e-06,1258.0,0.00172346
APPC/BTC,1605650805300,2020-11-17T22:06:45.300Z,sell,1.35e-06,3429.0,0.00462915
APPC/BTC,1605650867159,2020-11-17T22:07:47.159Z,sell,1.35e-06,2962.0,0.0039987
APPC/BTC,1605650867159,2020-11-17T22:07:47.159Z,sell,1.34e-06,6421.0,0.00860414
APPC/BTC,1605650867159,2020-11-17T22:07:47.159Z,sell,1.33e-06,29413.0,0.03911929
APPC/BTC,1605650870413,2020-11-17T22:07:50.413Z,buy,1.35e-06,5594.0,0.0075519
APPC/BTC,1605650874891,2020-11-17T22:07:54.891Z,sell,1.33e-06,33054.0,0.04396182
APPC/BTC,1605650877896,2020-11-17T22:07:57.896Z,sell,1.33e-06,1700.0,0.002261
APPC/BTC,1605650900719,2020-11-17T22:08:20.719Z,buy,1.34e-06,76.0,0.00010184
APPC/BTC,1605650978655,2020-11-17T22:09:38.655Z,sell,1.33e-06,227.0,0.00030191
APPC/BTC,1605650984180,2020-11-17T22:09:44.180Z,sell,1.33e-06,124.0,0.00016491999999999999
APPC/BTC,1605651009332,2020-11-17T22:10:09.332Z,sell,1.33e-06,733.0,0.00097489
APPC/BTC,1605651650375,2020-11-17T22:20:50.375Z,buy,1.35e-06,4000.0,0.0054
APPC/BTC,1605652018776,2020-11-17T22:26:58.776Z,sell,1.34e-06,4623.0,0.00619482
APPC/BTC,1605652350431,2020-11-17T22:32:30.431Z,sell,1.34e-06,1194.0,0.00159996
APPC/BTC,1605652965787,2020-11-17T22:42:45.787Z,sell,1.33e-06,560.0,0.0007448
APPC/BTC,1605653016407,2020-11-17T22:43:36.407Z,buy,1.34e-06,190.0,0.0002546
APPC/BTC,1605653309110,2020-11-17T22:48:29.110Z,buy,1.34e-06,3632.0,0.0048668800000000005
APPC/BTC,1605653309110,2020-11-17T22:48:29.110Z,buy,1.34e-06,3632.0,0.0048668800000000005
APPC/BTC,1605653969355,2020-11-17T22:59:29.355Z,sell,1.34e-06,11643.0,0.015601620000000002
APPC/BTC,1605653969395,2020-11-17T22:59:29.395Z,sell,1.34e-06,11434.0,0.015321560000000001
APPC/BTC,1605653969445,2020-11-17T22:59:29.445Z,sell,1.34e-06,4623.0,0.00619482
APPC/BTC,1605654040589,2020-11-17T23:00:40.589Z,buy,1.34e-06,7735.0,0.010364900000000002
APPC/BTC,1605654195537,2020-11-17T23:03:15.537Z,sell,1.34e-06,6134.0,0.00821956
APPC/BTC,1605656872215,2020-11-17T23:47:52.215Z,buy,1.35e-06,750.0,0.0010125
APPC/BTC,1605656872215,2020-11-17T23:47:52.215Z,buy,1.35e-06,750.0,0.0010125
APPC/BTC,1605657316670,2020-11-17T23:55:16.670Z,sell,1.34e-06,109.0,0.00014606000000000002
APPC/BTC,1605657797578,2020-11-18T00:03:17.578Z,buy,1.35e-06,90.0,0.0001215
APPC/BTC,1605657803612,2020-11-18T00:03:23.612Z,buy,1.35e-06,133.0,0.00017955
APPC/BTC,1605657805344,2020-11-18T00:03:25.344Z,buy,1.36e-06,467.0,0.00063512
APPC/BTC,1605657808893,2020-11-18T00:03:28.893Z,sell,1.35e-06,134.0,0.0001809
APPC/BTC,1605657953832,2020-11-18T00:05:53.832Z,sell,1.36e-06,5589.0,0.007601039999999999
APPC/BTC,1605657958538,2020-11-18T00:05:58.538Z,sell,1.36e-06,5594.0,0.007607839999999999
APPC/BTC,1605658040501,2020-11-18T00:07:20.501Z,sell,1.36e-06,104.0,0.00014144
APPC/BTC,1605658127923,2020-11-18T00:08:47.923Z,sell,1.36e-06,5947.0,0.00808792
APPC/BTC,1605659080864,2020-11-18T00:24:40.864Z,sell,1.35e-06,189.0,0.00025515
APPC/BTC,1605659147235,2020-11-18T00:25:47.235Z,sell,1.35e-06,812.0,0.0010962
APPC/BTC,1605659154278,2020-11-18T00:25:54.278Z,buy,1.36e-06,723.0,0.00098328
APPC/BTC,1605659217786,2020-11-18T00:26:57.786Z,sell,1.35e-06,277.0,0.00037395
APPC/BTC,1605659281980,2020-11-18T00:28:01.980Z,sell,1.35e-06,129.0,0.00017415
APPC/BTC,1605659299170,2020-11-18T00:28:19.170Z,sell,1.35e-06,151.0,0.00020385
APPC/BTC,1605659342332,2020-11-18T00:29:02.332Z,sell,1.35e-06,139.0,0.00018765
APPC/BTC,1605659524990,2020-11-18T00:32:04.990Z,sell,1.35e-06,824.0,0.0011124
APPC/BTC,1605659525125,2020-11-18T00:32:05.125Z,sell,1.35e-06,128.0,0.0001728
APPC/BTC,1605659591382,2020-11-18T00:33:11.382Z,sell,1.35e-06,145.0,0.00019575
APPC/BTC,1605659632370,2020-11-18T00:33:52.370Z,sell,1.35e-06,172.0,0.0002322
APPC/BTC,1605659920648,2020-11-18T00:38:40.648Z,sell,1.35e-06,3959.0,0.00534465
APPC/BTC,1605660009211,2020-11-18T00:40:09.211Z,sell,1.34e-06,907.0,0.00121538
APPC/BTC,1605660032810,2020-11-18T00:40:32.810Z,buy,1.34e-06,100.0,0.000134
APPC/BTC,1605660045441,2020-11-18T00:40:45.441Z,buy,1.34e-06,278.0,0.00037252000000000005
APPC/BTC,1605660128273,2020-11-18T00:42:08.273Z,buy,1.34e-06,75.0,0.0001005
APPC/BTC,1605660220549,2020-11-18T00:43:40.549Z,buy,1.34e-06,181.0,0.00024254000000000002
APPC/BTC,1605660220549,2020-11-18T00:43:40.549Z,buy,1.34e-06,181.0,0.00024254000000000002
APPC/BTC,1605660520301,2020-11-18T00:48:40.301Z,buy,1.34e-06,1421.0,0.0019041400000000001
APPC/BTC,1605662462055,2020-11-18T01:21:02.055Z,sell,1.34e-06,160.0,0.0002144
APPC/BTC,1605663602073,2020-11-18T01:40:02.073Z,sell,1.34e-06,264.0,0.00035376
APPC/BTC,1605663602073,2020-11-18T01:40:02.073Z,sell,1.34e-06,264.0,0.00035376
APPC/BTC,1605664809067,2020-11-18T02:00:09.067Z,sell,1.34e-06,129.0,0.00017286000000000002
APPC/BTC,1605664934682,2020-11-18T02:02:14.682Z,sell,1.34e-06,106.0,0.00014204000000000002
APPC/BTC,1605665741700,2020-11-18T02:15:41.700Z,sell,1.34e-06,48801.0,0.06539334000000001
APPC/BTC,1605666258435,2020-11-18T02:24:18.435Z,buy,1.34e-06,1520.0,0.0020368
APPC/BTC,1605666258435,2020-11-18T02:24:18.435Z,buy,1.34e-06,1520.0,0.0020368
APPC/BTC,1605668641074,2020-11-18T03:04:01.074Z,sell,1.33e-06,1557.0,0.0020708099999999998
APPC/BTC,1605668796620,2020-11-18T03:06:36.620Z,buy,1.34e-06,323.0,0.00043282000000000005
APPC/BTC,1605668816992,2020-11-18T03:06:56.992Z,sell,1.34e-06,100.0,0.000134
APPC/BTC,1605668841273,2020-11-18T03:07:21.273Z,sell,1.34e-06,994.0,0.00133196
APPC/BTC,1605668909000,2020-11-18T03:08:29.000Z,sell,1.33e-06,1719.0,0.00228627
APPC/BTC,1605669128388,2020-11-18T03:12:08.388Z,buy,1.33e-06,76.0,0.00010108
APPC/BTC,1605669337899,2020-11-18T03:15:37.899Z,buy,1.33e-06,3559.0,0.00473347
APPC/BTC,1605669337899,2020-11-18T03:15:37.899Z,buy,1.33e-06,3559.0,0.00473347
APPC/BTC,1605671606518,2020-11-18T03:53:26.518Z,sell,1.33e-06,500.0,0.000665
APPC/BTC,1605671606537,2020-11-18T03:53:26.537Z,sell,1.33e-06,900.0,0.001197
APPC/BTC,1605671824198,2020-11-18T03:57:04.198Z,sell,1.33e-06,334.0,0.00044422
APPC/BTC,1605671824357,2020-11-18T03:57:04.357Z,sell,1.33e-06,232.0,0.00030856
APPC/BTC,1605671881952,2020-11-18T03:58:01.952Z,sell,1.33e-06,100.0,0.000133
APPC/BTC,1605671897872,2020-11-18T03:58:17.872Z,sell,1.33e-06,175.0,0.00023275
APPC/BTC,1605671951391,2020-11-18T03:59:11.391Z,sell,1.33e-06,228.0,0.00030324
APPC/BTC,1605672022046,2020-11-18T04:00:22.046Z,sell,1.33e-06,223.0,0.00029659
APPC/BTC,1605672047660,2020-11-18T04:00:47.660Z,sell,1.33e-06,8660.0,0.0115178
APPC/BTC,1605672062759,2020-11-18T04:01:02.759Z,sell,1.33e-06,748.0,0.0009948399999999999
APPC/BTC,1605672062908,2020-11-18T04:01:02.908Z,sell,1.33e-06,122.0,0.00016226
APPC/BTC,1605672064040,2020-11-18T04:01:04.040Z,sell,1.33e-06,1024.0,0.00136192
APPC/BTC,1605672115222,2020-11-18T04:01:55.222Z,sell,1.33e-06,149.0,0.00019817
APPC/BTC,1605672163199,2020-11-18T04:02:43.199Z,sell,1.33e-06,116.0,0.00015428
APPC/BTC,1605672189321,2020-11-18T04:03:09.321Z,sell,1.33e-06,149.0,0.00019817
APPC/BTC,1605672230680,2020-11-18T04:03:50.680Z,sell,1.33e-06,12214.0,0.01624462
APPC/BTC,1605672233952,2020-11-18T04:03:53.952Z,sell,1.33e-06,77.0,0.00010241
APPC/BTC,1605672309605,2020-11-18T04:05:09.605Z,sell,1.33e-06,192.0,0.00025536
APPC/BTC,1605672340757,2020-11-18T04:05:40.757Z,sell,1.33e-06,131.0,0.00017423
APPC/BTC,1605672344314,2020-11-18T04:05:44.314Z,sell,1.33e-06,76.0,0.00010108
APPC/BTC,1605672344410,2020-11-18T04:05:44.410Z,sell,1.33e-06,160.0,0.0002128
APPC/BTC,1605672344744,2020-11-18T04:05:44.744Z,sell,1.33e-06,120.0,0.0001596
APPC/BTC,1605672360916,2020-11-18T04:06:00.916Z,sell,1.33e-06,770.0,0.0010241
APPC/BTC,1605672400222,2020-11-18T04:06:40.222Z,sell,1.33e-06,138.0,0.00018354
APPC/BTC,1605672421398,2020-11-18T04:07:01.398Z,sell,1.33e-06,193.0,0.00025669
APPC/BTC,1605672515773,2020-11-18T04:08:35.773Z,sell,1.33e-06,1324.0,0.00176092
APPC/BTC,1605672515915,2020-11-18T04:08:35.915Z,sell,1.33e-06,179.0,0.00023807
APPC/BTC,1605672865718,2020-11-18T04:14:25.718Z,sell,1.33e-06,1991.0,0.00264803
APPC/BTC,1605672865718,2020-11-18T04:14:25.718Z,sell,1.33e-06,1991.0,0.00264803
APPC/BTC,1605673040917,2020-11-18T04:17:20.917Z,sell,1.33e-06,999.0,0.00132867
APPC/BTC,1605673142480,2020-11-18T04:19:02.480Z,sell,1.33e-06,85.0,0.00011305
APPC/BTC,1605673204839,2020-11-18T04:20:04.839Z,sell,1.33e-06,130.0,0.0001729
APPC/BTC,1605673286006,2020-11-18T04:21:26.006Z,sell,1.33e-06,175.0,0.00023275
APPC/BTC,1605673292984,2020-11-18T04:21:32.984Z,sell,1.33e-06,3375.0,0.00448875
APPC/BTC,1605673358535,2020-11-18T04:22:38.535Z,sell,1.33e-06,180.0,0.0002394
APPC/BTC,1605673389841,2020-11-18T04:23:09.841Z,sell,1.33e-06,99.0,0.00013167
APPC/BTC,1605673448596,2020-11-18T04:24:08.596Z,sell,1.33e-06,210.0,0.0002793
APPC/BTC,1605673516895,2020-11-18T04:25:16.895Z,sell,1.33e-06,9220.0,0.0122626
APPC/BTC,1605673520205,2020-11-18T04:25:20.205Z,sell,1.33e-06,131.0,0.00017423
APPC/BTC,1605673577112,2020-11-18T04:26:17.112Z,sell,1.33e-06,140.0,0.0001862
APPC/BTC,1605673627555,2020-11-18T04:27:07.555Z,sell,1.33e-06,172.0,0.00022876
APPC/BTC,1605673692330,2020-11-18T04:28:12.330Z,sell,1.33e-06,90.0,0.0001197
APPC/BTC,1605673748751,2020-11-18T04:29:08.751Z,sell,1.33e-06,1466.0,0.00194978
APPC/BTC,1605673748896,2020-11-18T04:29:08.896Z,sell,1.33e-06,140.0,0.0001862
APPC/BTC,1605673780162,2020-11-18T04:29:40.162Z,sell,1.33e-06,148.0,0.00019684
APPC/BTC,1605673849290,2020-11-18T04:30:49.290Z,sell,1.33e-06,3559.0,0.00473347
APPC/BTC,1605673891980,2020-11-18T04:31:31.980Z,sell,1.33e-06,177.0,0.00023541
APPC/BTC,1605674060187,2020-11-18T04:34:20.187Z,sell,1.33e-06,166.0,0.00022077999999999998
APPC/BTC,1605674090438,2020-11-18T04:34:50.438Z,sell,1.33e-06,5000.0,0.00665
APPC/BTC,1605674114845,2020-11-18T04:35:14.845Z,sell,1.33e-06,3309.0,0.00440097
APPC/BTC,1605674292200,2020-11-18T04:38:12.200Z,buy,1.34e-06,1384.0,0.00185456
APPC/BTC,1605674358350,2020-11-18T04:39:18.350Z,buy,1.34e-06,6982.0,0.00935588
APPC/BTC,1605674622525,2020-11-18T04:43:42.525Z,sell,1.33e-06,10705.0,0.01423765
APPC/BTC,1605674740187,2020-11-18T04:45:40.187Z,sell,1.33e-06,584.0,0.00077672
APPC/BTC,1605674797666,2020-11-18T04:46:37.666Z,sell,1.33e-06,8100.0,0.010773
APPC/BTC,1605674878608,2020-11-18T04:47:58.608Z,sell,1.33e-06,41865.0,0.05568045
APPC/BTC,1605674915577,2020-11-18T04:48:35.577Z,sell,1.33e-06,247.0,0.00032851
APPC/BTC,1605674916911,2020-11-18T04:48:36.911Z,sell,1.33e-06,227.0,0.00030191
APPC/BTC,1605675098610,2020-11-18T04:51:38.610Z,sell,1.33e-06,1395.0,0.00185535
APPC/BTC,1605675163951,2020-11-18T04:52:43.951Z,sell,1.33e-06,5986.0,0.00796138
APPC/BTC,1605675476391,2020-11-18T04:57:56.391Z,sell,1.33e-06,152.0,0.00020216
APPC/BTC,1605675515649,2020-11-18T04:58:35.649Z,sell,1.33e-06,150.0,0.0001995
APPC/BTC,1605675521090,2020-11-18T04:58:41.090Z,sell,1.33e-06,189.0,0.00025137
APPC/BTC,1605675631536,2020-11-18T05:00:31.536Z,sell,1.33e-06,9248.0,0.01229984
APPC/BTC,1605675635863,2020-11-18T05:00:35.863Z,sell,1.32e-06,6850.0,0.009042
APPC/BTC,1605675668543,2020-11-18T05:01:08.543Z,buy,1.32e-06,76.0,0.00010032
APPC/BTC,1605675671370,2020-11-18T05:01:11.370Z,sell,1.31e-06,6259.0,0.00819929
APPC/BTC,1605675671370,2020-11-18T05:01:11.370Z,sell,1.3e-06,16673.0,0.0216749
APPC/BTC,1605675671370,2020-11-18T05:01:11.370Z,sell,1.29e-06,9576.0,0.01235304
APPC/BTC,1605675671370,2020-11-18T05:01:11.370Z,sell,1.29e-06,3550.0,0.004579499999999999
APPC/BTC,1605675672650,2020-11-18T05:01:12.650Z,buy,1.32e-06,277.0,0.00036564000000000003
APPC/BTC,1605675713825,2020-11-18T05:01:53.825Z,sell,1.29e-06,1083.0,0.0013970699999999998
APPC/BTC,1605675713825,2020-11-18T05:01:53.825Z,sell,1.28e-06,17798.0,0.02278144
APPC/BTC,1605675729336,2020-11-18T05:02:09.336Z,buy,1.3e-06,292.0,0.0003796
APPC/BTC,1605675752625,2020-11-18T05:02:32.625Z,sell,1.29e-06,1059.0,0.00136611
APPC/BTC,1605675753279,2020-11-18T05:02:33.279Z,buy,1.3e-06,9452.0,0.012287600000000001
APPC/BTC,1605675855779,2020-11-18T05:04:15.779Z,buy,1.3e-06,195.0,0.00025350000000000004
APPC/BTC,1605675855932,2020-11-18T05:04:15.932Z,buy,1.3e-06,195.0,0.00025350000000000004
APPC/BTC,1605675877858,2020-11-18T05:04:37.858Z,buy,1.3e-06,183.0,0.0002379
APPC/BTC,1605675975390,2020-11-18T05:06:15.390Z,buy,1.3e-06,372.0,0.0004836
APPC/BTC,1605675975526,2020-11-18T05:06:15.526Z,buy,1.3e-06,189.0,0.0002457
APPC/BTC,1605676038303,2020-11-18T05:07:18.303Z,buy,1.3e-06,150.0,0.000195
APPC/BTC,1605676056276,2020-11-18T05:07:36.276Z,sell,1.29e-06,600.0,0.000774
APPC/BTC,1605676306865,2020-11-18T05:11:46.865Z,sell,1.29e-06,11438.0,0.014755019999999999
APPC/BTC,1605676306865,2020-11-18T05:11:46.865Z,sell,1.29e-06,11438.0,0.014755019999999999
APPC/BTC,1605677118406,2020-11-18T05:25:18.406Z,sell,1.29e-06,5068.0,0.0065377199999999995
APPC/BTC,1605677523002,2020-11-18T05:32:03.002Z,sell,1.29e-06,91.0,0.00011739
APPC/BTC,1605677524600,2020-11-18T05:32:04.600Z,sell,1.29e-06,90.0,0.00011609999999999999
APPC/BTC,1605677728977,2020-11-18T05:35:28.977Z,buy,1.3e-06,5742.0,0.0074646
APPC/BTC,1605677729066,2020-11-18T05:35:29.066Z,buy,1.3e-06,5858.0,0.0076154000000000005
APPC/BTC,1605677747048,2020-11-18T05:35:47.048Z,buy,1.3e-06,7317.0,0.0095121
APPC/BTC,1605677750683,2020-11-18T05:35:50.683Z,buy,1.31e-06,384.0,0.00050304
APPC/BTC,1605677752518,2020-11-18T05:35:52.518Z,sell,1.31e-06,1354.0,0.00177374
APPC/BTC,1605677760647,2020-11-18T05:36:00.647Z,buy,1.32e-06,8180.0,0.010797600000000001
APPC/BTC,1605677765776,2020-11-18T05:36:05.776Z,sell,1.31e-06,575.0,0.00075325
APPC/BTC,1605677781522,2020-11-18T05:36:21.522Z,sell,1.31e-06,3100.0,0.0040609999999999995
APPC/BTC,1605677790751,2020-11-18T05:36:30.751Z,buy,1.32e-06,7344.0,0.00969408
APPC/BTC,1605677792789,2020-11-18T05:36:32.789Z,buy,1.32e-06,3145.0,0.0041514
APPC/BTC,1605677794103,2020-11-18T05:36:34.103Z,sell,1.32e-06,999.0,0.00131868
APPC/BTC,1605677794583,2020-11-18T05:36:34.583Z,sell,1.32e-06,1378.0,0.00181896
APPC/BTC,1605677810151,2020-11-18T05:36:50.151Z,buy,1.32e-06,5300.0,0.0069960000000000005
APPC/BTC,1605677826741,2020-11-18T05:37:06.741Z,sell,1.31e-06,6201.0,0.00812331
APPC/BTC,1605677837188,2020-11-18T05:37:17.188Z,buy,1.32e-06,434.0,0.00057288
APPC/BTC,1605677837841,2020-11-18T05:37:17.841Z,buy,1.32e-06,342.0,0.00045144
APPC/BTC,1605677837988,2020-11-18T05:37:17.988Z,buy,1.32e-06,93.0,0.00012276
APPC/BTC,1605677838764,2020-11-18T05:37:18.764Z,buy,1.32e-06,94.0,0.00012408000000000002
APPC/BTC,1605677861491,2020-11-18T05:37:41.491Z,buy,1.32e-06,419.0,0.0005530800000000001
APPC/BTC,1605677862864,2020-11-18T05:37:42.864Z,buy,1.32e-06,9797.0,0.01293204
APPC/BTC,1605677955321,2020-11-18T05:39:15.321Z,buy,1.32e-06,116.0,0.00015312
APPC/BTC,1605677955552,2020-11-18T05:39:15.552Z,buy,1.32e-06,119.0,0.00015708
APPC/BTC,1605677959973,2020-11-18T05:39:19.973Z,buy,1.32e-06,454.0,0.00059928
APPC/BTC,1605677972844,2020-11-18T05:39:32.844Z,buy,1.32e-06,1200.0,0.0015840000000000001
APPC/BTC,1605678013416,2020-11-18T05:40:13.416Z,buy,1.32e-06,7804.0,0.010301280000000001
APPC/BTC,1605678014132,2020-11-18T05:40:14.132Z,buy,1.32e-06,5868.0,0.00774576
APPC/BTC,1605678014925,2020-11-18T05:40:14.925Z,buy,1.32e-06,2823.0,0.00372636
APPC/BTC,1605678358381,2020-11-18T05:45:58.381Z,sell,1.31e-06,9797.0,0.01283407
APPC/BTC,1605678375591,2020-11-18T05:46:15.591Z,buy,1.32e-06,239.0,0.00031548000000000004
APPC/BTC,1605678442920,2020-11-18T05:47:22.920Z,sell,1.31e-06,6296.0,0.00824776
APPC/BTC,1605678491087,2020-11-18T05:48:11.087Z,sell,1.3e-06,151.0,0.0001963
APPC/BTC,1605678493007,2020-11-18T05:48:13.007Z,sell,1.3e-06,93.0,0.0001209
APPC/BTC,1605678497399,2020-11-18T05:48:17.399Z,sell,1.29e-06,2522.0,0.0032533799999999997
APPC/BTC,1605678539485,2020-11-18T05:48:59.485Z,sell,1.29e-06,8774.0,0.011318459999999999
APPC/BTC,1605678539851,2020-11-18T05:48:59.851Z,sell,1.29e-06,6708.0,0.008653319999999999
APPC/BTC,1605678542589,2020-11-18T05:49:02.589Z,buy,1.29e-06,3100.0,0.003999
APPC/BTC,1605678543373,2020-11-18T05:49:03.373Z,buy,1.29e-06,78.0,0.00010062
APPC/BTC,1605678585187,2020-11-18T05:49:45.187Z,buy,1.29e-06,385.0,0.00049665
APPC/BTC,1605678619662,2020-11-18T05:50:19.662Z,sell,1.28e-06,928.0,0.0011878400000000001
APPC/BTC,1605678620873,2020-11-18T05:50:20.873Z,sell,1.28e-06,1973.0,0.00252544
APPC/BTC,1605678648443,2020-11-18T05:50:48.443Z,sell,1.28e-06,15582.0,0.01994496
APPC/BTC,1605678649548,2020-11-18T05:50:49.548Z,sell,1.28e-06,6071.0,0.00777088
APPC/BTC,1605678681019,2020-11-18T05:51:21.019Z,sell,1.28e-06,1461.0,0.00187008
APPC/BTC,1605678695946,2020-11-18T05:51:35.946Z,sell,1.28e-06,11586.0,0.01483008
APPC/BTC,1605679368331,2020-11-18T06:02:48.331Z,sell,1.28e-06,4257.0,0.00544896
APPC/BTC,1605679368331,2020-11-18T06:02:48.331Z,sell,1.28e-06,4257.0,0.00544896
APPC/BTC,1605680001796,2020-11-18T06:13:21.796Z,sell,1.28e-06,42576.0,0.05449728
APPC/BTC,1605680690781,2020-11-18T06:24:50.781Z,sell,1.28e-06,810.0,0.0010368
APPC/BTC,1605681167114,2020-11-18T06:32:47.114Z,buy,1.29e-06,242.0,0.00031218
APPC/BTC,1605681692557,2020-11-18T06:41:32.557Z,sell,1.29e-06,4449.0,0.00573921
APPC/BTC,1605682826848,2020-11-18T07:00:26.848Z,sell,1.29e-06,99.0,0.00012770999999999998
APPC/BTC,1605682826848,2020-11-18T07:00:26.848Z,sell,1.29e-06,99.0,0.00012770999999999998
APPC/BTC,1605684711656,2020-11-18T07:31:51.656Z,sell,1.29e-06,299.0,0.00038571
APPC/BTC,1605684711656,2020-11-18T07:31:51.656Z,sell,1.29e-06,299.0,0.00038571
APPC/BTC,1605686744868,2020-11-18T08:05:44.868Z,sell,1.29e-06,284.0,0.00036636
APPC/BTC,1605686762882,2020-11-18T08:06:02.882Z,sell,1.29e-06,2041.0,0.0026328899999999997
APPC/BTC,1605686953187,2020-11-18T08:09:13.187Z,sell,1.29e-06,22002.0,0.028382579999999998
APPC/BTC,1605686953187,2020-11-18T08:09:13.187Z,sell,1.28e-06,242.0,0.00030976
APPC/BTC,1605686953187,2020-11-18T08:09:13.187Z,sell,1.27e-06,60124.0,0.07635747999999999
APPC/BTC,1605686953187,2020-11-18T08:09:13.187Z,sell,1.26e-06,80087.0,0.10090962
APPC/BTC,1605686953187,2020-11-18T08:09:13.187Z,sell,1.25e-06,6030.0,0.007537500000000001
APPC/BTC,1605686953187,2020-11-18T08:09:13.187Z,sell,1.24e-06,23404.0,0.02902096
APPC/BTC,1605686953219,2020-11-18T08:09:13.219Z,buy,1.25e-06,1943.0,0.0024287500000000004
APPC/BTC,1605686953221,2020-11-18T08:09:13.221Z,sell,1.24e-06,5658.0,0.00701592
APPC/BTC,1605686953248,2020-11-18T08:09:13.248Z,buy,1.25e-06,3875.0,0.00484375
APPC/BTC,1605686953249,2020-11-18T08:09:13.249Z,buy,1.25e-06,367.0,0.00045875
APPC/BTC,1605686953273,2020-11-18T08:09:13.273Z,buy,1.25e-06,1757.0,0.0021962500000000003
APPC/BTC,1605686953730,2020-11-18T08:09:13.730Z,buy,1.25e-06,880.0,0.0011
APPC/BTC,1605686953968,2020-11-18T08:09:13.968Z,buy,1.25e-06,99.0,0.00012375
APPC/BTC,1605686954000,2020-11-18T08:09:14.000Z,buy,1.25e-06,2052.0,0.002565
APPC/BTC,1605686954712,2020-11-18T08:09:14.712Z,buy,1.25e-06,1889.0,0.00236125
APPC/BTC,1605686954825,2020-11-18T08:09:14.825Z,sell,1.24e-06,4198.0,0.00520552
APPC/BTC,1605686955207,2020-11-18T08:09:15.207Z,buy,1.25e-06,3101.0,0.0038762500000000004
APPC/BTC,1605686955691,2020-11-18T08:09:15.691Z,buy,1.25e-06,1113.0,0.0013912500000000001
APPC/BTC,1605686956030,2020-11-18T08:09:16.030Z,buy,1.25e-06,1490.0,0.0018625000000000002
APPC/BTC,1605686956230,2020-11-18T08:09:16.230Z,buy,1.25e-06,11926.0,0.0149075
APPC/BTC,1605686956239,2020-11-18T08:09:16.239Z,buy,1.25e-06,1490.0,0.0018625000000000002
APPC/BTC,1605686963198,2020-11-18T08:09:23.198Z,buy,1.25e-06,79.0,9.875e-05
APPC/BTC,1605686964487,2020-11-18T08:09:24.487Z,buy,1.25e-06,80.0,0.0001
APPC/BTC,1605686965947,2020-11-18T08:09:25.947Z,buy,1.25e-06,80.0,0.0001
APPC/BTC,1605686969776,2020-11-18T08:09:29.776Z,sell,1.24e-06,133.0,0.00016491999999999999
APPC/BTC,1605686979316,2020-11-18T08:09:39.316Z,buy,1.25e-06,63888.0,0.07986
APPC/BTC,1605686980302,2020-11-18T08:09:40.302Z,sell,1.25e-06,139.0,0.00017375000000000002
APPC/BTC,1605686989629,2020-11-18T08:09:49.629Z,sell,1.25e-06,678.0,0.0008475000000000001
APPC/BTC,1605687005521,2020-11-18T08:10:05.521Z,sell,1.25e-06,450.0,0.0005625000000000001
APPC/BTC,1605687068176,2020-11-18T08:11:08.176Z,sell,1.25e-06,972.0,0.0012150000000000002
APPC/BTC,1605687076146,2020-11-18T08:11:16.146Z,sell,1.25e-06,100.0,0.000125
APPC/BTC,1605687082922,2020-11-18T08:11:22.922Z,sell,1.25e-06,41437.0,0.05179625
APPC/BTC,1605687110208,2020-11-18T08:11:50.208Z,buy,1.25e-06,143.0,0.00017875
APPC/BTC,1605687133655,2020-11-18T08:12:13.655Z,sell,1.24e-06,24580.0,0.030479199999999998
APPC/BTC,1605687170393,2020-11-18T08:12:50.393Z,buy,1.25e-06,169.0,0.00021125
APPC/BTC,1605687185808,2020-11-18T08:13:05.808Z,buy,1.25e-06,3333.0,0.004166250000000001
APPC/BTC,1605687202610,2020-11-18T08:13:22.610Z,buy,1.25e-06,175.0,0.00021875
APPC/BTC,1605687226801,2020-11-18T08:13:46.801Z,buy,1.25e-06,169.0,0.00021125
APPC/BTC,1605687227303,2020-11-18T08:13:47.303Z,buy,1.25e-06,113.0,0.00014125000000000002
APPC/BTC,1605687235534,2020-11-18T08:13:55.534Z,buy,1.25e-06,6661.0,0.00832625
APPC/BTC,1605687254170,2020-11-18T08:14:14.170Z,sell,1.25e-06,3108.0,0.0038850000000000004
APPC/BTC,1605687259845,2020-11-18T08:14:19.845Z,sell,1.25e-06,137.0,0.00017125000000000002
APPC/BTC,1605687273558,2020-11-18T08:14:33.558Z,buy,1.26e-06,34536.0,0.04351536
APPC/BTC,1605687294300,2020-11-18T08:14:54.300Z,buy,1.27e-06,44476.0,0.056484519999999996
APPC/BTC,1605687324029,2020-11-18T08:15:24.029Z,buy,1.27e-06,851.0,0.00108077
APPC/BTC,1605687324892,2020-11-18T08:15:24.892Z,buy,1.28e-06,925.0,0.001184
APPC/BTC,1605687336206,2020-11-18T08:15:36.206Z,sell,1.27e-06,600.0,0.000762
APPC/BTC,1605687445808,2020-11-18T08:17:25.808Z,sell,1.27e-06,207.0,0.00026289
APPC/BTC,1605687481196,2020-11-18T08:18:01.196Z,sell,1.27e-06,199.0,0.00025273
APPC/BTC,1605687486066,2020-11-18T08:18:06.066Z,sell,1.27e-06,400.0,0.000508
APPC/BTC,1605687517699,2020-11-18T08:18:37.699Z,sell,1.27e-06,8611.0,0.01093597
APPC/BTC,1605687517699,2020-11-18T08:18:37.699Z,sell,1.27e-06,8611.0,0.01093597
APPC/BTC,1605688407012,2020-11-18T08:33:27.012Z,sell,1.26e-06,146.0,0.00018396
APPC/BTC,1605688462752,2020-11-18T08:34:22.752Z,sell,1.26e-06,145.0,0.0001827
APPC/BTC,1605688515125,2020-11-18T08:35:15.125Z,buy,1.27e-06,5525.0,0.0070167499999999995
APPC/BTC,1605688829193,2020-11-18T08:40:29.193Z,sell,1.26e-06,244.0,0.00030744
APPC/BTC,1605688856840,2020-11-18T08:40:56.840Z,sell,1.26e-06,268.0,0.00033768
APPC/BTC,1605688858242,2020-11-18T08:40:58.242Z,sell,1.26e-06,218.0,0.00027468
APPC/BTC,1605688922160,2020-11-18T08:42:02.160Z,sell,1.26e-06,120.0,0.0001512
APPC/BTC,1605688931705,2020-11-18T08:42:11.705Z,sell,1.26e-06,203.0,0.00025578
APPC/BTC,1605689011838,2020-11-18T08:43:31.838Z,sell,1.26e-06,264.0,0.00033264
APPC/BTC,1605689012972,2020-11-18T08:43:32.972Z,sell,1.26e-06,172.0,0.00021672
APPC/BTC,1605689095424,2020-11-18T08:44:55.424Z,sell,1.26e-06,144.0,0.00018144
APPC/BTC,1605689242988,2020-11-18T08:47:22.988Z,sell,1.26e-06,205.0,0.0002583
APPC/BTC,1605689420058,2020-11-18T08:50:20.058Z,sell,1.26e-06,240.0,0.0003024
APPC/BTC,1605689421233,2020-11-18T08:50:21.233Z,sell,1.26e-06,123.0,0.00015498
APPC/BTC,1605689514950,2020-11-18T08:51:54.950Z,sell,1.26e-06,171.0,0.00021546
APPC/BTC,1605689592316,2020-11-18T08:53:12.316Z,sell,1.26e-06,103.0,0.00012978
APPC/BTC,1605689602764,2020-11-18T08:53:22.764Z,sell,1.26e-06,225.0,0.0002835
APPC/BTC,1605689650363,2020-11-18T08:54:10.363Z,sell,1.26e-06,232.0,0.00029232
APPC/BTC,1605689673858,2020-11-18T08:54:33.858Z,sell,1.26e-06,111.0,0.00013986
APPC/BTC,1605689752277,2020-11-18T08:55:52.277Z,sell,1.26e-06,177.0,0.00022302
APPC/BTC,1605690031691,2020-11-18T09:00:31.691Z,buy,1.27e-06,100.0,0.000127
APPC/BTC,1605691003074,2020-11-18T09:16:43.074Z,sell,1.26e-06,132.0,0.00016632
APPC/BTC,1605691035164,2020-11-18T09:17:15.164Z,sell,1.26e-06,207.0,0.00026082
APPC/BTC,1605691050207,2020-11-18T09:17:30.207Z,sell,1.26e-06,408.0,0.00051408
APPC/BTC,1605691052283,2020-11-18T09:17:32.283Z,sell,1.26e-06,116.0,0.00014616
APPC/BTC,1605691052283,2020-11-18T09:17:32.283Z,sell,1.26e-06,116.0,0.00014616
APPC/BTC,1605691270435,2020-11-18T09:21:10.435Z,sell,1.26e-06,86.0,0.00010836
APPC/BTC,1605691977068,2020-11-18T09:32:57.068Z,sell,1.26e-06,6498.0,0.00818748
APPC/BTC,1605692161460,2020-11-18T09:36:01.460Z,sell,1.26e-06,2222.0,0.00279972
APPC/BTC,1605692272157,2020-11-18T09:37:52.157Z,sell,1.26e-06,500.0,0.00063
APPC/BTC,1605692282559,2020-11-18T09:38:02.559Z,sell,1.26e-06,500.0,0.00063
APPC/BTC,1605692294073,2020-11-18T09:38:14.073Z,sell,1.26e-06,500.0,0.00063
APPC/BTC,1605692306331,2020-11-18T09:38:26.331Z,sell,1.26e-06,500.0,0.00063
APPC/BTC,1605692554656,2020-11-18T09:42:34.656Z,sell,1.26e-06,500.0,0.00063
APPC/BTC,1605692559483,2020-11-18T09:42:39.483Z,sell,1.26e-06,500.0,0.00063
APPC/BTC,1605692565889,2020-11-18T09:42:45.889Z,sell,1.26e-06,500.0,0.00063
APPC/BTC,1605692592524,2020-11-18T09:43:12.524Z,sell,1.26e-06,1065.0,0.0013419
APPC/BTC,1605692879142,2020-11-18T09:47:59.142Z,buy,1.27e-06,26785.0,0.03401695
APPC/BTC,1605692903741,2020-11-18T09:48:23.741Z,buy,1.27e-06,143.0,0.00018161
APPC/BTC,1605692951959,2020-11-18T09:49:11.959Z,buy,1.27e-06,43711.0,0.055512969999999995
APPC/BTC,1605694314153,2020-11-18T10:11:54.153Z,sell,1.26e-06,511.0,0.00064386
APPC/BTC,1605694314153,2020-11-18T10:11:54.153Z,sell,1.26e-06,511.0,0.00064386
APPC/BTC,1605695522193,2020-11-18T10:32:02.193Z,sell,1.26e-06,1213.0,0.00152838
APPC/BTC,1605696507368,2020-11-18T10:48:27.368Z,buy,1.27e-06,16094.0,0.02043938
APPC/BTC,1605696511417,2020-11-18T10:48:31.417Z,buy,1.27e-06,3897.0,0.00494919
APPC/BTC,1605696517353,2020-11-18T10:48:37.353Z,buy,1.27e-06,1299.0,0.0016497299999999999
APPC/BTC,1605697340458,2020-11-18T11:02:20.458Z,sell,1.27e-06,189.0,0.00024003
APPC/BTC,1605697368419,2020-11-18T11:02:48.419Z,buy,1.28e-06,5000.0,0.0064
APPC/BTC,1605697368419,2020-11-18T11:02:48.419Z,buy,1.28e-06,5000.0,0.0064
APPC/BTC,1605698289665,2020-11-18T11:18:09.665Z,sell,1.27e-06,3204.0,0.00406908
APPC/BTC,1605698333385,2020-11-18T11:18:53.385Z,buy,1.27e-06,94.0,0.00011937999999999999
APPC/BTC,1605698348050,2020-11-18T11:19:08.050Z,buy,1.27e-06,79.0,0.00010033
APPC/BTC,1605698916330,2020-11-18T11:28:36.330Z,buy,1.27e-06,549.0,0.00069723
APPC/BTC,1605698916330,2020-11-18T11:28:36.330Z,buy,1.28e-06,23983.0,0.03069824
APPC/BTC,1605698916330,2020-11-18T11:28:36.330Z,buy,1.29e-06,9080.0,0.0117132
APPC/BTC,1605698916330,2020-11-18T11:28:36.330Z,buy,1.3e-06,5301.0,0.0068913
APPC/BTC,1605698920218,2020-11-18T11:28:40.218Z,sell,1.28e-06,154.0,0.00019712
APPC/BTC,1605698922520,2020-11-18T11:28:42.520Z,sell,1.28e-06,1626.0,0.00208128
APPC/BTC,1605698924144,2020-11-18T11:28:44.144Z,buy,1.29e-06,79.0,0.00010190999999999999
APPC/BTC,1605698934789,2020-11-18T11:28:54.789Z,buy,1.29e-06,75.0,9.675e-05
APPC/BTC,1605698949608,2020-11-18T11:29:09.608Z,sell,1.28e-06,759.0,0.00097152
APPC/BTC,1605699009644,2020-11-18T11:30:09.644Z,sell,1.28e-06,94.0,0.00012032
APPC/BTC,1605699036995,2020-11-18T11:30:36.995Z,sell,1.28e-06,388.0,0.00049664
APPC/BTC,1605699039097,2020-11-18T11:30:39.097Z,sell,1.28e-06,151.0,0.00019328
APPC/BTC,1605699065392,2020-11-18T11:31:05.392Z,sell,1.28e-06,799.0,0.00102272
APPC/BTC,1605699091225,2020-11-18T11:31:31.225Z,sell,1.28e-06,113.0,0.00014464
APPC/BTC,1605699092457,2020-11-18T11:31:32.457Z,sell,1.28e-06,190.0,0.0002432
APPC/BTC,1605699103085,2020-11-18T11:31:43.085Z,sell,1.28e-06,2189.0,0.00280192
APPC/BTC,1605699103085,2020-11-18T11:31:43.085Z,sell,1.27e-06,2740.0,0.0034798
APPC/BTC,1605699103085,2020-11-18T11:31:43.085Z,sell,1.26e-06,673.0,0.00084798
APPC/BTC,1605699113680,2020-11-18T11:31:53.680Z,buy,1.27e-06,236.0,0.00029971999999999996
APPC/BTC,1605699186741,2020-11-18T11:33:06.741Z,buy,1.27e-06,87.0,0.00011049
APPC/BTC,1605699553602,2020-11-18T11:39:13.602Z,buy,1.27e-06,779.0,0.0009893299999999999
APPC/BTC,1605700163125,2020-11-18T11:49:23.125Z,sell,1.27e-06,177.0,0.00022479
APPC/BTC,1605700732754,2020-11-18T11:58:52.754Z,sell,1.27e-06,250.0,0.00031749999999999997
APPC/BTC,1605700732754,2020-11-18T11:58:52.754Z,sell,1.27e-06,250.0,0.00031749999999999997
APPC/BTC,1605701061076,2020-11-18T12:04:21.076Z,sell,1.27e-06,2001.0,0.00254127
APPC/BTC,1605701229527,2020-11-18T12:07:09.527Z,sell,1.27e-06,6588.0,0.008366759999999999
APPC/BTC,1605701229527,2020-11-18T12:07:09.527Z,sell,1.26e-06,4607.0,0.00580482
APPC/BTC,1605702138081,2020-11-18T12:22:18.081Z,sell,1.26e-06,3182.0,0.00400932
APPC/BTC,1605702147893,2020-11-18T12:22:27.893Z,buy,1.26e-06,1818.0,0.00229068
APPC/BTC,1605703481561,2020-11-18T12:44:41.561Z,sell,1.26e-06,248.0,0.00031248
APPC/BTC,1605703623800,2020-11-18T12:47:03.800Z,sell,1.26e-06,43711.0,0.05507586
APPC/BTC,1605703623800,2020-11-18T12:47:03.800Z,sell,1.25e-06,68880.0,0.08610000000000001
APPC/BTC,1605703623836,2020-11-18T12:47:03.836Z,buy,1.25e-06,1965.0,0.00245625
APPC/BTC,1605703624039,2020-11-18T12:47:04.039Z,buy,1.25e-06,2853.0,0.0035662500000000004
APPC/BTC,1605703626431,2020-11-18T12:47:06.431Z,sell,1.24e-06,3015.0,0.0037386
APPC/BTC,1605703660847,2020-11-18T12:47:40.847Z,buy,1.25e-06,286.0,0.0003575
APPC/BTC,1605703743766,2020-11-18T12:49:03.766Z,buy,1.25e-06,177.0,0.00022125
APPC/BTC,1605703743914,2020-11-18T12:49:03.914Z,buy,1.25e-06,178.0,0.00022250000000000001
APPC/BTC,1605703744699,2020-11-18T12:49:04.699Z,sell,1.24e-06,972.0,0.00120528
APPC/BTC,1605703774117,2020-11-18T12:49:34.117Z,buy,1.25e-06,158.0,0.0001975
APPC/BTC,1605703774241,2020-11-18T12:49:34.241Z,buy,1.25e-06,159.0,0.00019875
APPC/BTC,1605703792940,2020-11-18T12:49:52.940Z,buy,1.25e-06,623.0,0.00077875
APPC/BTC,1605703796528,2020-11-18T12:49:56.528Z,buy,1.25e-06,108.0,0.000135
APPC/BTC,1605703801332,2020-11-18T12:50:01.332Z,buy,1.25e-06,147.0,0.00018375000000000002
APPC/BTC,1605703801465,2020-11-18T12:50:01.465Z,buy,1.25e-06,147.0,0.00018375000000000002
APPC/BTC,1605703828877,2020-11-18T12:50:28.877Z,buy,1.25e-06,155.0,0.00019375000000000002
APPC/BTC,1605703846080,2020-11-18T12:50:46.080Z,buy,1.25e-06,195.0,0.00024375000000000002
APPC/BTC,1605703854254,2020-11-18T12:50:54.254Z,buy,1.25e-06,273.0,0.00034125000000000003
APPC/BTC,1605703879232,2020-11-18T12:51:19.232Z,buy,1.26e-06,388.0,0.00048888
APPC/BTC,1605703880053,2020-11-18T12:51:20.053Z,buy,1.27e-06,388.0,0.00049276
APPC/BTC,1605704015301,2020-11-18T12:53:35.301Z,sell,1.26e-06,600.0,0.000756
APPC/BTC,1605704099488,2020-11-18T12:54:59.488Z,sell,1.26e-06,20.0,2.52e-05
APPC/BTC,1605704099488,2020-11-18T12:54:59.488Z,sell,1.25e-06,738.0,0.0009225
APPC/BTC,1605704099488,2020-11-18T12:54:59.488Z,sell,1.26e-06,20.0,2.52e-05
APPC/BTC,1605704099488,2020-11-18T12:54:59.488Z,sell,1.25e-06,738.0,0.0009225
APPC/BTC,1605704399617,2020-11-18T12:59:59.617Z,sell,1.25e-06,3107.0,0.0038837500000000005
APPC/BTC,1605705652235,2020-11-18T13:20:52.235Z,buy,1.26e-06,4157.0,0.00523782
APPC/BTC,1605706152886,2020-11-18T13:29:12.886Z,buy,1.27e-06,5088.0,0.0064617599999999996
APPC/BTC,1605706152886,2020-11-18T13:29:12.886Z,buy,1.28e-06,26162.0,0.03348736
APPC/BTC,1605706191199,2020-11-18T13:29:51.199Z,sell,1.27e-06,113.0,0.00014350999999999999
APPC/BTC,1605706191333,2020-11-18T13:29:51.333Z,sell,1.27e-06,114.0,0.00014477999999999998
APPC/BTC,1605706209407,2020-11-18T13:30:09.407Z,sell,1.27e-06,14.0,1.778e-05
APPC/BTC,1605706209407,2020-11-18T13:30:09.407Z,sell,1.26e-06,1170.0,0.0014742
APPC/BTC,1605706266878,2020-11-18T13:31:06.878Z,buy,1.27e-06,9803.0,0.012449809999999999
APPC/BTC,1605706381614,2020-11-18T13:33:01.614Z,buy,1.28e-06,29843.0,0.038199040000000004
APPC/BTC,1605706508343,2020-11-18T13:35:08.343Z,buy,1.27e-06,94.0,0.00011937999999999999
APPC/BTC,1605706562611,2020-11-18T13:36:02.611Z,sell,1.26e-06,165.0,0.0002079
APPC/BTC,1605706630408,2020-11-18T13:37:10.408Z,sell,1.26e-06,78.0,9.828e-05
APPC/BTC,1605707081319,2020-11-18T13:44:41.319Z,buy,1.27e-06,1862.0,0.0023647399999999997
APPC/BTC,1605707558338,2020-11-18T13:52:38.338Z,buy,1.27e-06,543.0,0.0006896099999999999
APPC/BTC,1605707558338,2020-11-18T13:52:38.338Z,buy,1.28e-06,41079.0,0.05258112
APPC/BTC,1605707558338,2020-11-18T13:52:38.338Z,buy,1.27e-06,543.0,0.0006896099999999999
APPC/BTC,1605707558338,2020-11-18T13:52:38.338Z,buy,1.28e-06,41079.0,0.05258112
APPC/BTC,1605707713463,2020-11-18T13:55:13.463Z,buy,1.28e-06,79.0,0.00010112000000000001
APPC/BTC,1605707713463,2020-11-18T13:55:13.463Z,buy,1.29e-06,702.0,0.0009055799999999999
APPC/BTC,1605707756256,2020-11-18T13:55:56.256Z,sell,1.28e-06,154.0,0.00019712
APPC/BTC,1605707800726,2020-11-18T13:56:40.726Z,sell,1.28e-06,176.0,0.00022528
APPC/BTC,1605707800860,2020-11-18T13:56:40.860Z,sell,1.28e-06,116.0,0.00014848000000000001
APPC/BTC,1605707827100,2020-11-18T13:57:07.100Z,sell,1.28e-06,267.0,0.00034176
APPC/BTC,1605707827241,2020-11-18T13:57:07.241Z,sell,1.28e-06,267.0,0.00034176
APPC/BTC,1605707832368,2020-11-18T13:57:12.368Z,buy,1.29e-06,852.0,0.00109908
APPC/BTC,1605707855085,2020-11-18T13:57:35.085Z,sell,1.28e-06,388.0,0.00049664
APPC/BTC,1605707868901,2020-11-18T13:57:48.901Z,sell,1.28e-06,130.0,0.0001664
APPC/BTC,1605707909846,2020-11-18T13:58:29.846Z,sell,1.28e-06,114.0,0.00014592
APPC/BTC,1605707931713,2020-11-18T13:58:51.713Z,sell,1.28e-06,107.0,0.00013696
APPC/BTC,1605707974170,2020-11-18T13:59:34.170Z,sell,1.28e-06,218.0,0.00027904
APPC/BTC,1605708020407,2020-11-18T14:00:20.407Z,sell,1.28e-06,161.0,0.00020608
APPC/BTC,1605708022592,2020-11-18T14:00:22.592Z,buy,1.29e-06,21353.0,0.02754537
APPC/BTC,1605708022630,2020-11-18T14:00:22.630Z,sell,1.29e-06,1827.0,0.00235683
APPC/BTC,1605708022635,2020-11-18T14:00:22.635Z,sell,1.29e-06,1201.0,0.0015492899999999998
APPC/BTC,1605708022750,2020-11-18T14:00:22.750Z,sell,1.29e-06,1613.0,0.00208077
APPC/BTC,1605708022936,2020-11-18T14:00:22.936Z,sell,1.29e-06,603.0,0.00077787
APPC/BTC,1605708027173,2020-11-18T14:00:27.173Z,sell,1.29e-06,100.0,0.000129
APPC/BTC,1605708044452,2020-11-18T14:00:44.452Z,buy,1.29e-06,852.0,0.00109908
APPC/BTC,1605708044452,2020-11-18T14:00:44.452Z,buy,1.3e-06,15213.0,0.0197769
APPC/BTC,1605708045131,2020-11-18T14:00:45.131Z,sell,1.3e-06,98.0,0.0001274
APPC/BTC,1605708050699,2020-11-18T14:00:50.699Z,buy,1.31e-06,606.0,0.00079386
APPC/BTC,1605708070075,2020-11-18T14:01:10.075Z,sell,1.3e-06,151.0,0.0001963
APPC/BTC,1605708071237,2020-11-18T14:01:11.237Z,sell,1.3e-06,93.0,0.0001209
APPC/BTC,1605708323835,2020-11-18T14:05:23.835Z,sell,1.29e-06,846.0,0.0010913399999999999
APPC/BTC,1605708336956,2020-11-18T14:05:36.956Z,sell,1.28e-06,88.0,0.00011264
APPC/BTC,1605708859268,2020-11-18T14:14:19.268Z,buy,1.29e-06,140.0,0.0001806
APPC/BTC,1605708866337,2020-11-18T14:14:26.337Z,buy,1.29e-06,627.0,0.00080883
APPC/BTC,1605708901771,2020-11-18T14:15:01.771Z,sell,1.29e-06,944.0,0.00121776
APPC/BTC,1605708997996,2020-11-18T14:16:37.996Z,sell,1.29e-06,361.0,0.00046569
APPC/BTC,1605709031874,2020-11-18T14:17:11.874Z,buy,1.3e-06,219.0,0.00028470000000000004
APPC/BTC,1605709032314,2020-11-18T14:17:12.314Z,sell,1.3e-06,8877.0,0.011540100000000001
APPC/BTC,1605709067669,2020-11-18T14:17:47.669Z,sell,1.29e-06,127.0,0.00016382999999999998
APPC/BTC,1605709279062,2020-11-18T14:21:19.062Z,buy,1.3e-06,5642.0,0.0073346
APPC/BTC,1605709510574,2020-11-18T14:25:10.574Z,sell,1.29e-06,28778.0,0.037123619999999996
APPC/BTC,1605709532832,2020-11-18T14:25:32.832Z,buy,1.3e-06,302.0,0.0003926
APPC/BTC,1605709532832,2020-11-18T14:25:32.832Z,buy,1.31e-06,14698.0,0.019254379999999998
APPC/BTC,1605709624175,2020-11-18T14:27:04.175Z,sell,1.29e-06,13500.0,0.017415
APPC/BTC,1605709634740,2020-11-18T14:27:14.740Z,sell,1.29e-06,1661.0,0.00214269
APPC/BTC,1605709634847,2020-11-18T14:27:14.847Z,buy,1.29e-06,7836.0,0.01010844
APPC/BTC,1605709651953,2020-11-18T14:27:31.953Z,buy,1.29e-06,26825.0,0.034604249999999996
APPC/BTC,1605709658385,2020-11-18T14:27:38.385Z,buy,1.29e-06,17633.0,0.022746569999999997
APPC/BTC,1605709688158,2020-11-18T14:28:08.158Z,buy,1.29e-06,78.0,0.00010062
APPC/BTC,1605709692937,2020-11-18T14:28:12.937Z,buy,1.29e-06,232.0,0.00029927999999999997
APPC/BTC,1605709962861,2020-11-18T14:32:42.861Z,buy,1.3e-06,19097.0,0.0248261
APPC/BTC,1605709987587,2020-11-18T14:33:07.587Z,sell,1.29e-06,847.0,0.00109263
APPC/BTC,1605710017092,2020-11-18T14:33:37.092Z,buy,1.29e-06,1102.0,0.00142158
APPC/BTC,1605710059268,2020-11-18T14:34:19.268Z,buy,1.29e-06,140.0,0.0001806
APPC/BTC,1605710117991,2020-11-18T14:35:17.991Z,sell,1.28e-06,254.0,0.00032512000000000003
APPC/BTC,1605710121941,2020-11-18T14:35:21.941Z,sell,1.28e-06,878.0,0.00112384
APPC/BTC,1605710133774,2020-11-18T14:35:33.774Z,buy,1.29e-06,34883.0,0.044999069999999995
APPC/BTC,1605710221255,2020-11-18T14:37:01.255Z,sell,1.28e-06,588.0,0.0007526400000000001
APPC/BTC,1605710458612,2020-11-18T14:40:58.612Z,sell,1.28e-06,70488.0,0.09022464000000001
APPC/BTC,1605711051588,2020-11-18T14:50:51.588Z,sell,1.28e-06,138.0,0.00017664000000000002
APPC/BTC,1605711051588,2020-11-18T14:50:51.588Z,sell,1.28e-06,138.0,0.00017664000000000002
APPC/BTC,1605711208174,2020-11-18T14:53:28.174Z,sell,1.28e-06,767.0,0.00098176
APPC/BTC,1605711276887,2020-11-18T14:54:36.887Z,buy,1.29e-06,7609.0,0.009815609999999999
APPC/BTC,1605711298852,2020-11-18T14:54:58.852Z,buy,1.29e-06,44031.0,0.056799989999999995
APPC/BTC,1605711304917,2020-11-18T14:55:04.917Z,sell,1.28e-06,482.0,0.0006169600000000001
APPC/BTC,1605711553315,2020-11-18T14:59:13.315Z,buy,1.29e-06,37961.0,0.048969689999999996
APPC/BTC,1605711557400,2020-11-18T14:59:17.400Z,sell,1.28e-06,545.0,0.0006976
APPC/BTC,1605711903745,2020-11-18T15:05:03.745Z,buy,1.3e-06,359.0,0.0004667
APPC/BTC,1605711903745,2020-11-18T15:05:03.745Z,buy,1.31e-06,3.0,3.93e-06
APPC/BTC,1605711916660,2020-11-18T15:05:16.660Z,sell,1.29e-06,80.0,0.00010319999999999999
APPC/BTC,1605711916660,2020-11-18T15:05:16.660Z,sell,1.28e-06,142.0,0.00018176
APPC/BTC,1605712027709,2020-11-18T15:07:07.709Z,buy,1.3e-06,80.0,0.00010400000000000001
APPC/BTC,1605712033574,2020-11-18T15:07:13.574Z,buy,1.31e-06,13949.0,0.018273189999999998
APPC/BTC,1605712861032,2020-11-18T15:21:01.032Z,sell,1.29e-06,29507.0,0.03806403
APPC/BTC,1605712878268,2020-11-18T15:21:18.268Z,buy,1.29e-06,140.0,0.0001806
APPC/BTC,1605712881054,2020-11-18T15:21:21.054Z,buy,1.29e-06,26275.0,0.03389475
APPC/BTC,1605712888039,2020-11-18T15:21:28.039Z,buy,1.29e-06,85.0,0.00010965
APPC/BTC,1605712889472,2020-11-18T15:21:29.472Z,sell,1.29e-06,95.0,0.00012255
APPC/BTC,1605713024614,2020-11-18T15:23:44.614Z,buy,1.3e-06,220.0,0.000286
APPC/BTC,1605713083092,2020-11-18T15:24:43.092Z,buy,1.31e-06,10774.0,0.01411394
APPC/BTC,1605713107415,2020-11-18T15:25:07.415Z,buy,1.31e-06,409.0,0.00053579
APPC/BTC,1605713135448,2020-11-18T15:25:35.448Z,buy,1.31e-06,230.0,0.0003013
APPC/BTC,1605713160957,2020-11-18T15:26:00.957Z,buy,1.31e-06,4345.0,0.0056919499999999994
APPC/BTC,1605713234545,2020-11-18T15:27:14.545Z,sell,1.3e-06,4767.0,0.0061971000000000005
APPC/BTC,1605714550493,2020-11-18T15:49:10.493Z,sell,1.3e-06,340.0,0.000442
APPC/BTC,1605714550493,2020-11-18T15:49:10.493Z,sell,1.3e-06,340.0,0.000442
APPC/BTC,1605714718338,2020-11-18T15:51:58.338Z,buy,1.3e-06,154.0,0.00020020000000000001
APPC/BTC,1605714976570,2020-11-18T15:56:16.570Z,sell,1.29e-06,5699.0,0.00735171
APPC/BTC,1605714976570,2020-11-18T15:56:16.570Z,sell,1.28e-06,8316.0,0.01064448
APPC/BTC,1605715044244,2020-11-18T15:57:24.244Z,buy,1.29e-06,140.0,0.0001806
APPC/BTC,1605715112371,2020-11-18T15:58:32.371Z,buy,1.29e-06,11705.0,0.015099449999999999
