symbol,timestamp,datetime,side,price,amount,btc_volume
APPC/BTC,1639753362431,2021-12-17T15:02:42.431Z,buy,1.49e-06,336.0,0.00050064
APPC/BTC,1639753439284,2021-12-17T15:03:59.284Z,sell,1.48e-06,242.0,0.00035816
APPC/BTC,1639753736853,2021-12-17T15:08:56.853Z,sell,1.48e-06,2626.0,0.00388648
APPC/BTC,1639754375020,2021-12-17T15:19:35.020Z,buy,1.49e-06,1471.0,0.00219179
APPC/BTC,1639754472005,2021-12-17T15:21:12.005Z,sell,1.48e-06,125.0,0.000185
APPC/BTC,1639754863185,2021-12-17T15:27:43.185Z,buy,1.49e-06,939.0,0.0013991099999999999
APPC/BTC,1639754893735,2021-12-17T15:28:13.735Z,sell,1.48e-06,1575.0,0.002331
APPC/BTC,1639754922520,2021-12-17T15:28:42.520Z,buy,1.49e-06,88.0,0.00013112
APPC/BTC,1639755326491,2021-12-17T15:35:26.491Z,sell,1.48e-06,706.0,0.00104488
APPC/BTC,1639755540889,2021-12-17T15:39:00.889Z,buy,1.49e-06,723.0,0.00107727
APPC/BTC,1639755779663,2021-12-17T15:42:59.663Z,sell,1.48e-06,4039.0,0.00597772
APPC/BTC,1639755790041,2021-12-17T15:43:10.041Z,buy,1.49e-06,3852.0,0.00573948
APPC/BTC,1639756219274,2021-12-17T15:50:19.274Z,sell,1.48e-06,499.0,0.00073852
APPC/BTC,1639756363828,2021-12-17T15:52:43.828Z,buy,1.49e-06,196.0,0.00029204
APPC/BTC,1639756668251,2021-12-17T15:57:48.251Z,sell,1.48e-06,178.0,0.00026344
APPC/BTC,1639756774019,2021-12-17T15:59:34.019Z,buy,1.49e-06,10702.0,0.01594598
APPC/BTC,1639756774019,2021-12-17T15:59:34.019Z,buy,1.49e-06,10702.0,0.01594598
APPC/BTC,1639756805010,2021-12-17T16:00:05.010Z,sell,1.49e-06,2583.0,0.0038486699999999998
APPC/BTC,1639757081603,2021-12-17T16:04:41.603Z,buy,1.5e-06,276.0,0.00041400000000000003
APPC/BTC,1639757099956,2021-12-17T16:04:59.956Z,buy,1.5e-06,38367.0,0.057550500000000004
APPC/BTC,1639757099956,2021-12-17T16:04:59.956Z,buy,1.51e-06,120928.0,0.18260128
APPC/BTC,1639757103435,2021-12-17T16:05:03.435Z,sell,1.51e-06,137.0,0.00020687
APPC/BTC,1639757268432,2021-12-17T16:07:48.432Z,buy,1.52e-06,253.0,0.00038456
APPC/BTC,1639757318224,2021-12-17T16:08:38.224Z,buy,1.52e-06,9528.0,0.01448256
APPC/BTC,1639757366068,2021-12-17T16:09:26.068Z,sell,1.51e-06,71.0,0.00010721
APPC/BTC,1639757469073,2021-12-17T16:11:09.073Z,buy,1.52e-06,5000.0,0.0076
APPC/BTC,1639757757756,2021-12-17T16:15:57.756Z,sell,1.51e-06,1981.0,0.00299131
APPC/BTC,1639757773127,2021-12-17T16:16:13.127Z,sell,1.51e-06,988.0,0.00149188
APPC/BTC,1639758290403,2021-12-17T16:24:50.403Z,buy,1.52e-06,10582.0,0.01608464
APPC/BTC,1639758445485,2021-12-17T16:27:25.485Z,buy,1.52e-06,6021.0,0.009151920000000001
APPC/BTC,1639758652385,2021-12-17T16:30:52.385Z,buy,1.52e-06,1289.0,0.00195928
APPC/BTC,1639758705097,2021-12-17T16:31:45.097Z,buy,1.52e-06,450.0,0.000684
APPC/BTC,1639758772805,2021-12-17T16:32:52.805Z,buy,1.52e-06,81530.0,0.12392560000000001
APPC/BTC,1639758845735,2021-12-17T16:34:05.735Z,sell,1.51e-06,2985.0,0.00450735
APPC/BTC,1639758890875,2021-12-17T16:34:50.875Z,buy,1.52e-06,1101.0,0.0016735200000000002
APPC/BTC,1639758978423,2021-12-17T16:36:18.423Z,buy,1.52e-06,80326.0,0.12209552
APPC/BTC,1639758980738,2021-12-17T16:36:20.738Z,buy,1.52e-06,71.0,0.00010792000000000001
APPC/BTC,1639759088803,2021-12-17T16:38:08.803Z,buy,1.52e-06,698.0,0.0010609600000000001
APPC/BTC,1639759313655,2021-12-17T16:41:53.655Z,sell,1.51e-06,683.0,0.00103133
APPC/BTC,1639759454943,2021-12-17T16:44:14.943Z,buy,1.52e-06,949.0,0.00144248
APPC/BTC,1639759702131,2021-12-17T16:48:22.131Z,buy,1.52e-06,99.0,0.00015048
APPC/BTC,1639760302172,2021-12-17T16:58:22.172Z,sell,1.51e-06,200.0,0.00030199999999999997
APPC/BTC,1639760362098,2021-12-17T16:59:22.098Z,buy,1.52e-06,14890.0,0.0226328
APPC/BTC,1639760371836,2021-12-17T16:59:31.836Z,sell,1.52e-06,167.0,0.00025384
APPC/BTC,1639760371844,2021-12-17T16:59:31.844Z,sell,1.52e-06,140.0,0.0002128
APPC/BTC,1639760371859,2021-12-17T16:59:31.859Z,sell,1.52e-06,155.0,0.0002356
APPC/BTC,1639760371944,2021-12-17T16:59:31.944Z,sell,1.52e-06,70.0,0.0001064
APPC/BTC,1639760371944,2021-12-17T16:59:31.944Z,sell,1.52e-06,70.0,0.0001064
APPC/BTC,1639760408115,2021-12-17T17:00:08.115Z,sell,1.52e-06,1000.0,0.00152
APPC/BTC,1639760417780,2021-12-17T17:00:17.780Z,sell,1.52e-06,500.0,0.00076
APPC/BTC,1639760428733,2021-12-17T17:00:28.733Z,sell,1.52e-06,500.0,0.00076
APPC/BTC,1639760437652,2021-12-17T17:00:37.652Z,sell,1.52e-06,123.0,0.00018696
APPC/BTC,1639760445246,2021-12-17T17:00:45.246Z,sell,1.52e-06,110.0,0.0001672
APPC/BTC,1639760482961,2021-12-17T17:01:22.961Z,sell,1.51e-06,329.0,0.00049679
APPC/BTC,1639760482986,2021-12-17T17:01:22.986Z,sell,1.51e-06,329.0,0.00049679
APPC/BTC,1639760501591,2021-12-17T17:01:41.591Z,sell,1.51e-06,10000.0,0.015099999999999999
APPC/BTC,1639760547489,2021-12-17T17:02:27.489Z,sell,1.52e-06,74.0,0.00011248000000000001
APPC/BTC,1639760629108,2021-12-17T17:03:49.108Z,sell,1.52e-06,2416.0,0.00367232
APPC/BTC,1639760682356,2021-12-17T17:04:42.356Z,buy,1.53e-06,385.0,0.00058905
APPC/BTC,1639761123369,2021-12-17T17:12:03.369Z,buy,1.53e-06,667.0,0.00102051
APPC/BTC,1639761144871,2021-12-17T17:12:24.871Z,buy,1.53e-06,618.0,0.00094554
APPC/BTC,1639761310185,2021-12-17T17:15:10.185Z,buy,1.53e-06,71.0,0.00010863
APPC/BTC,1639761406576,2021-12-17T17:16:46.576Z,sell,1.52e-06,335.0,0.0005092
APPC/BTC,1639761440216,2021-12-17T17:17:20.216Z,sell,1.52e-06,94.0,0.00014288000000000001
APPC/BTC,1639761458649,2021-12-17T17:17:38.649Z,sell,1.52e-06,444.0,0.00067488
APPC/BTC,1639761806804,2021-12-17T17:23:26.804Z,sell,1.52e-06,938.0,0.00142576
APPC/BTC,1639762000803,2021-12-17T17:26:40.803Z,sell,1.52e-06,1111.0,0.00168872
APPC/BTC,1639762171931,2021-12-17T17:29:31.931Z,sell,1.52e-06,3136.0,0.00476672
APPC/BTC,1639762693197,2021-12-17T17:38:13.197Z,buy,1.53e-06,197.0,0.00030141
APPC/BTC,1639762775325,2021-12-17T17:39:35.325Z,sell,1.52e-06,91766.0,0.13948432
APPC/BTC,1639762953682,2021-12-17T17:42:33.682Z,sell,1.51e-06,322.0,0.00048622
APPC/BTC,1639763070586,2021-12-17T17:44:30.586Z,sell,1.51e-06,99.0,0.00014949
APPC/BTC,1639763138377,2021-12-17T17:45:38.377Z,buy,1.52e-06,198.0,0.00030096
APPC/BTC,1639763164419,2021-12-17T17:46:04.419Z,buy,1.52e-06,100.0,0.000152
APPC/BTC,1639763272911,2021-12-17T17:47:52.911Z,sell,1.51e-06,1464.0,0.00221064
APPC/BTC,1639763332404,2021-12-17T17:48:52.404Z,sell,1.51e-06,618.0,0.0009331799999999999
APPC/BTC,1639763389589,2021-12-17T17:49:49.589Z,buy,1.52e-06,263.0,0.00039976000000000004
APPC/BTC,1639763707459,2021-12-17T17:55:07.459Z,sell,1.51e-06,1275.0,0.0019252499999999999
APPC/BTC,1639763797222,2021-12-17T17:56:37.222Z,sell,1.51e-06,286.0,0.00043186
APPC/BTC,1639763967691,2021-12-17T17:59:27.691Z,sell,1.51e-06,3269.0,0.00493619
APPC/BTC,1639763967691,2021-12-17T17:59:27.691Z,sell,1.51e-06,3269.0,0.00493619
APPC/BTC,1639764287241,2021-12-17T18:04:47.241Z,buy,1.52e-06,479.0,0.00072808
APPC/BTC,1639764510350,2021-12-17T18:08:30.350Z,buy,1.52e-06,348.0,0.00052896
APPC/BTC,1639764743043,2021-12-17T18:12:23.043Z,sell,1.51e-06,3159.0,0.004770089999999999
APPC/BTC,1639764894283,2021-12-17T18:14:54.283Z,sell,1.51e-06,247.0,0.00037297
APPC/BTC,1639765617802,2021-12-17T18:26:57.802Z,sell,1.51e-06,5066.0,0.00764966
APPC/BTC,1639765890310,2021-12-17T18:31:30.310Z,sell,1.51e-06,8873.0,0.013398229999999999
APPC/BTC,1639765940814,2021-12-17T18:32:20.814Z,buy,1.52e-06,109.0,0.00016568
APPC/BTC,1639765960700,2021-12-17T18:32:40.700Z,buy,1.52e-06,329.0,0.00050008
APPC/BTC,1639765964142,2021-12-17T18:32:44.142Z,buy,1.52e-06,329.0,0.00050008
APPC/BTC,1639765964964,2021-12-17T18:32:44.964Z,buy,1.52e-06,329.0,0.00050008
APPC/BTC,1639766208630,2021-12-17T18:36:48.630Z,sell,1.51e-06,9086.0,0.013719859999999999
APPC/BTC,1639766761570,2021-12-17T18:46:01.570Z,buy,1.52e-06,226.0,0.00034352
APPC/BTC,1639766983816,2021-12-17T18:49:43.816Z,sell,1.51e-06,799.0,0.00120649
APPC/BTC,1639767361287,2021-12-17T18:56:01.287Z,buy,1.52e-06,139.0,0.00021128
APPC/BTC,1639767446646,2021-12-17T18:57:26.646Z,buy,1.52e-06,657.0,0.00099864
APPC/BTC,1639767446646,2021-12-17T18:57:26.646Z,buy,1.52e-06,657.0,0.00099864
APPC/BTC,1639767846323,2021-12-17T19:04:06.323Z,sell,1.51e-06,83.0,0.00012533
APPC/BTC,1639768119974,2021-12-17T19:08:39.974Z,sell,1.51e-06,1727.0,0.0026077699999999997
APPC/BTC,1639768430142,2021-12-17T19:13:50.142Z,sell,1.51e-06,92.0,0.00013892
APPC/BTC,1639768605741,2021-12-17T19:16:45.741Z,buy,1.52e-06,137.0,0.00020824
APPC/BTC,1639768628837,2021-12-17T19:17:08.837Z,buy,1.52e-06,93.0,0.00014136000000000002
APPC/BTC,1639768918421,2021-12-17T19:21:58.421Z,buy,1.52e-06,789.0,0.00119928
APPC/BTC,1639769932611,2021-12-17T19:38:52.611Z,sell,1.51e-06,100.0,0.00015099999999999998
APPC/BTC,1639769989587,2021-12-17T19:39:49.587Z,sell,1.51e-06,255.0,0.00038505
APPC/BTC,1639770057224,2021-12-17T19:40:57.224Z,sell,1.51e-06,2918.0,0.00440618
APPC/BTC,1639770373949,2021-12-17T19:46:13.949Z,sell,1.51e-06,99.0,0.00014949
APPC/BTC,1639770492713,2021-12-17T19:48:12.713Z,buy,1.52e-06,85.0,0.0001292
APPC/BTC,1639770584742,2021-12-17T19:49:44.742Z,buy,1.52e-06,198.0,0.00030096
APPC/BTC,1639770584742,2021-12-17T19:49:44.742Z,buy,1.52e-06,198.0,0.00030096
APPC/BTC,1639771167293,2021-12-17T19:59:27.293Z,sell,1.51e-06,57802.0,0.08728102
APPC/BTC,1639771363341,2021-12-17T20:02:43.341Z,sell,1.5e-06,12932.0,0.019398000000000002
APPC/BTC,1639771448736,2021-12-17T20:04:08.736Z,sell,1.5e-06,2401.0,0.0036015
APPC/BTC,1639771513655,2021-12-17T20:05:13.655Z,buy,1.51e-06,226.0,0.00034125999999999997
APPC/BTC,1639771513918,2021-12-17T20:05:13.918Z,sell,1.5e-06,72294.0,0.10844100000000001
APPC/BTC,1639772825559,2021-12-17T20:27:05.559Z,buy,1.51e-06,221.0,0.00033371
APPC/BTC,1639773383620,2021-12-17T20:36:23.620Z,sell,1.5e-06,1656.0,0.002484
APPC/BTC,1639773447424,2021-12-17T20:37:27.424Z,buy,1.51e-06,226.0,0.00034125999999999997
APPC/BTC,1639773940817,2021-12-17T20:45:40.817Z,buy,1.51e-06,1750.0,0.0026425
APPC/BTC,1639773984947,2021-12-17T20:46:24.947Z,sell,1.5e-06,9223.0,0.0138345
APPC/BTC,1639774153105,2021-12-17T20:49:13.105Z,buy,1.51e-06,212.0,0.00032011999999999996
APPC/BTC,1639774153105,2021-12-17T20:49:13.105Z,buy,1.51e-06,212.0,0.00032011999999999996
APPC/BTC,1639774249943,2021-12-17T20:50:49.943Z,buy,1.51e-06,495.0,0.00074745
APPC/BTC,1639775063189,2021-12-17T21:04:23.189Z,buy,1.51e-06,96.0,0.00014496
APPC/BTC,1639775158751,2021-12-17T21:05:58.751Z,buy,1.51e-06,1801.0,0.00271951
APPC/BTC,1639776652035,2021-12-17T21:30:52.035Z,buy,1.51e-06,205.0,0.00030954999999999996
APPC/BTC,1639776809029,2021-12-17T21:33:29.029Z,sell,1.5e-06,1748.0,0.002622
APPC/BTC,1639777244677,2021-12-17T21:40:44.677Z,sell,1.5e-06,173.0,0.0002595
APPC/BTC,1639777418696,2021-12-17T21:43:38.696Z,buy,1.51e-06,249.0,0.00037599
APPC/BTC,1639777456374,2021-12-17T21:44:16.374Z,buy,1.51e-06,335.0,0.00050585
APPC/BTC,1639777456374,2021-12-17T21:44:16.374Z,buy,1.51e-06,335.0,0.00050585
APPC/BTC,1639777951202,2021-12-17T21:52:31.202Z,sell,1.5e-06,133.0,0.0001995
APPC/BTC,1639777969586,2021-12-17T21:52:49.586Z,sell,1.5e-06,1800.0,0.0027
APPC/BTC,1639778117007,2021-12-17T21:55:17.007Z,sell,1.5e-06,770.0,0.001155
APPC/BTC,1639778657936,2021-12-17T22:04:17.936Z,buy,1.51e-06,176.0,0.00026576
APPC/BTC,1639779082442,2021-12-17T22:11:22.442Z,sell,1.5e-06,503.0,0.0007545000000000001
APPC/BTC,1639779607649,2021-12-17T22:20:07.649Z,buy,1.51e-06,453.0,0.00068403
APPC/BTC,1639779712105,2021-12-17T22:21:52.105Z,sell,1.5e-06,1481.0,0.0022215
APPC/BTC,1639779735862,2021-12-17T22:22:15.862Z,sell,1.5e-06,504.0,0.000756
APPC/BTC,1639780277195,2021-12-17T22:31:17.195Z,sell,1.5e-06,1000.0,0.0015
APPC/BTC,1639780277195,2021-12-17T22:31:17.195Z,sell,1.5e-06,1000.0,0.0015
APPC/BTC,1639781683909,2021-12-17T22:54:43.909Z,buy,1.51e-06,371.0,0.00056021
APPC/BTC,1639782062258,2021-12-17T23:01:02.258Z,sell,1.5e-06,1000.0,0.0015
APPC/BTC,1639783040717,2021-12-17T23:17:20.717Z,sell,1.5e-06,67.0,0.0001005
APPC/BTC,1639783742184,2021-12-17T23:29:02.184Z,sell,1.5e-06,5920.0,0.00888
APPC/BTC,1639783818350,2021-12-17T23:30:18.350Z,buy,1.51e-06,111625.0,0.16855375
APPC/BTC,1639783818350,2021-12-17T23:30:18.350Z,buy,1.51e-06,111625.0,0.16855375
APPC/BTC,1639784180075,2021-12-17T23:36:20.075Z,sell,1.5e-06,2881.0,0.0043215
APPC/BTC,1639784350439,2021-12-17T23:39:10.439Z,buy,1.51e-06,88.0,0.00013288
APPC/BTC,1639784708479,2021-12-17T23:45:08.479Z,sell,1.5e-06,214.0,0.000321
APPC/BTC,1639785556132,2021-12-17T23:59:16.132Z,buy,1.51e-06,89.0,0.00013439
APPC/BTC,1639785705365,2021-12-18T00:01:45.365Z,buy,1.51e-06,138.0,0.00020837999999999998
APPC/BTC,1639785883208,2021-12-18T00:04:43.208Z,buy,1.51e-06,300.0,0.000453
APPC/BTC,1639786001039,2021-12-18T00:06:41.039Z,sell,1.5e-06,422.0,0.000633
APPC/BTC,1639787193061,2021-12-18T00:26:33.061Z,sell,1.5e-06,6014.0,0.009021
APPC/BTC,1639787325960,2021-12-18T00:28:45.960Z,buy,1.51e-06,300.0,0.000453
APPC/BTC,1639787343933,2021-12-18T00:29:03.933Z,buy,1.51e-06,1951.0,0.0029460099999999998
APPC/BTC,1639787343933,2021-12-18T00:29:03.933Z,buy,1.51e-06,1951.0,0.0029460099999999998
APPC/BTC,1639789389022,2021-12-18T01:03:09.022Z,buy,1.52e-06,135.0,0.0002052
APPC/BTC,1639789391490,2021-12-18T01:03:11.490Z,sell,1.51e-06,236.0,0.00035636
APPC/BTC,1639790469318,2021-12-18T01:21:09.318Z,sell,1.51e-06,1471.0,0.00222121
APPC/BTC,1639790611832,2021-12-18T01:23:31.832Z,sell,1.51e-06,3951.0,0.00596601
APPC/BTC,1639790902524,2021-12-18T01:28:22.524Z,sell,1.51e-06,495.0,0.00074745
APPC/BTC,1639790902524,2021-12-18T01:28:22.524Z,sell,1.51e-06,495.0,0.00074745
APPC/BTC,1639791589161,2021-12-18T01:39:49.161Z,buy,1.52e-06,459.0,0.00069768
APPC/BTC,1639792195913,2021-12-18T01:49:55.913Z,buy,1.52e-06,264.0,0.00040128
APPC/BTC,1639792654420,2021-12-18T01:57:34.420Z,sell,1.51e-06,916.0,0.00138316
APPC/BTC,1639793065446,2021-12-18T02:04:25.446Z,sell,1.51e-06,141.0,0.00021291
APPC/BTC,1639793065677,2021-12-18T02:04:25.677Z,buy,1.52e-06,176.0,0.00026752
APPC/BTC,1639794227935,2021-12-18T02:23:47.935Z,sell,1.51e-06,5000.0,0.007549999999999999
APPC/BTC,1639794364399,2021-12-18T02:26:04.399Z,sell,1.51e-06,139.0,0.00020988999999999998
APPC/BTC,1639794364399,2021-12-18T02:26:04.399Z,sell,1.51e-06,139.0,0.00020988999999999998
APPC/BTC,1639795121221,2021-12-18T02:38:41.221Z,sell,1.51e-06,134.0,0.00020234
APPC/BTC,1639795297472,2021-12-18T02:41:37.472Z,sell,1.51e-06,915.0,0.00138165
APPC/BTC,1639795447502,2021-12-18T02:44:07.502Z,sell,1.51e-06,966.0,0.0014586599999999999
APPC/BTC,1639796652682,2021-12-18T03:04:12.682Z,sell,1.51e-06,75.0,0.00011325
APPC/BTC,1639796908181,2021-12-18T03:08:28.181Z,buy,1.52e-06,83.0,0.00012616
APPC/BTC,1639796908181,2021-12-18T03:08:28.181Z,buy,1.52e-06,83.0,0.00012616
APPC/BTC,1639797973286,2021-12-18T03:26:13.286Z,buy,1.52e-06,1386.0,0.0021067200000000003
APPC/BTC,1639798076983,2021-12-18T03:27:56.983Z,buy,1.52e-06,1039.0,0.00157928
APPC/BTC,1639798865483,2021-12-18T03:41:05.483Z,sell,1.51e-06,1000.0,0.0015099999999999998
APPC/BTC,1639799625927,2021-12-18T03:53:45.927Z,buy,1.52e-06,1018.0,0.00154736
APPC/BTC,1639799629348,2021-12-18T03:53:49.348Z,buy,1.52e-06,3055.0,0.0046436
APPC/BTC,1639800219388,2021-12-18T04:03:39.388Z,sell,1.51e-06,262.0,0.00039562
APPC/BTC,1639800219388,2021-12-18T04:03:39.388Z,sell,1.51e-06,262.0,0.00039562
APPC/BTC,1639802289018,2021-12-18T04:38:09.018Z,sell,1.51e-06,9519.0,0.01437369
APPC/BTC,1639802289018,2021-12-18T04:38:09.018Z,sell,1.51e-06,9519.0,0.01437369
APPC/BTC,1639804006752,2021-12-18T05:06:46.752Z,buy,1.52e-06,55778.0,0.08478256
APPC/BTC,1639804294197,2021-12-18T05:11:34.197Z,sell,1.51e-06,130.0,0.0001963
APPC/BTC,1639804294197,2021-12-18T05:11:34.197Z,sell,1.51e-06,130.0,0.0001963
APPC/BTC,1639806023277,2021-12-18T05:40:23.277Z,sell,1.51e-06,4814.0,0.0072691399999999995
APPC/BTC,1639807280936,2021-12-18T06:01:20.936Z,buy,1.52e-06,658.0,0.00100016
APPC/BTC,1639807471171,2021-12-18T06:04:31.171Z,buy,1.52e-06,3011.0,0.00457672
APPC/BTC,1639807471171,2021-12-18T06:04:31.171Z,buy,1.52e-06,3011.0,0.00457672
APPC/BTC,1639810592224,2021-12-18T06:56:32.224Z,buy,1.52e-06,286.0,0.00043472000000000004
APPC/BTC,1639810676881,2021-12-18T06:57:56.881Z,buy,1.52e-06,6340.0,0.009636800000000001
APPC/BTC,1639811015022,2021-12-18T07:03:35.022Z,sell,1.51e-06,450.0,0.0006795
APPC/BTC,1639811015022,2021-12-18T07:03:35.022Z,sell,1.51e-06,450.0,0.0006795
APPC/BTC,1639811412186,2021-12-18T07:10:12.186Z,buy,1.52e-06,132.0,0.00020064
APPC/BTC,1639811809106,2021-12-18T07:16:49.106Z,buy,1.52e-06,1421.0,0.00215992
APPC/BTC,1639812056544,2021-12-18T07:20:56.544Z,buy,1.52e-06,10000.0,0.0152
APPC/BTC,1639812083604,2021-12-18T07:21:23.604Z,buy,1.52e-06,1000.0,0.00152
APPC/BTC,1639812099381,2021-12-18T07:21:39.381Z,buy,1.52e-06,2000.0,0.00304
APPC/BTC,1639812106439,2021-12-18T07:21:46.439Z,buy,1.52e-06,1000.0,0.00152
APPC/BTC,1639812120269,2021-12-18T07:22:00.269Z,buy,1.52e-06,500.0,0.00076
APPC/BTC,1639812124346,2021-12-18T07:22:04.346Z,buy,1.52e-06,100.0,0.000152
APPC/BTC,1639812129368,2021-12-18T07:22:09.368Z,buy,1.52e-06,100.0,0.000152
APPC/BTC,1639812136097,2021-12-18T07:22:16.097Z,buy,1.52e-06,100.0,0.000152
APPC/BTC,1639812321275,2021-12-18T07:25:21.275Z,buy,1.52e-06,662.0,0.00100624
APPC/BTC,1639812936304,2021-12-18T07:35:36.304Z,buy,1.52e-06,657.0,0.00099864
APPC/BTC,1639813024594,2021-12-18T07:37:04.594Z,buy,1.52e-06,657.0,0.00099864
APPC/BTC,1639813399250,2021-12-18T07:43:19.250Z,sell,1.51e-06,202.0,0.00030502
APPC/BTC,1639813877839,2021-12-18T07:51:17.839Z,sell,1.51e-06,1601.0,0.00241751
APPC/BTC,1639814298093,2021-12-18T07:58:18.093Z,sell,1.51e-06,1949.0,0.00294299
APPC/BTC,1639814596462,2021-12-18T08:03:16.462Z,sell,1.51e-06,40778.0,0.061574779999999996
APPC/BTC,1639814596462,2021-12-18T08:03:16.462Z,sell,1.51e-06,40778.0,0.061574779999999996
APPC/BTC,1639814634754,2021-12-18T08:03:54.754Z,buy,1.51e-06,151.0,0.00022800999999999998
APPC/BTC,1639814648751,2021-12-18T08:04:08.751Z,sell,1.5e-06,153.0,0.0002295
APPC/BTC,1639814665071,2021-12-18T08:04:25.071Z,buy,1.51e-06,351.0,0.00053001
APPC/BTC,1639814677959,2021-12-18T08:04:37.959Z,buy,1.51e-06,351.0,0.00053001
APPC/BTC,1639814697405,2021-12-18T08:04:57.405Z,buy,1.51e-06,351.0,0.00053001
APPC/BTC,1639814710050,2021-12-18T08:05:10.050Z,buy,1.51e-06,351.0,0.00053001
APPC/BTC,1639814732573,2021-12-18T08:05:32.573Z,buy,1.51e-06,399.0,0.00060249
APPC/BTC,1639814748409,2021-12-18T08:05:48.409Z,buy,1.51e-06,359.0,0.00054209
APPC/BTC,1639814835186,2021-12-18T08:07:15.186Z,buy,1.51e-06,630.0,0.0009513
APPC/BTC,1639815302725,2021-12-18T08:15:02.725Z,buy,1.51e-06,463.0,0.00069913
APPC/BTC,1639815446946,2021-12-18T08:17:26.946Z,buy,1.51e-06,347.0,0.00052397
APPC/BTC,1639815457689,2021-12-18T08:17:37.689Z,sell,1.5e-06,154.0,0.000231
APPC/BTC,1639815544900,2021-12-18T08:19:04.900Z,buy,1.51e-06,165.0,0.00024915
APPC/BTC,1639815592592,2021-12-18T08:19:52.592Z,sell,1.5e-06,335.0,0.0005025
APPC/BTC,1639815701134,2021-12-18T08:21:41.134Z,buy,1.51e-06,199.0,0.00030049
APPC/BTC,1639817042834,2021-12-18T08:44:02.834Z,buy,1.51e-06,86623.0,0.13080073
APPC/BTC,1639817154161,2021-12-18T08:45:54.161Z,buy,1.51e-06,379.0,0.0005722899999999999
APPC/BTC,1639818021870,2021-12-18T09:00:21.870Z,buy,1.51e-06,10112.0,0.015269119999999999
APPC/BTC,1639818021870,2021-12-18T09:00:21.870Z,buy,1.51e-06,10112.0,0.015269119999999999
APPC/BTC,1639818201422,2021-12-18T09:03:21.422Z,buy,1.51e-06,614.0,0.00092714
APPC/BTC,1639818253081,2021-12-18T09:04:13.081Z,buy,1.51e-06,87.0,0.00013136999999999998
APPC/BTC,1639818862117,2021-12-18T09:14:22.117Z,sell,1.5e-06,511.0,0.0007665
APPC/BTC,1639819248185,2021-12-18T09:20:48.185Z,buy,1.51e-06,374.0,0.00056474
APPC/BTC,1639819264712,2021-12-18T09:21:04.712Z,sell,1.5e-06,907.0,0.0013605
APPC/BTC,1639819265230,2021-12-18T09:21:05.230Z,sell,1.5e-06,191.0,0.0002865
APPC/BTC,1639819591910,2021-12-18T09:26:31.910Z,buy,1.51e-06,199.0,0.00030049
APPC/BTC,1639819602598,2021-12-18T09:26:42.598Z,buy,1.51e-06,265.0,0.00040015
APPC/BTC,1639819956446,2021-12-18T09:32:36.446Z,buy,1.51e-06,1012.0,0.00152812
APPC/BTC,1639820318120,2021-12-18T09:38:38.120Z,sell,1.5e-06,1001.0,0.0015015
APPC/BTC,1639821497733,2021-12-18T09:58:17.733Z,sell,1.5e-06,1159.0,0.0017385
APPC/BTC,1639821497733,2021-12-18T09:58:17.733Z,sell,1.5e-06,1159.0,0.0017385
APPC/BTC,1639821863867,2021-12-18T10:04:23.867Z,buy,1.51e-06,220.0,0.0003322
APPC/BTC,1639822942197,2021-12-18T10:22:22.197Z,sell,1.5e-06,217.0,0.0003255
APPC/BTC,1639823439502,2021-12-18T10:30:39.502Z,sell,1.5e-06,98.0,0.000147
APPC/BTC,1639824383704,2021-12-18T10:46:23.704Z,buy,1.51e-06,1185.0,0.0017893499999999999
APPC/BTC,1639824875412,2021-12-18T10:54:35.412Z,sell,1.5e-06,4104.0,0.006156
APPC/BTC,1639825022340,2021-12-18T10:57:02.340Z,sell,1.5e-06,7813.0,0.0117195
APPC/BTC,1639825022340,2021-12-18T10:57:02.340Z,sell,1.5e-06,7813.0,0.0117195
APPC/BTC,1639825110739,2021-12-18T10:58:30.739Z,sell,1.5e-06,456.0,0.000684
APPC/BTC,1639825159212,2021-12-18T10:59:19.212Z,sell,1.5e-06,2425.0,0.0036375
APPC/BTC,1639825487974,2021-12-18T11:04:47.974Z,buy,1.51e-06,27945.0,0.04219695
APPC/BTC,1639825683418,2021-12-18T11:08:03.418Z,buy,1.52e-06,3330.0,0.0050616
APPC/BTC,1639825940864,2021-12-18T11:12:20.864Z,buy,1.52e-06,191.0,0.00029032
APPC/BTC,1639826029013,2021-12-18T11:13:49.013Z,buy,1.52e-06,781.0,0.00118712
APPC/BTC,1639826043212,2021-12-18T11:14:03.212Z,buy,1.52e-06,9136.0,0.01388672
APPC/BTC,1639826241629,2021-12-18T11:17:21.629Z,sell,1.51e-06,115.0,0.00017365
APPC/BTC,1639826304328,2021-12-18T11:18:24.328Z,sell,1.51e-06,619.0,0.00093469
APPC/BTC,1639826336905,2021-12-18T11:18:56.905Z,buy,1.52e-06,200.0,0.000304
APPC/BTC,1639826620917,2021-12-18T11:23:40.917Z,buy,1.52e-06,16980.0,0.025809600000000002
APPC/BTC,1639826638722,2021-12-18T11:23:58.722Z,buy,1.53e-06,5350.0,0.0081855
APPC/BTC,1639826643522,2021-12-18T11:24:03.522Z,buy,1.53e-06,5350.0,0.0081855
APPC/BTC,1639826647746,2021-12-18T11:24:07.746Z,buy,1.53e-06,5380.0,0.0082314
APPC/BTC,1639826654730,2021-12-18T11:24:14.730Z,buy,1.53e-06,1961.0,0.00300033
APPC/BTC,1639826672656,2021-12-18T11:24:32.656Z,sell,1.52e-06,299.0,0.00045448
APPC/BTC,1639826734332,2021-12-18T11:25:34.332Z,sell,1.51e-06,151.0,0.00022800999999999998
APPC/BTC,1639826774357,2021-12-18T11:26:14.357Z,sell,1.51e-06,167.0,0.00025216999999999997
APPC/BTC,1639826834962,2021-12-18T11:27:14.962Z,buy,1.53e-06,250.0,0.0003825
APPC/BTC,1639827332456,2021-12-18T11:35:32.456Z,sell,1.51e-06,100.0,0.00015099999999999998
APPC/BTC,1639827360448,2021-12-18T11:36:00.448Z,buy,1.52e-06,204.0,0.00031008
APPC/BTC,1639827568518,2021-12-18T11:39:28.518Z,buy,1.52e-06,293.0,0.00044536
APPC/BTC,1639828053636,2021-12-18T11:47:33.636Z,buy,1.53e-06,4476.0,0.00684828
APPC/BTC,1639828058314,2021-12-18T11:47:38.314Z,sell,1.52e-06,99.0,0.00015048
APPC/BTC,1639828058314,2021-12-18T11:47:38.314Z,sell,1.51e-06,411.0,0.00062061
APPC/BTC,1639828118560,2021-12-18T11:48:38.560Z,sell,1.51e-06,147795.0,0.22317045
APPC/BTC,1639828215204,2021-12-18T11:50:15.204Z,sell,1.51e-06,37221.0,0.05620371
APPC/BTC,1639828215204,2021-12-18T11:50:15.204Z,sell,1.51e-06,37221.0,0.05620371
APPC/BTC,1639828660826,2021-12-18T11:57:40.826Z,sell,1.51e-06,236.0,0.00035636
APPC/BTC,1639828876528,2021-12-18T12:01:16.528Z,sell,1.51e-06,963.0,0.0014541299999999999
APPC/BTC,1639828966130,2021-12-18T12:02:46.130Z,buy,1.52e-06,80.0,0.0001216
APPC/BTC,1639829090765,2021-12-18T12:04:50.765Z,buy,1.52e-06,554.0,0.00084208
APPC/BTC,1639829383636,2021-12-18T12:09:43.636Z,buy,1.52e-06,165.0,0.0002508
APPC/BTC,1639829480152,2021-12-18T12:11:20.152Z,sell,1.51e-06,4765.0,0.00719515
APPC/BTC,1639830359216,2021-12-18T12:25:59.216Z,sell,1.51e-06,29844.0,0.04506444
APPC/BTC,1639830574797,2021-12-18T12:29:34.797Z,buy,1.52e-06,522.0,0.0007934400000000001
APPC/BTC,1639830636497,2021-12-18T12:30:36.497Z,sell,1.51e-06,204.0,0.00030804
APPC/BTC,1639831116518,2021-12-18T12:38:36.518Z,sell,1.51e-06,441.0,0.00066591
APPC/BTC,1639831136349,2021-12-18T12:38:56.349Z,sell,1.51e-06,30643.0,0.046270929999999995
APPC/BTC,1639831136349,2021-12-18T12:38:56.349Z,sell,1.51e-06,30643.0,0.046270929999999995
APPC/BTC,1639831865849,2021-12-18T12:51:05.849Z,buy,1.52e-06,273.0,0.00041496
APPC/BTC,1639832370526,2021-12-18T12:59:30.526Z,buy,1.52e-06,17557.0,0.02668664
APPC/BTC,1639832644415,2021-12-18T13:04:04.415Z,sell,1.52e-06,129.0,0.00019608
APPC/BTC,1639833040288,2021-12-18T13:10:40.288Z,buy,1.53e-06,2026.0,0.00309978
APPC/BTC,1639833771949,2021-12-18T13:22:51.949Z,buy,1.53e-06,805.0,0.00123165
APPC/BTC,1639833824904,2021-12-18T13:23:44.904Z,buy,1.53e-06,653.0,0.00099909
APPC/BTC,1639834084204,2021-12-18T13:28:04.204Z,buy,1.53e-06,28988.0,0.04435164
APPC/BTC,1639834086746,2021-12-18T13:28:06.746Z,sell,1.53e-06,200.0,0.000306
APPC/BTC,1639834263393,2021-12-18T13:31:03.393Z,sell,1.53e-06,500.0,0.000765
APPC/BTC,1639834268761,2021-12-18T13:31:08.761Z,sell,1.53e-06,500.0,0.000765
APPC/BTC,1639834274220,2021-12-18T13:31:14.220Z,sell,1.53e-06,175.0,0.00026775
APPC/BTC,1639834330685,2021-12-18T13:32:10.685Z,sell,1.53e-06,475.0,0.00072675
APPC/BTC,1639834385711,2021-12-18T13:33:05.711Z,buy,1.54e-06,2077.0,0.0031985800000000003
APPC/BTC,1639834399709,2021-12-18T13:33:19.709Z,sell,1.53e-06,80.0,0.0001224
APPC/BTC,1639834625254,2021-12-18T13:37:05.254Z,buy,1.54e-06,15876.0,0.024449040000000002
APPC/BTC,1639834662049,2021-12-18T13:37:42.049Z,buy,1.54e-06,103.0,0.00015862
APPC/BTC,1639834662049,2021-12-18T13:37:42.049Z,buy,1.54e-06,103.0,0.00015862
APPC/BTC,1639835324441,2021-12-18T13:48:44.441Z,buy,1.54e-06,141.0,0.00021714
APPC/BTC,1639835634527,2021-12-18T13:53:54.527Z,buy,1.54e-06,500.0,0.0007700000000000001
APPC/BTC,1639835772896,2021-12-18T13:56:12.896Z,sell,1.53e-06,15396.0,0.023555879999999998
APPC/BTC,1639836079663,2021-12-18T14:01:19.663Z,sell,1.53e-06,1253.0,0.00191709
APPC/BTC,1639837907660,2021-12-18T14:31:47.660Z,sell,1.53e-06,199.0,0.00030447
APPC/BTC,1639838031569,2021-12-18T14:33:51.569Z,sell,1.53e-06,237.0,0.00036260999999999997
APPC/BTC,1639838057631,2021-12-18T14:34:17.631Z,buy,1.54e-06,72.0,0.00011088000000000001
APPC/BTC,1639838250454,2021-12-18T14:37:30.454Z,sell,1.53e-06,7228.0,0.01105884
APPC/BTC,1639838256592,2021-12-18T14:37:36.592Z,sell,1.53e-06,5200.0,0.007956
APPC/BTC,1639838256895,2021-12-18T14:37:36.895Z,sell,1.52e-06,3766.0,0.005724320000000001
APPC/BTC,1639838256895,2021-12-18T14:37:36.895Z,sell,1.52e-06,3766.0,0.005724320000000001
APPC/BTC,1639838292023,2021-12-18T14:38:12.023Z,sell,1.52e-06,197.0,0.00029944
APPC/BTC,1639838293633,2021-12-18T14:38:13.633Z,sell,1.52e-06,629.0,0.00095608
APPC/BTC,1639838293998,2021-12-18T14:38:13.998Z,sell,1.52e-06,265.0,0.00040280000000000003
APPC/BTC,1639838379043,2021-12-18T14:39:39.043Z,buy,1.53e-06,197.0,0.00030141
APPC/BTC,1639838612698,2021-12-18T14:43:32.698Z,buy,1.53e-06,500.0,0.000765
APPC/BTC,1639838927298,2021-12-18T14:48:47.298Z,sell,1.52e-06,44111.0,0.06704872
APPC/BTC,1639838931981,2021-12-18T14:48:51.981Z,buy,1.52e-06,1140.0,0.0017328
APPC/BTC,1639838938267,2021-12-18T14:48:58.267Z,buy,1.52e-06,1150.0,0.001748
APPC/BTC,1639839055958,2021-12-18T14:50:55.958Z,sell,1.51e-06,36592.0,0.05525392
APPC/BTC,1639839321513,2021-12-18T14:55:21.513Z,buy,1.53e-06,201.0,0.00030753
APPC/BTC,1639839343398,2021-12-18T14:55:43.398Z,buy,1.53e-06,112.0,0.00017135999999999999
APPC/BTC,1639839459682,2021-12-18T14:57:39.682Z,buy,1.53e-06,197.0,0.00030141
APPC/BTC,1639839651543,2021-12-18T15:00:51.543Z,buy,1.53e-06,135.0,0.00020655
APPC/BTC,1639839658354,2021-12-18T15:00:58.354Z,buy,1.53e-06,19891.0,0.03043323
APPC/BTC,1639839799613,2021-12-18T15:03:19.613Z,buy,1.53e-06,800.0,0.001224
APPC/BTC,1639839911837,2021-12-18T15:05:11.837Z,buy,1.53e-06,25315.0,0.03873195
APPC/BTC,1639839911837,2021-12-18T15:05:11.837Z,buy,1.54e-06,259188.0,0.39914952000000004
APPC/BTC,1639839912676,2021-12-18T15:05:12.676Z,sell,1.54e-06,120.0,0.00018480000000000002
APPC/BTC,1639840000115,2021-12-18T15:06:40.115Z,buy,1.55e-06,194.0,0.0003007
APPC/BTC,1639840001031,2021-12-18T15:06:41.031Z,buy,1.55e-06,194.0,0.0003007
APPC/BTC,1639840314176,2021-12-18T15:11:54.176Z,sell,1.54e-06,50000.0,0.077
APPC/BTC,1639840587438,2021-12-18T15:16:27.438Z,buy,1.55e-06,48584.0,0.0753052
APPC/BTC,1639840593965,2021-12-18T15:16:33.965Z,sell,1.55e-06,661.0,0.00102455
APPC/BTC,1639840598868,2021-12-18T15:16:38.868Z,sell,1.55e-06,132.0,0.00020459999999999999
APPC/BTC,1639840599305,2021-12-18T15:16:39.305Z,sell,1.55e-06,332.0,0.0005146
APPC/BTC,1639840714160,2021-12-18T15:18:34.160Z,buy,1.56e-06,4538.0,0.00707928
APPC/BTC,1639840760122,2021-12-18T15:19:20.122Z,sell,1.55e-06,712.0,0.0011036
APPC/BTC,1639840898949,2021-12-18T15:21:38.949Z,buy,1.56e-06,256.0,0.00039936
APPC/BTC,1639840993944,2021-12-18T15:23:13.944Z,sell,1.55e-06,18132.0,0.0281046
APPC/BTC,1639840993944,2021-12-18T15:23:13.944Z,sell,1.54e-06,111581.0,0.17183474
APPC/BTC,1639840994807,2021-12-18T15:23:14.807Z,sell,1.53e-06,67.0,0.00010250999999999999
APPC/BTC,1639841001573,2021-12-18T15:23:21.573Z,sell,1.53e-06,335.0,0.00051255
APPC/BTC,1639841041959,2021-12-18T15:24:01.959Z,buy,1.54e-06,1949.0,0.00300146
APPC/BTC,1639841048054,2021-12-18T15:24:08.054Z,buy,1.54e-06,324.0,0.00049896
APPC/BTC,1639841050884,2021-12-18T15:24:10.884Z,sell,1.53e-06,397.0,0.00060741
APPC/BTC,1639841082355,2021-12-18T15:24:42.355Z,buy,1.54e-06,195.0,0.00030030000000000004
APPC/BTC,1639841306611,2021-12-18T15:28:26.611Z,sell,1.53e-06,2309.0,0.0035327699999999997
APPC/BTC,1639841684593,2021-12-18T15:34:44.593Z,buy,1.54e-06,195.0,0.00030030000000000004
APPC/BTC,1639841684593,2021-12-18T15:34:44.593Z,buy,1.54e-06,195.0,0.00030030000000000004
APPC/BTC,1639841922506,2021-12-18T15:38:42.506Z,buy,1.54e-06,431.0,0.00066374
APPC/BTC,1639842013766,2021-12-18T15:40:13.766Z,buy,1.54e-06,66.0,0.00010164000000000001
APPC/BTC,1639842625250,2021-12-18T15:50:25.250Z,buy,1.54e-06,11729.0,0.01806266
APPC/BTC,1639843103377,2021-12-18T15:58:23.377Z,sell,1.53e-06,896.0,0.0013708799999999999
APPC/BTC,1639843140466,2021-12-18T15:59:00.466Z,sell,1.53e-06,7000.0,0.010709999999999999
APPC/BTC,1639843239563,2021-12-18T16:00:39.563Z,buy,1.54e-06,195.0,0.00030030000000000004
APPC/BTC,1639843393892,2021-12-18T16:03:13.892Z,buy,1.54e-06,5000.0,0.0077
APPC/BTC,1639843478605,2021-12-18T16:04:38.605Z,buy,1.54e-06,920.0,0.0014168000000000002
APPC/BTC,1639843512331,2021-12-18T16:05:12.331Z,sell,1.53e-06,102.0,0.00015606
APPC/BTC,1639843866099,2021-12-18T16:11:06.099Z,sell,1.53e-06,103.0,0.00015759
APPC/BTC,1639844109888,2021-12-18T16:15:09.888Z,buy,1.54e-06,4250.0,0.0065450000000000005
APPC/BTC,1639844115768,2021-12-18T16:15:15.768Z,buy,1.54e-06,130.0,0.00020020000000000001
APPC/BTC,1639844186910,2021-12-18T16:16:26.910Z,sell,1.53e-06,500.0,0.000765
APPC/BTC,1639844193932,2021-12-18T16:16:33.932Z,buy,1.54e-06,250.0,0.00038500000000000003
APPC/BTC,1639844646316,2021-12-18T16:24:06.316Z,buy,1.54e-06,71.0,0.00010934000000000001
APPC/BTC,1639844646545,2021-12-18T16:24:06.545Z,sell,1.53e-06,5024.0,0.00768672
APPC/BTC,1639844721555,2021-12-18T16:25:21.555Z,buy,1.54e-06,688.0,0.00105952
APPC/BTC,1639844941262,2021-12-18T16:29:01.262Z,buy,1.54e-06,5475.0,0.0084315
APPC/BTC,1639845017741,2021-12-18T16:30:17.741Z,sell,1.53e-06,657.0,0.0010052099999999999
APPC/BTC,1639845086768,2021-12-18T16:31:26.768Z,sell,1.53e-06,758.0,0.00115974
APPC/BTC,1639845086768,2021-12-18T16:31:26.768Z,sell,1.53e-06,758.0,0.00115974
APPC/BTC,1639845658969,2021-12-18T16:40:58.969Z,buy,1.54e-06,213.0,0.00032802
APPC/BTC,1639846781333,2021-12-18T16:59:41.333Z,buy,1.54e-06,214.0,0.00032956
APPC/BTC,1639847012462,2021-12-18T17:03:32.462Z,sell,1.53e-06,429.0,0.00065637
APPC/BTC,1639848202577,2021-12-18T17:23:22.577Z,sell,1.53e-06,804.0,0.00123012
APPC/BTC,1639848202577,2021-12-18T17:23:22.577Z,sell,1.53e-06,804.0,0.00123012
APPC/BTC,1639849381370,2021-12-18T17:43:01.370Z,buy,1.54e-06,112.0,0.00017248
APPC/BTC,1639849536212,2021-12-18T17:45:36.212Z,buy,1.54e-06,97.0,0.00014938
APPC/BTC,1639849709682,2021-12-18T17:48:29.682Z,sell,1.53e-06,500.0,0.000765
APPC/BTC,1639849808572,2021-12-18T17:50:08.572Z,sell,1.53e-06,1257.0,0.0019232099999999999
APPC/BTC,1639849851730,2021-12-18T17:50:51.730Z,buy,1.54e-06,521.0,0.00080234
APPC/BTC,1639850125277,2021-12-18T17:55:25.277Z,sell,1.53e-06,6927.0,0.01059831
APPC/BTC,1639850284214,2021-12-18T17:58:04.214Z,buy,1.54e-06,5565.0,0.0085701
APPC/BTC,1639850621139,2021-12-18T18:03:41.139Z,sell,1.53e-06,275.0,0.00042075
APPC/BTC,1639850901812,2021-12-18T18:08:21.812Z,buy,1.54e-06,9686.0,0.014916440000000001
APPC/BTC,1639851348472,2021-12-18T18:15:48.472Z,sell,1.53e-06,176007.0,0.26929071
APPC/BTC,1639851414056,2021-12-18T18:16:54.056Z,sell,1.53e-06,8584.0,0.01313352
APPC/BTC,1639851539675,2021-12-18T18:18:59.675Z,sell,1.53e-06,5475.0,0.00837675
APPC/BTC,1639851539675,2021-12-18T18:18:59.675Z,sell,1.53e-06,5475.0,0.00837675
APPC/BTC,1639852008615,2021-12-18T18:26:48.615Z,buy,1.54e-06,198.0,0.00030492000000000003
APPC/BTC,1639853210020,2021-12-18T18:46:50.020Z,sell,1.53e-06,213.0,0.00032589
APPC/BTC,1639853233778,2021-12-18T18:47:13.778Z,sell,1.53e-06,104.0,0.00015912
APPC/BTC,1639853336833,2021-12-18T18:48:56.833Z,sell,1.53e-06,844.0,0.0012913199999999999
APPC/BTC,1639853556669,2021-12-18T18:52:36.669Z,sell,1.53e-06,509.0,0.00077877
APPC/BTC,1639853562524,2021-12-18T18:52:42.524Z,sell,1.53e-06,503.0,0.00076959
APPC/BTC,1639853656573,2021-12-18T18:54:16.573Z,sell,1.53e-06,10000.0,0.0153
APPC/BTC,1639853667606,2021-12-18T18:54:27.606Z,buy,1.54e-06,250.0,0.00038500000000000003
APPC/BTC,1639854223342,2021-12-18T19:03:43.342Z,sell,1.53e-06,323.0,0.00049419
APPC/BTC,1639854577319,2021-12-18T19:09:37.319Z,buy,1.54e-06,248.0,0.00038192
APPC/BTC,1639854758130,2021-12-18T19:12:38.130Z,buy,1.54e-06,2262.0,0.00348348
APPC/BTC,1639854758130,2021-12-18T19:12:38.130Z,buy,1.54e-06,2262.0,0.00348348
APPC/BTC,1639856592318,2021-12-18T19:43:12.318Z,buy,1.54e-06,65.0,0.00010010000000000001
APPC/BTC,1639856698681,2021-12-18T19:44:58.681Z,buy,1.54e-06,389.0,0.00059906
APPC/BTC,1639856796380,2021-12-18T19:46:36.380Z,buy,1.54e-06,649.0,0.00099946
APPC/BTC,1639856831557,2021-12-18T19:47:11.557Z,buy,1.54e-06,649.0,0.00099946
APPC/BTC,1639856861623,2021-12-18T19:47:41.623Z,buy,1.54e-06,649.0,0.00099946
APPC/BTC,1639857009420,2021-12-18T19:50:09.420Z,buy,1.54e-06,90.0,0.0001386
APPC/BTC,1639857664249,2021-12-18T20:01:04.249Z,buy,1.54e-06,10000.0,0.0154
APPC/BTC,1639857824332,2021-12-18T20:03:44.332Z,sell,1.53e-06,383.0,0.00058599
APPC/BTC,1639858030245,2021-12-18T20:07:10.245Z,buy,1.54e-06,66.0,0.00010164000000000001
APPC/BTC,1639858030245,2021-12-18T20:07:10.245Z,buy,1.54e-06,66.0,0.00010164000000000001
APPC/BTC,1639858852132,2021-12-18T20:20:52.132Z,buy,1.54e-06,3114.0,0.00479556
APPC/BTC,1639859483483,2021-12-18T20:31:23.483Z,buy,1.54e-06,703.0,0.00108262
APPC/BTC,1639859716471,2021-12-18T20:35:16.471Z,buy,1.54e-06,1949.0,0.00300146
APPC/BTC,1639859857016,2021-12-18T20:37:37.016Z,sell,1.53e-06,110.0,0.0001683
APPC/BTC,1639860634720,2021-12-18T20:50:34.720Z,sell,1.53e-06,1949.0,0.00298197
APPC/BTC,1639860773006,2021-12-18T20:52:53.006Z,buy,1.54e-06,113.0,0.00017402000000000002
APPC/BTC,1639861411275,2021-12-18T21:03:31.275Z,sell,1.53e-06,472.0,0.00072216
APPC/BTC,1639861551386,2021-12-18T21:05:51.386Z,sell,1.53e-06,529.0,0.00080937
APPC/BTC,1639861551386,2021-12-18T21:05:51.386Z,sell,1.53e-06,529.0,0.00080937
APPC/BTC,1639862241129,2021-12-18T21:17:21.129Z,sell,1.53e-06,74.0,0.00011322
APPC/BTC,1639863893650,2021-12-18T21:44:53.650Z,buy,1.54e-06,1898.0,0.0029229200000000003
APPC/BTC,1639863937214,2021-12-18T21:45:37.214Z,sell,1.53e-06,264.0,0.00040392
APPC/BTC,1639864016440,2021-12-18T21:46:56.440Z,buy,1.54e-06,9566.0,0.01473164
APPC/BTC,1639864046496,2021-12-18T21:47:26.496Z,buy,1.55e-06,250.0,0.0003875
APPC/BTC,1639864140445,2021-12-18T21:49:00.445Z,buy,1.55e-06,16119.0,0.02498445
APPC/BTC,1639864414424,2021-12-18T21:53:34.424Z,sell,1.54e-06,16102.0,0.024797080000000003
APPC/BTC,1639864461822,2021-12-18T21:54:21.822Z,sell,1.54e-06,266.0,0.00040964
APPC/BTC,1639864734933,2021-12-18T21:58:54.933Z,sell,1.54e-06,250.0,0.00038500000000000003
APPC/BTC,1639864768384,2021-12-18T21:59:28.384Z,buy,1.55e-06,250.0,0.0003875
APPC/BTC,1639864778916,2021-12-18T21:59:38.916Z,buy,1.55e-06,250.0,0.0003875
APPC/BTC,1639864795312,2021-12-18T21:59:55.312Z,buy,1.55e-06,250.0,0.0003875
APPC/BTC,1639865000023,2021-12-18T22:03:20.023Z,sell,1.54e-06,471.0,0.00072534
APPC/BTC,1639865000023,2021-12-18T22:03:20.023Z,sell,1.54e-06,471.0,0.00072534
APPC/BTC,1639866733446,2021-12-18T22:32:13.446Z,buy,1.55e-06,209.0,0.00032395
APPC/BTC,1639867385909,2021-12-18T22:43:05.909Z,buy,1.55e-06,266.0,0.0004123
APPC/BTC,1639867394631,2021-12-18T22:43:14.631Z,buy,1.55e-06,3487.0,0.00540485
APPC/BTC,1639867418748,2021-12-18T22:43:38.748Z,buy,1.55e-06,3225.0,0.00499875
APPC/BTC,1639867759071,2021-12-18T22:49:19.071Z,buy,1.55e-06,250.0,0.0003875
APPC/BTC,1639868065064,2021-12-18T22:54:25.064Z,sell,1.54e-06,492.0,0.00075768
APPC/BTC,1639868065064,2021-12-18T22:54:25.064Z,sell,1.54e-06,492.0,0.00075768
APPC/BTC,1639868620941,2021-12-18T23:03:40.941Z,sell,1.54e-06,208.0,0.00032032
APPC/BTC,1639869368519,2021-12-18T23:16:08.519Z,sell,1.54e-06,3105.0,0.0047817
APPC/BTC,1639869593167,2021-12-18T23:19:53.167Z,buy,1.55e-06,539.0,0.00083545
APPC/BTC,1639870953214,2021-12-18T23:42:33.214Z,buy,1.55e-06,2619.0,0.00405945
APPC/BTC,1639870987050,2021-12-18T23:43:07.050Z,buy,1.55e-06,472.0,0.0007316
APPC/BTC,1639871091818,2021-12-18T23:44:51.818Z,buy,1.55e-06,111.0,0.00017205
APPC/BTC,1639871131164,2021-12-18T23:45:31.164Z,buy,1.55e-06,250.0,0.0003875
APPC/BTC,1639871657575,2021-12-18T23:54:17.575Z,sell,1.54e-06,2026.0,0.00312004
APPC/BTC,1639871657575,2021-12-18T23:54:17.575Z,sell,1.54e-06,2026.0,0.00312004
APPC/BTC,1639871995057,2021-12-18T23:59:55.057Z,buy,1.55e-06,250.0,0.0003875
APPC/BTC,1639872027847,2021-12-19T00:00:27.847Z,sell,1.54e-06,5000.0,0.0077
APPC/BTC,1639872033721,2021-12-19T00:00:33.721Z,buy,1.55e-06,5000.0,0.00775
APPC/BTC,1639872042915,2021-12-19T00:00:42.915Z,buy,1.56e-06,250.0,0.00039000000000000005
APPC/BTC,1639872140279,2021-12-19T00:02:20.279Z,buy,1.56e-06,3205.0,0.0049998
APPC/BTC,1639872212352,2021-12-19T00:03:32.352Z,buy,1.56e-06,9296.0,0.01450176
APPC/BTC,1639872220580,2021-12-19T00:03:40.580Z,sell,1.55e-06,179.0,0.00027745
APPC/BTC,1639872920947,2021-12-19T00:15:20.947Z,sell,1.55e-06,150.0,0.00023249999999999999
APPC/BTC,1639873056093,2021-12-19T00:17:36.093Z,sell,1.55e-06,21000.0,0.03255
APPC/BTC,1639873064138,2021-12-19T00:17:44.138Z,buy,1.56e-06,500.0,0.0007800000000000001
APPC/BTC,1639873117535,2021-12-19T00:18:37.535Z,sell,1.55e-06,1250.0,0.0019375
APPC/BTC,1639873124632,2021-12-19T00:18:44.632Z,buy,1.56e-06,250.0,0.00039000000000000005
APPC/BTC,1639873152137,2021-12-19T00:19:12.137Z,sell,1.55e-06,501.0,0.00077655
APPC/BTC,1639873301797,2021-12-19T00:21:41.797Z,sell,1.55e-06,150.0,0.00023249999999999999
APPC/BTC,1639873698971,2021-12-19T00:28:18.971Z,sell,1.55e-06,850.0,0.0013174999999999999
APPC/BTC,1639873868940,2021-12-19T00:31:08.940Z,sell,1.55e-06,130.0,0.0002015
APPC/BTC,1639874432287,2021-12-19T00:40:32.287Z,buy,1.56e-06,500.0,0.0007800000000000001
APPC/BTC,1639874839320,2021-12-19T00:47:19.320Z,sell,1.55e-06,906.0,0.0014043
APPC/BTC,1639874973771,2021-12-19T00:49:33.771Z,sell,1.55e-06,3109.0,0.00481895
APPC/BTC,1639874997760,2021-12-19T00:49:57.760Z,buy,1.56e-06,141.0,0.00021996
APPC/BTC,1639874997760,2021-12-19T00:49:57.760Z,buy,1.56e-06,141.0,0.00021996
APPC/BTC,1639875890810,2021-12-19T01:04:50.810Z,buy,1.56e-06,84.0,0.00013104000000000002
APPC/BTC,1639876893084,2021-12-19T01:21:33.084Z,sell,1.55e-06,314.0,0.0004867
APPC/BTC,1639877685362,2021-12-19T01:34:45.362Z,buy,1.56e-06,193.0,0.00030108
APPC/BTC,1639878078231,2021-12-19T01:41:18.231Z,buy,1.56e-06,27520.0,0.0429312
APPC/BTC,1639878133449,2021-12-19T01:42:13.449Z,buy,1.57e-06,1911.0,0.00300027
APPC/BTC,1639878213324,2021-12-19T01:43:33.324Z,buy,1.57e-06,2200.0,0.003454
APPC/BTC,1639878213324,2021-12-19T01:43:33.324Z,buy,1.57e-06,2200.0,0.003454
APPC/BTC,1639879690262,2021-12-19T02:08:10.262Z,sell,1.56e-06,344.0,0.00053664
APPC/BTC,1639879702586,2021-12-19T02:08:22.586Z,sell,1.56e-06,266.0,0.00041496
APPC/BTC,1639879755895,2021-12-19T02:09:15.895Z,buy,1.57e-06,271.0,0.00042547
APPC/BTC,1639879937924,2021-12-19T02:12:17.924Z,buy,1.57e-06,500.0,0.000785
APPC/BTC,1639880667698,2021-12-19T02:24:27.698Z,buy,1.57e-06,3867.0,0.00607119
APPC/BTC,1639880989483,2021-12-19T02:29:49.483Z,buy,1.57e-06,2414.0,0.00378998
APPC/BTC,1639881104721,2021-12-19T02:31:44.721Z,sell,1.56e-06,979.0,0.00152724
APPC/BTC,1639881104721,2021-12-19T02:31:44.721Z,sell,1.56e-06,979.0,0.00152724
APPC/BTC,1639881897058,2021-12-19T02:44:57.058Z,buy,1.57e-06,18639.0,0.02926323
APPC/BTC,1639881903041,2021-12-19T02:45:03.041Z,sell,1.57e-06,66.0,0.00010362
APPC/BTC,1639881940574,2021-12-19T02:45:40.574Z,buy,1.58e-06,190.0,0.0003002
APPC/BTC,1639881941106,2021-12-19T02:45:41.106Z,buy,1.58e-06,190.0,0.0003002
APPC/BTC,1639881951775,2021-12-19T02:45:51.775Z,sell,1.57e-06,494.0,0.00077558
APPC/BTC,1639881969486,2021-12-19T02:46:09.486Z,buy,1.58e-06,7732.0,0.01221656
APPC/BTC,1639882085325,2021-12-19T02:48:05.325Z,buy,1.58e-06,250.0,0.00039499999999999995
APPC/BTC,1639882133645,2021-12-19T02:48:53.645Z,sell,1.57e-06,10500.0,0.016485
APPC/BTC,1639882140921,2021-12-19T02:49:00.921Z,sell,1.57e-06,1000.0,0.00157
APPC/BTC,1639882185498,2021-12-19T02:49:45.498Z,buy,1.58e-06,64.0,0.00010112
APPC/BTC,1639882765875,2021-12-19T02:59:25.875Z,buy,1.58e-06,250.0,0.00039499999999999995
APPC/BTC,1639883131132,2021-12-19T03:05:31.132Z,buy,1.58e-06,66636.0,0.10528488
APPC/BTC,1639883131132,2021-12-19T03:05:31.132Z,buy,1.59e-06,90596.0,0.14404764
APPC/BTC,1639883136345,2021-12-19T03:05:36.345Z,sell,1.58e-06,300.0,0.000474
APPC/BTC,1639883136356,2021-12-19T03:05:36.356Z,sell,1.58e-06,2000.0,0.0031599999999999996
APPC/BTC,1639883136396,2021-12-19T03:05:36.396Z,sell,1.58e-06,500.0,0.0007899999999999999
APPC/BTC,1639883136582,2021-12-19T03:05:36.582Z,sell,1.58e-06,191.0,0.00030178
APPC/BTC,1639883136591,2021-12-19T03:05:36.591Z,sell,1.58e-06,191.0,0.00030178
APPC/BTC,1639883139981,2021-12-19T03:05:39.981Z,buy,1.59e-06,20933.0,0.03328347
APPC/BTC,1639883139981,2021-12-19T03:05:39.981Z,buy,1.6e-06,135317.0,0.21650719999999998
APPC/BTC,1639883142268,2021-12-19T03:05:42.268Z,sell,1.59e-06,185.0,0.00029415
APPC/BTC,1639883175766,2021-12-19T03:06:15.766Z,sell,1.59e-06,15951.0,0.02536209
APPC/BTC,1639883175766,2021-12-19T03:06:15.766Z,sell,1.58e-06,421.0,0.0006651799999999999
APPC/BTC,1639883231158,2021-12-19T03:07:11.158Z,sell,1.58e-06,397.0,0.0006272599999999999
APPC/BTC,1639883487214,2021-12-19T03:11:27.214Z,sell,1.58e-06,260.0,0.00041079999999999996
APPC/BTC,1639883499653,2021-12-19T03:11:39.653Z,buy,1.59e-06,500.0,0.000795
APPC/BTC,1639883841128,2021-12-19T03:17:21.128Z,sell,1.58e-06,67.0,0.00010585999999999999
APPC/BTC,1639883850733,2021-12-19T03:17:30.733Z,buy,1.59e-06,2250.0,0.0035775
APPC/BTC,1639883869899,2021-12-19T03:17:49.899Z,buy,1.59e-06,1820.0,0.0028938
APPC/BTC,1639883883297,2021-12-19T03:18:03.297Z,buy,1.59e-06,2000.0,0.00318
APPC/BTC,1639884008826,2021-12-19T03:20:08.826Z,buy,1.59e-06,500.0,0.000795
APPC/BTC,1639884080536,2021-12-19T03:21:20.536Z,sell,1.58e-06,6000.0,0.009479999999999999
APPC/BTC,1639884088018,2021-12-19T03:21:28.018Z,buy,1.59e-06,500.0,0.000795
APPC/BTC,1639884187804,2021-12-19T03:23:07.804Z,buy,1.59e-06,8045.0,0.01279155
APPC/BTC,1639884219254,2021-12-19T03:23:39.254Z,sell,1.59e-06,1433.0,0.00227847
APPC/BTC,1639884219254,2021-12-19T03:23:39.254Z,sell,1.59e-06,1433.0,0.00227847
APPC/BTC,1639884709535,2021-12-19T03:31:49.535Z,buy,1.6e-06,500.0,0.0007999999999999999
APPC/BTC,1639884726134,2021-12-19T03:32:06.134Z,buy,1.6e-06,250.0,0.00039999999999999996
APPC/BTC,1639884729858,2021-12-19T03:32:09.858Z,sell,1.59e-06,496.0,0.00078864
APPC/BTC,1639884815802,2021-12-19T03:33:35.802Z,sell,1.59e-06,5500.0,0.008745
APPC/BTC,1639884817700,2021-12-19T03:33:37.700Z,buy,1.6e-06,571.0,0.0009136
APPC/BTC,1639884827250,2021-12-19T03:33:47.250Z,sell,1.59e-06,250.0,0.0003975
APPC/BTC,1639884999647,2021-12-19T03:36:39.647Z,sell,1.59e-06,3694.0,0.0058734600000000005
APPC/BTC,1639885023233,2021-12-19T03:37:03.233Z,buy,1.6e-06,5000.0,0.008
APPC/BTC,1639885171459,2021-12-19T03:39:31.459Z,sell,1.59e-06,9075.0,0.01442925
APPC/BTC,1639885385714,2021-12-19T03:43:05.714Z,sell,1.59e-06,571.0,0.0009078900000000001
APPC/BTC,1639885980718,2021-12-19T03:53:00.718Z,sell,1.59e-06,1500.0,0.002385
APPC/BTC,1639886259565,2021-12-19T03:57:39.565Z,sell,1.59e-06,5982.0,0.00951138
APPC/BTC,1639886470647,2021-12-19T04:01:10.647Z,buy,1.6e-06,250.0,0.00039999999999999996
APPC/BTC,1639886552540,2021-12-19T04:02:32.540Z,buy,1.6e-06,90.0,0.000144
APPC/BTC,1639886561513,2021-12-19T04:02:41.513Z,sell,1.59e-06,338.0,0.00053742
APPC/BTC,1639886800514,2021-12-19T04:06:40.514Z,buy,1.6e-06,188.0,0.0003008
APPC/BTC,1639886919682,2021-12-19T04:08:39.682Z,buy,1.6e-06,224.0,0.0003584
APPC/BTC,1639886978395,2021-12-19T04:09:38.395Z,buy,1.6e-06,364.0,0.0005824
APPC/BTC,1639887031681,2021-12-19T04:10:31.681Z,sell,1.59e-06,201.0,0.00031959
APPC/BTC,1639887286133,2021-12-19T04:14:46.133Z,buy,1.6e-06,9496.0,0.0151936
APPC/BTC,1639887413718,2021-12-19T04:16:53.718Z,buy,1.6e-06,6732.0,0.0107712
APPC/BTC,1639887679634,2021-12-19T04:21:19.634Z,buy,1.6e-06,469.0,0.0007503999999999999
APPC/BTC,1639887679634,2021-12-19T04:21:19.634Z,buy,1.6e-06,469.0,0.0007503999999999999
APPC/BTC,1639887903905,2021-12-19T04:25:03.905Z,sell,1.59e-06,120.0,0.0001908
APPC/BTC,1639887956539,2021-12-19T04:25:56.539Z,sell,1.59e-06,468.0,0.00074412
APPC/BTC,1639888016196,2021-12-19T04:26:56.196Z,buy,1.6e-06,1050.0,0.0016799999999999999
APPC/BTC,1639888263611,2021-12-19T04:31:03.611Z,sell,1.59e-06,10000.0,0.0159
APPC/BTC,1639888332331,2021-12-19T04:32:12.331Z,sell,1.59e-06,1111.0,0.0017664900000000001
APPC/BTC,1639888345784,2021-12-19T04:32:25.784Z,sell,1.59e-06,1111.0,0.0017664900000000001
APPC/BTC,1639888642144,2021-12-19T04:37:22.144Z,sell,1.59e-06,2662.0,0.00423258
APPC/BTC,1639888653895,2021-12-19T04:37:33.895Z,sell,1.59e-06,379.0,0.0006026100000000001
APPC/BTC,1639889322007,2021-12-19T04:48:42.007Z,buy,1.6e-06,188.0,0.0003008
APPC/BTC,1639889333069,2021-12-19T04:48:53.069Z,buy,1.6e-06,4720.0,0.007552
APPC/BTC,1639889345020,2021-12-19T04:49:05.020Z,sell,1.59e-06,2663.0,0.00423417
APPC/BTC,1639889683440,2021-12-19T04:54:43.440Z,sell,1.59e-06,8770.0,0.0139443
APPC/BTC,1639889755769,2021-12-19T04:55:55.769Z,sell,1.59e-06,40000.0,0.0636
APPC/BTC,1639889954355,2021-12-19T04:59:14.355Z,buy,1.6e-06,188.0,0.0003008
APPC/BTC,1639890039533,2021-12-19T05:00:39.533Z,sell,1.59e-06,188.0,0.00029892
APPC/BTC,1639890384805,2021-12-19T05:06:24.805Z,buy,1.6e-06,4749.0,0.0075984
APPC/BTC,1639890384805,2021-12-19T05:06:24.805Z,buy,1.61e-06,1019.0,0.0016405900000000001
APPC/BTC,1639890700901,2021-12-19T05:11:40.901Z,buy,1.6e-06,1445.0,0.002312
APPC/BTC,1639890700901,2021-12-19T05:11:40.901Z,buy,1.61e-06,756.0,0.0012171600000000001
APPC/BTC,1639890713452,2021-12-19T05:11:53.452Z,buy,1.61e-06,1477.0,0.00237797
APPC/BTC,1639890852618,2021-12-19T05:14:12.618Z,sell,1.59e-06,354.0,0.00056286
APPC/BTC,1639890852618,2021-12-19T05:14:12.618Z,sell,1.59e-06,354.0,0.00056286
APPC/BTC,1639891627037,2021-12-19T05:27:07.037Z,sell,1.6e-06,5768.0,0.009228799999999999
APPC/BTC,1639891881046,2021-12-19T05:31:21.046Z,buy,1.61e-06,10856.0,0.01747816
APPC/BTC,1639892202912,2021-12-19T05:36:42.912Z,buy,1.61e-06,64.0,0.00010304
APPC/BTC,1639892770673,2021-12-19T05:46:10.673Z,buy,1.61e-06,137.0,0.00022057
APPC/BTC,1639893153083,2021-12-19T05:52:33.083Z,sell,1.6e-06,8854.0,0.014166399999999999
APPC/BTC,1639893271535,2021-12-19T05:54:31.535Z,sell,1.6e-06,63.0,0.0001008
APPC/BTC,1639893282244,2021-12-19T05:54:42.244Z,sell,1.6e-06,1052.0,0.0016832
APPC/BTC,1639893769341,2021-12-19T06:02:49.341Z,buy,1.61e-06,92.0,0.00014812
APPC/BTC,1639893846656,2021-12-19T06:04:06.656Z,sell,1.6e-06,68.0,0.00010879999999999999
APPC/BTC,1639894264068,2021-12-19T06:11:04.068Z,sell,1.6e-06,1192.0,0.0019072
APPC/BTC,1639894264068,2021-12-19T06:11:04.068Z,sell,1.6e-06,1192.0,0.0019072
APPC/BTC,1639894525723,2021-12-19T06:15:25.723Z,buy,1.61e-06,198.0,0.00031878
APPC/BTC,1639894552420,2021-12-19T06:15:52.420Z,buy,1.61e-06,198.0,0.00031878
APPC/BTC,1639894709822,2021-12-19T06:18:29.822Z,sell,1.6e-06,481.0,0.0007696
APPC/BTC,1639894844930,2021-12-19T06:20:44.930Z,sell,1.6e-06,12446.0,0.0199136
APPC/BTC,1639894857779,2021-12-19T06:20:57.779Z,sell,1.6e-06,12447.0,0.019915199999999997
APPC/BTC,1639895080059,2021-12-19T06:24:40.059Z,buy,1.61e-06,1987.0,0.00319907
APPC/BTC,1639896421402,2021-12-19T06:47:01.402Z,sell,1.6e-06,1500.0,0.0024
APPC/BTC,1639896593457,2021-12-19T06:49:53.457Z,sell,1.6e-06,6223.0,0.0099568
APPC/BTC,1639896611233,2021-12-19T06:50:11.233Z,sell,1.6e-06,4667.0,0.007467199999999999
APPC/BTC,1639896626881,2021-12-19T06:50:26.881Z,sell,1.6e-06,1938.0,0.0031008
APPC/BTC,1639896655090,2021-12-19T06:50:55.090Z,buy,1.6e-06,714.0,0.0011424
APPC/BTC,1639897304756,2021-12-19T07:01:44.756Z,sell,1.59e-06,4234.0,0.00673206
APPC/BTC,1639897418577,2021-12-19T07:03:38.577Z,buy,1.6e-06,188.0,0.0003008
APPC/BTC,1639897419142,2021-12-19T07:03:39.142Z,buy,1.6e-06,188.0,0.0003008
APPC/BTC,1639897420516,2021-12-19T07:03:40.516Z,buy,1.6e-06,188.0,0.0003008
APPC/BTC,1639897459182,2021-12-19T07:04:19.182Z,buy,1.6e-06,69.0,0.0001104
APPC/BTC,1639897726233,2021-12-19T07:08:46.233Z,sell,1.59e-06,2414.0,0.00383826
APPC/BTC,1639897726233,2021-12-19T07:08:46.233Z,sell,1.59e-06,2414.0,0.00383826
APPC/BTC,1639898143228,2021-12-19T07:15:43.228Z,sell,1.59e-06,189.0,0.00030051
APPC/BTC,1639898240228,2021-12-19T07:17:20.228Z,sell,1.59e-06,95.0,0.00015105
APPC/BTC,1639898315237,2021-12-19T07:18:35.237Z,buy,1.6e-06,65.0,0.000104
APPC/BTC,1639898366784,2021-12-19T07:19:26.784Z,buy,1.6e-06,212.0,0.0003392
APPC/BTC,1639898629436,2021-12-19T07:23:49.436Z,sell,1.59e-06,42148.0,0.06701532
APPC/BTC,1639898629436,2021-12-19T07:23:49.436Z,sell,1.58e-06,67767.0,0.10707185999999999
APPC/BTC,1639898629436,2021-12-19T07:23:49.436Z,sell,1.58e-06,92.0,0.00014536
APPC/BTC,1639898629939,2021-12-19T07:23:49.939Z,sell,1.58e-06,129.0,0.00020381999999999998
APPC/BTC,1639898676211,2021-12-19T07:24:36.211Z,buy,1.59e-06,402.0,0.00063918
APPC/BTC,1639900362128,2021-12-19T07:52:42.128Z,buy,1.59e-06,747.0,0.0011877300000000001
APPC/BTC,1639900362128,2021-12-19T07:52:42.128Z,buy,1.59e-06,747.0,0.0011877300000000001
APPC/BTC,1639901569768,2021-12-19T08:12:49.768Z,buy,1.59e-06,17951.0,0.02854209
APPC/BTC,1639902122429,2021-12-19T08:22:02.429Z,sell,1.59e-06,163.0,0.00025917000000000003
APPC/BTC,1639902602398,2021-12-19T08:30:02.398Z,buy,1.6e-06,2145.0,0.0034319999999999997
APPC/BTC,1639902613773,2021-12-19T08:30:13.773Z,buy,1.6e-06,125.0,0.00019999999999999998
APPC/BTC,1639902671892,2021-12-19T08:31:11.892Z,sell,1.59e-06,7603.0,0.01208877
APPC/BTC,1639902814442,2021-12-19T08:33:34.442Z,buy,1.6e-06,137.0,0.0002192
APPC/BTC,1639902904552,2021-12-19T08:35:04.552Z,buy,1.6e-06,3196.0,0.005113599999999999
APPC/BTC,1639902904552,2021-12-19T08:35:04.552Z,buy,1.6e-06,3196.0,0.005113599999999999
APPC/BTC,1639904048480,2021-12-19T08:54:08.480Z,sell,1.59e-06,2755.0,0.00438045
APPC/BTC,1639904060193,2021-12-19T08:54:20.193Z,sell,1.59e-06,12404.0,0.01972236
APPC/BTC,1639904060193,2021-12-19T08:54:20.193Z,sell,1.58e-06,2381.0,0.00376198
APPC/BTC,1639904127070,2021-12-19T08:55:27.070Z,buy,1.6e-06,933.0,0.0014927999999999999
APPC/BTC,1639904128550,2021-12-19T08:55:28.550Z,buy,1.6e-06,194.0,0.0003104
APPC/BTC,1639904130476,2021-12-19T08:55:30.476Z,buy,1.6e-06,1018.0,0.0016288
APPC/BTC,1639904133204,2021-12-19T08:55:33.204Z,buy,1.6e-06,742.0,0.0011872
APPC/BTC,1639904738184,2021-12-19T09:05:38.184Z,buy,1.6e-06,150.0,0.00023999999999999998
APPC/BTC,1639905157232,2021-12-19T09:12:37.232Z,sell,1.58e-06,94.0,0.00014852
APPC/BTC,1639905400308,2021-12-19T09:16:40.308Z,sell,1.58e-06,460.0,0.0007268
APPC/BTC,1639905468436,2021-12-19T09:17:48.436Z,sell,1.58e-06,788.0,0.00124504
APPC/BTC,1639905499150,2021-12-19T09:18:19.150Z,buy,1.59e-06,7629.0,0.01213011
APPC/BTC,1639905938663,2021-12-19T09:25:38.663Z,sell,1.58e-06,340.0,0.0005371999999999999
APPC/BTC,1639905938663,2021-12-19T09:25:38.663Z,sell,1.58e-06,340.0,0.0005371999999999999
APPC/BTC,1639906665444,2021-12-19T09:37:45.444Z,buy,1.59e-06,189.0,0.00030051
APPC/BTC,1639906829383,2021-12-19T09:40:29.383Z,buy,1.59e-06,264.0,0.00041976000000000003
APPC/BTC,1639906987542,2021-12-19T09:43:07.542Z,buy,1.59e-06,500.0,0.000795
APPC/BTC,1639907318335,2021-12-19T09:48:38.335Z,sell,1.58e-06,189.0,0.00029862
APPC/BTC,1639907751059,2021-12-19T09:55:51.059Z,buy,1.59e-06,7629.0,0.01213011
APPC/BTC,1639907821452,2021-12-19T09:57:01.452Z,buy,1.6e-06,1230.0,0.0019679999999999997
APPC/BTC,1639908045514,2021-12-19T10:00:45.514Z,buy,1.6e-06,812.0,0.0012992
APPC/BTC,1639908635502,2021-12-19T10:10:35.502Z,sell,1.58e-06,580.0,0.0009163999999999999
APPC/BTC,1639908830619,2021-12-19T10:13:50.619Z,sell,1.58e-06,9286.0,0.01467188
APPC/BTC,1639909010800,2021-12-19T10:16:50.800Z,buy,1.59e-06,286.0,0.00045474
APPC/BTC,1639909182655,2021-12-19T10:19:42.655Z,buy,1.59e-06,2531.0,0.00402429
APPC/BTC,1639909201349,2021-12-19T10:20:01.349Z,buy,1.59e-06,15419.0,0.02451621
APPC/BTC,1639909201349,2021-12-19T10:20:01.349Z,buy,1.6e-06,25581.0,0.0409296
APPC/BTC,1639909241097,2021-12-19T10:20:41.097Z,buy,1.6e-06,336.0,0.0005376
APPC/BTC,1639909241097,2021-12-19T10:20:41.097Z,buy,1.61e-06,30664.0,0.04936904
APPC/BTC,1639909296974,2021-12-19T10:21:36.974Z,sell,1.6e-06,561.0,0.0008975999999999999
APPC/BTC,1639909302636,2021-12-19T10:21:42.636Z,buy,1.61e-06,1864.0,0.00300104
APPC/BTC,1639909323663,2021-12-19T10:22:03.663Z,buy,1.61e-06,63.0,0.00010143
APPC/BTC,1639909335381,2021-12-19T10:22:15.381Z,sell,1.6e-06,329.0,0.0005264
APPC/BTC,1639909335381,2021-12-19T10:22:15.381Z,sell,1.59e-06,257.0,0.00040863
APPC/BTC,1639909353166,2021-12-19T10:22:33.166Z,sell,1.59e-06,500.0,0.000795
APPC/BTC,1639909426132,2021-12-19T10:23:46.132Z,buy,1.61e-06,520.0,0.0008372000000000001
APPC/BTC,1639909426132,2021-12-19T10:23:46.132Z,buy,1.61e-06,520.0,0.0008372000000000001
APPC/BTC,1639909899740,2021-12-19T10:31:39.740Z,buy,1.61e-06,394.0,0.0006343400000000001
APPC/BTC,1639910108256,2021-12-19T10:35:08.256Z,buy,1.61e-06,1977.0,0.0031829700000000002
APPC/BTC,1639910197968,2021-12-19T10:36:37.968Z,buy,1.61e-06,1029.0,0.00165669
APPC/BTC,1639910199436,2021-12-19T10:36:39.436Z,buy,1.61e-06,1394.0,0.00224434
APPC/BTC,1639910206758,2021-12-19T10:36:46.758Z,buy,1.61e-06,66758.0,0.10748038
APPC/BTC,1639910207164,2021-12-19T10:36:47.164Z,sell,1.61e-06,19962.0,0.03213882
APPC/BTC,1639910214076,2021-12-19T10:36:54.076Z,sell,1.61e-06,9981.0,0.01606941
APPC/BTC,1639910221184,2021-12-19T10:37:01.184Z,sell,1.61e-06,8983.0,0.01446263
APPC/BTC,1639910495697,2021-12-19T10:41:35.697Z,sell,1.61e-06,134.0,0.00021574000000000002
APPC/BTC,1639910513765,2021-12-19T10:41:53.765Z,buy,1.62e-06,11288.0,0.01828656
APPC/BTC,1639910552255,2021-12-19T10:42:32.255Z,sell,1.61e-06,18023.0,0.02901703
APPC/BTC,1639910848625,2021-12-19T10:47:28.625Z,buy,1.62e-06,425.0,0.0006885
APPC/BTC,1639910989395,2021-12-19T10:49:49.395Z,buy,1.62e-06,76.0,0.00012312
APPC/BTC,1639911041224,2021-12-19T10:50:41.224Z,buy,1.62e-06,90.0,0.0001458
APPC/BTC,1639911119091,2021-12-19T10:51:59.091Z,buy,1.62e-06,1596.0,0.00258552
APPC/BTC,1639911219758,2021-12-19T10:53:39.758Z,sell,1.61e-06,998.0,0.0016067800000000001
APPC/BTC,1639911240120,2021-12-19T10:54:00.120Z,sell,1.61e-06,703.0,0.0011318300000000001
APPC/BTC,1639911279578,2021-12-19T10:54:39.578Z,sell,1.61e-06,918.0,0.00147798
APPC/BTC,1639911511282,2021-12-19T10:58:31.282Z,sell,1.61e-06,9344.0,0.015043840000000001
APPC/BTC,1639911552147,2021-12-19T10:59:12.147Z,sell,1.6e-06,64.0,0.0001024
APPC/BTC,1639911552233,2021-12-19T10:59:12.233Z,sell,1.6e-06,67.0,0.00010719999999999999
APPC/BTC,1639911645060,2021-12-19T11:00:45.060Z,buy,1.61e-06,63.0,0.00010143
APPC/BTC,1639911878237,2021-12-19T11:04:38.237Z,buy,1.61e-06,593.0,0.00095473
APPC/BTC,1639911878237,2021-12-19T11:04:38.237Z,buy,1.62e-06,4.0,6.48e-06
APPC/BTC,1639912288645,2021-12-19T11:11:28.645Z,buy,1.62e-06,450.0,0.0007289999999999999
APPC/BTC,1639912363897,2021-12-19T11:12:43.897Z,sell,1.6e-06,1579.0,0.0025264
APPC/BTC,1639912450507,2021-12-19T11:14:10.507Z,sell,1.6e-06,425.0,0.0006799999999999999
APPC/BTC,1639912626343,2021-12-19T11:17:06.343Z,buy,1.61e-06,449.0,0.00072289
APPC/BTC,1639912641043,2021-12-19T11:17:21.043Z,sell,1.6e-06,70.0,0.000112
APPC/BTC,1639912936546,2021-12-19T11:22:16.546Z,sell,1.6e-06,1595.0,0.002552
APPC/BTC,1639912987415,2021-12-19T11:23:07.415Z,buy,1.62e-06,32783.0,0.053108459999999996
APPC/BTC,1639913008145,2021-12-19T11:23:28.145Z,buy,1.62e-06,419.0,0.00067878
APPC/BTC,1639913008145,2021-12-19T11:23:28.145Z,buy,1.62e-06,419.0,0.00067878
APPC/BTC,1639913151517,2021-12-19T11:25:51.517Z,buy,1.62e-06,6322.0,0.01024164
APPC/BTC,1639913182762,2021-12-19T11:26:22.762Z,buy,1.62e-06,33214.0,0.053806679999999996
APPC/BTC,1639913183294,2021-12-19T11:26:23.294Z,buy,1.62e-06,186.0,0.00030132
APPC/BTC,1639913193116,2021-12-19T11:26:33.116Z,buy,1.62e-06,314.0,0.00050868
APPC/BTC,1639913196021,2021-12-19T11:26:36.021Z,buy,1.62e-06,500.0,0.00081
APPC/BTC,1639913204553,2021-12-19T11:26:44.553Z,buy,1.62e-06,500.0,0.00081
APPC/BTC,1639913210472,2021-12-19T11:26:50.472Z,buy,1.62e-06,500.0,0.00081
APPC/BTC,1639913221902,2021-12-19T11:27:01.902Z,sell,1.61e-06,7075.0,0.01139075
APPC/BTC,1639913240022,2021-12-19T11:27:20.022Z,buy,1.62e-06,1067.0,0.00172854
APPC/BTC,1639913251559,2021-12-19T11:27:31.559Z,buy,1.62e-06,13063.0,0.02116206
APPC/BTC,1639913260284,2021-12-19T11:27:40.284Z,sell,1.62e-06,15764.0,0.02553768
APPC/BTC,1639913274256,2021-12-19T11:27:54.256Z,sell,1.62e-06,7878.0,0.01276236
APPC/BTC,1639913275887,2021-12-19T11:27:55.887Z,buy,1.63e-06,282.0,0.00045966000000000003
APPC/BTC,1639913316560,2021-12-19T11:28:36.560Z,buy,1.63e-06,60273.0,0.09824499
APPC/BTC,1639913323360,2021-12-19T11:28:43.360Z,buy,1.64e-06,1830.0,0.0030012
APPC/BTC,1639913329596,2021-12-19T11:28:49.596Z,buy,1.64e-06,77646.0,0.12733944
APPC/BTC,1639913331535,2021-12-19T11:28:51.535Z,sell,1.63e-06,662.0,0.00107906
APPC/BTC,1639913356431,2021-12-19T11:29:16.431Z,sell,1.63e-06,12277.0,0.02001151
APPC/BTC,1639913399216,2021-12-19T11:29:59.216Z,buy,1.63e-06,1624.0,0.00264712
APPC/BTC,1639913402171,2021-12-19T11:30:02.171Z,sell,1.63e-06,1157.0,0.00188591
APPC/BTC,1639913412166,2021-12-19T11:30:12.166Z,sell,1.63e-06,2287.0,0.0037278100000000002
APPC/BTC,1639913432302,2021-12-19T11:30:32.302Z,sell,1.63e-06,7088.0,0.01155344
APPC/BTC,1639913467702,2021-12-19T11:31:07.702Z,sell,1.63e-06,63.0,0.00010269000000000001
APPC/BTC,1639913549069,2021-12-19T11:32:29.069Z,buy,1.64e-06,1951.0,0.00319964
APPC/BTC,1639913606326,2021-12-19T11:33:26.326Z,buy,1.64e-06,18363.0,0.03011532
APPC/BTC,1639913606326,2021-12-19T11:33:26.326Z,buy,1.65e-06,13952.0,0.0230208
APPC/BTC,1639913639869,2021-12-19T11:33:59.869Z,sell,1.64e-06,70.0,0.0001148
APPC/BTC,1639913646843,2021-12-19T11:34:06.843Z,buy,1.65e-06,8911.0,0.01470315
APPC/BTC,1639913656754,2021-12-19T11:34:16.754Z,buy,1.65e-06,74232.0,0.1224828
APPC/BTC,1639913657948,2021-12-19T11:34:17.948Z,sell,1.64e-06,127.0,0.00020828
APPC/BTC,1639913658868,2021-12-19T11:34:18.868Z,sell,1.63e-06,132.0,0.00021516000000000002
APPC/BTC,1639913663395,2021-12-19T11:34:23.395Z,buy,1.64e-06,1830.0,0.0030012
APPC/BTC,1639913705246,2021-12-19T11:35:05.246Z,buy,1.64e-06,12129.0,0.01989156
APPC/BTC,1639913708798,2021-12-19T11:35:08.798Z,sell,1.64e-06,1402.0,0.00229928
APPC/BTC,1639913748642,2021-12-19T11:35:48.642Z,sell,1.64e-06,321.0,0.00052644
APPC/BTC,1639913779588,2021-12-19T11:36:19.588Z,buy,1.65e-06,606.0,0.0009999
APPC/BTC,1639913799207,2021-12-19T11:36:39.207Z,buy,1.65e-06,199.0,0.00032835000000000004
APPC/BTC,1639913801357,2021-12-19T11:36:41.357Z,buy,1.65e-06,16542.0,0.0272943
APPC/BTC,1639913858081,2021-12-19T11:37:38.081Z,buy,1.65e-06,1791.0,0.00295515
APPC/BTC,1639913905090,2021-12-19T11:38:25.090Z,sell,1.64e-06,100.0,0.000164
APPC/BTC,1639913917513,2021-12-19T11:38:37.513Z,buy,1.65e-06,220.0,0.00036300000000000004
APPC/BTC,1639913947040,2021-12-19T11:39:07.040Z,buy,1.65e-06,327.0,0.0005395500000000001
APPC/BTC,1639913951821,2021-12-19T11:39:11.821Z,buy,1.65e-06,12126.0,0.020007900000000002
APPC/BTC,1639913956673,2021-12-19T11:39:16.673Z,buy,1.65e-06,16543.0,0.027295950000000003
APPC/BTC,1639913970900,2021-12-19T11:39:30.900Z,buy,1.65e-06,5426.0,0.0089529
APPC/BTC,1639913979018,2021-12-19T11:39:39.018Z,buy,1.65e-06,8139.0,0.013429350000000001
APPC/BTC,1639914041485,2021-12-19T11:40:41.485Z,sell,1.64e-06,20000.0,0.0328
APPC/BTC,1639914201357,2021-12-19T11:43:21.357Z,sell,1.64e-06,2197.0,0.00360308
APPC/BTC,1639914234816,2021-12-19T11:43:54.816Z,buy,1.65e-06,6700.0,0.011055
APPC/BTC,1639914259957,2021-12-19T11:44:19.957Z,buy,1.65e-06,11399.0,0.01880835
APPC/BTC,1639914291771,2021-12-19T11:44:51.771Z,buy,1.65e-06,6694.0,0.0110451
APPC/BTC,1639914410792,2021-12-19T11:46:50.792Z,buy,1.65e-06,266.0,0.00043890000000000004
APPC/BTC,1639914456325,2021-12-19T11:47:36.325Z,buy,1.65e-06,340.0,0.000561
APPC/BTC,1639914526945,2021-12-19T11:48:46.945Z,buy,1.65e-06,413.0,0.00068145
APPC/BTC,1639914637496,2021-12-19T11:50:37.496Z,buy,1.65e-06,784.0,0.0012936
APPC/BTC,1639914651037,2021-12-19T11:50:51.037Z,buy,1.65e-06,12126.0,0.020007900000000002
APPC/BTC,1639914716894,2021-12-19T11:51:56.894Z,buy,1.65e-06,3291.0,0.00543015
APPC/BTC,1639914732867,2021-12-19T11:52:12.867Z,sell,1.64e-06,140.0,0.0002296
APPC/BTC,1639914737780,2021-12-19T11:52:17.780Z,buy,1.65e-06,3263.0,0.00538395
APPC/BTC,1639914886229,2021-12-19T11:54:46.229Z,sell,1.64e-06,3259.0,0.00534476
APPC/BTC,1639914917275,2021-12-19T11:55:17.275Z,sell,1.64e-06,11387.0,0.01867468
APPC/BTC,1639914963758,2021-12-19T11:56:03.758Z,buy,1.65e-06,11787.0,0.019448550000000002
APPC/BTC,1639914984706,2021-12-19T11:56:24.706Z,sell,1.65e-06,1004.0,0.0016566
APPC/BTC,1639915164912,2021-12-19T11:59:24.912Z,buy,1.66e-06,2650.0,0.004399
APPC/BTC,1639915205107,2021-12-19T12:00:05.107Z,buy,1.66e-06,1076.0,0.00178616
APPC/BTC,1639915306238,2021-12-19T12:01:46.238Z,sell,1.65e-06,414.0,0.0006831000000000001
APPC/BTC,1639915308062,2021-12-19T12:01:48.062Z,buy,1.66e-06,78.0,0.00012948
APPC/BTC,1639915348356,2021-12-19T12:02:28.356Z,buy,1.66e-06,361.0,0.00059926
APPC/BTC,1639915371389,2021-12-19T12:02:51.389Z,buy,1.66e-06,84.0,0.00013944
APPC/BTC,1639915385622,2021-12-19T12:03:05.622Z,sell,1.65e-06,401.0,0.0006616500000000001
APPC/BTC,1639915400057,2021-12-19T12:03:20.057Z,sell,1.65e-06,597.0,0.0009850500000000001
APPC/BTC,1639915409199,2021-12-19T12:03:29.199Z,buy,1.66e-06,500.0,0.00083
APPC/BTC,1639915502710,2021-12-19T12:05:02.710Z,sell,1.65e-06,871.0,0.00143715
APPC/BTC,1639915514222,2021-12-19T12:05:14.222Z,buy,1.66e-06,432.0,0.00071712
APPC/BTC,1639915515518,2021-12-19T12:05:15.518Z,sell,1.65e-06,5000.0,0.00825
APPC/BTC,1639915566685,2021-12-19T12:06:06.685Z,sell,1.65e-06,526.0,0.0008679
APPC/BTC,1639915605914,2021-12-19T12:06:45.914Z,sell,1.65e-06,91.0,0.00015015000000000002
APPC/BTC,1639915605914,2021-12-19T12:06:45.914Z,sell,1.64e-06,9.0,1.476e-05
APPC/BTC,1639915836149,2021-12-19T12:10:36.149Z,sell,1.65e-06,9359.0,0.01544235
APPC/BTC,1639915923615,2021-12-19T12:12:03.615Z,sell,1.64e-06,210.0,0.00034439999999999997
APPC/BTC,1639915932913,2021-12-19T12:12:12.913Z,buy,1.65e-06,62.0,0.0001023
APPC/BTC,1639915981229,2021-12-19T12:13:01.229Z,sell,1.64e-06,15107.0,0.02477548
APPC/BTC,1639915981922,2021-12-19T12:13:01.922Z,sell,1.63e-06,124.0,0.00020212
APPC/BTC,1639915981922,2021-12-19T12:13:01.922Z,sell,1.63e-06,84.0,0.00013692
APPC/BTC,1639915982659,2021-12-19T12:13:02.659Z,sell,1.63e-06,595.0,0.0009698500000000001
APPC/BTC,1639916024927,2021-12-19T12:13:44.927Z,buy,1.64e-06,206900.0,0.339316
APPC/BTC,1639916055185,2021-12-19T12:14:15.185Z,sell,1.64e-06,2647.0,0.00434108
APPC/BTC,1639916218126,2021-12-19T12:16:58.126Z,buy,1.65e-06,2258.0,0.0037257
APPC/BTC,1639916232445,2021-12-19T12:17:12.445Z,buy,1.65e-06,122.0,0.00020130000000000001
APPC/BTC,1639916257698,2021-12-19T12:17:37.698Z,sell,1.64e-06,100.0,0.000164
APPC/BTC,1639916522946,2021-12-19T12:22:02.946Z,sell,1.64e-06,2000.0,0.00328
APPC/BTC,1639916522946,2021-12-19T12:22:02.946Z,sell,1.64e-06,2000.0,0.00328
APPC/BTC,1639916648794,2021-12-19T12:24:08.794Z,buy,1.65e-06,15104.0,0.024921600000000002
APPC/BTC,1639916648794,2021-12-19T12:24:08.794Z,buy,1.66e-06,16932.0,0.02810712
APPC/BTC,1639916696342,2021-12-19T12:24:56.342Z,sell,1.65e-06,123.0,0.00020295
APPC/BTC,1639916696342,2021-12-19T12:24:56.342Z,sell,1.64e-06,197.0,0.00032308
APPC/BTC,1639916776724,2021-12-19T12:26:16.724Z,buy,1.66e-06,646.0,0.00107236
APPC/BTC,1639916822791,2021-12-19T12:27:02.791Z,buy,1.66e-06,240.0,0.0003984
APPC/BTC,1639916844355,2021-12-19T12:27:24.355Z,buy,1.66e-06,753.0,0.00124998
APPC/BTC,1639916875284,2021-12-19T12:27:55.284Z,sell,1.64e-06,645.0,0.0010578
APPC/BTC,1639916900659,2021-12-19T12:28:20.659Z,sell,1.64e-06,166.0,0.00027224
APPC/BTC,1639917241724,2021-12-19T12:34:01.724Z,sell,1.65e-06,428.0,0.0007062
APPC/BTC,1639917245459,2021-12-19T12:34:05.459Z,sell,1.64e-06,5467.0,0.008965879999999999
APPC/BTC,1639917257005,2021-12-19T12:34:17.005Z,sell,1.64e-06,1549.0,0.0025403599999999998
APPC/BTC,1639917316364,2021-12-19T12:35:16.364Z,sell,1.64e-06,245.0,0.0004018
APPC/BTC,1639917638891,2021-12-19T12:40:38.891Z,buy,1.66e-06,361.0,0.00059926
APPC/BTC,1639917783742,2021-12-19T12:43:03.742Z,buy,1.66e-06,121.0,0.00020086
APPC/BTC,1639917798623,2021-12-19T12:43:18.623Z,sell,1.65e-06,121.0,0.00019965
APPC/BTC,1639917869448,2021-12-19T12:44:29.448Z,sell,1.65e-06,10154.0,0.0167541
APPC/BTC,1639918059569,2021-12-19T12:47:39.569Z,buy,1.65e-06,9750.0,0.0160875
APPC/BTC,1639918082669,2021-12-19T12:48:02.669Z,sell,1.64e-06,757.0,0.0012414799999999999
APPC/BTC,1639918085609,2021-12-19T12:48:05.609Z,sell,1.64e-06,3800.0,0.006232
APPC/BTC,1639918245764,2021-12-19T12:50:45.764Z,buy,1.65e-06,1818.0,0.0029997
APPC/BTC,1639918497561,2021-12-19T12:54:57.561Z,buy,1.65e-06,821.0,0.00135465
APPC/BTC,1639918586992,2021-12-19T12:56:26.992Z,buy,1.65e-06,1413.0,0.00233145
APPC/BTC,1639918659377,2021-12-19T12:57:39.377Z,buy,1.65e-06,182.0,0.00030030000000000004
APPC/BTC,1639918659705,2021-12-19T12:57:39.705Z,sell,1.64e-06,182.0,0.00029848
APPC/BTC,1639918660445,2021-12-19T12:57:40.445Z,buy,1.65e-06,182.0,0.00030030000000000004
APPC/BTC,1639918731274,2021-12-19T12:58:51.274Z,sell,1.64e-06,800.0,0.001312
APPC/BTC,1639918733895,2021-12-19T12:58:53.895Z,buy,1.65e-06,329.0,0.00054285
APPC/BTC,1639918733895,2021-12-19T12:58:53.895Z,buy,1.66e-06,5040.0,0.0083664
APPC/BTC,1639918831587,2021-12-19T13:00:31.587Z,buy,1.66e-06,2408.0,0.00399728
APPC/BTC,1639918943884,2021-12-19T13:02:23.884Z,buy,1.66e-06,4642.0,0.00770572
APPC/BTC,1639918970190,2021-12-19T13:02:50.190Z,buy,1.66e-06,89.0,0.00014774
APPC/BTC,1639919020127,2021-12-19T13:03:40.127Z,buy,1.66e-06,92.0,0.00015272
APPC/BTC,1639919159283,2021-12-19T13:05:59.283Z,buy,1.66e-06,5845.0,0.0097027
APPC/BTC,1639919244896,2021-12-19T13:07:24.896Z,buy,1.65e-06,1098.0,0.0018117
APPC/BTC,1639919270292,2021-12-19T13:07:50.292Z,buy,1.65e-06,1097.0,0.0018100500000000001
APPC/BTC,1639919350785,2021-12-19T13:09:10.785Z,sell,1.64e-06,23116.0,0.03791024
APPC/BTC,1639919421217,2021-12-19T13:10:21.217Z,buy,1.65e-06,2039.0,0.0033643500000000003
APPC/BTC,1639919431203,2021-12-19T13:10:31.203Z,buy,1.65e-06,6117.0,0.010093050000000001
APPC/BTC,1639919476590,2021-12-19T13:11:16.590Z,buy,1.65e-06,4072.0,0.0067188000000000005
APPC/BTC,1639919476590,2021-12-19T13:11:16.590Z,buy,1.66e-06,2165.0,0.0035939
APPC/BTC,1639919574660,2021-12-19T13:12:54.660Z,buy,1.66e-06,1842.0,0.00305772
APPC/BTC,1639919590251,2021-12-19T13:13:10.251Z,buy,1.66e-06,441.0,0.00073206
APPC/BTC,1639919619728,2021-12-19T13:13:39.728Z,buy,1.66e-06,2990.0,0.0049634
APPC/BTC,1639919840228,2021-12-19T13:17:20.228Z,sell,1.65e-06,65.0,0.00010725
APPC/BTC,1639919852041,2021-12-19T13:17:32.041Z,buy,1.66e-06,2409.0,0.00399894
APPC/BTC,1639919981993,2021-12-19T13:19:41.993Z,buy,1.66e-06,394.0,0.00065404
APPC/BTC,1639919987369,2021-12-19T13:19:47.369Z,sell,1.65e-06,62.0,0.0001023
APPC/BTC,1639920061251,2021-12-19T13:21:01.251Z,buy,1.66e-06,1150.0,0.0019089999999999999
APPC/BTC,1639920094901,2021-12-19T13:21:34.901Z,buy,1.66e-06,68.0,0.00011288
APPC/BTC,1639920101197,2021-12-19T13:21:41.197Z,buy,1.66e-06,34650.0,0.057519
APPC/BTC,1639920101197,2021-12-19T13:21:41.197Z,buy,1.66e-06,34650.0,0.057519
APPC/BTC,1639920208985,2021-12-19T13:23:28.985Z,buy,1.66e-06,132.0,0.00021912
APPC/BTC,1639920317158,2021-12-19T13:25:17.158Z,sell,1.65e-06,10000.0,0.0165
APPC/BTC,1639920391292,2021-12-19T13:26:31.292Z,buy,1.66e-06,72.0,0.00011952
APPC/BTC,1639920433110,2021-12-19T13:27:13.110Z,sell,1.65e-06,6315.0,0.01041975
APPC/BTC,1639920461673,2021-12-19T13:27:41.673Z,sell,1.65e-06,506.0,0.0008349000000000001
APPC/BTC,1639920517428,2021-12-19T13:28:37.428Z,buy,1.66e-06,5594.0,0.00928604
APPC/BTC,1639920592829,2021-12-19T13:29:52.829Z,buy,1.66e-06,1597.0,0.00265102
APPC/BTC,1639920635254,2021-12-19T13:30:35.254Z,buy,1.66e-06,14382.0,0.02387412
APPC/BTC,1639920661685,2021-12-19T13:31:01.685Z,buy,1.66e-06,7399.0,0.01228234
APPC/BTC,1639920720493,2021-12-19T13:32:00.493Z,buy,1.66e-06,115.0,0.0001909
APPC/BTC,1639920743220,2021-12-19T13:32:23.220Z,sell,1.65e-06,366.0,0.0006039
APPC/BTC,1639920827451,2021-12-19T13:33:47.451Z,buy,1.66e-06,103248.0,0.17139168
APPC/BTC,1639920899813,2021-12-19T13:34:59.813Z,buy,1.67e-06,90944.0,0.15187648
APPC/BTC,1639920932797,2021-12-19T13:35:32.797Z,buy,1.67e-06,5998.0,0.01001666
APPC/BTC,1639920957111,2021-12-19T13:35:57.111Z,buy,1.67e-06,317568.0,0.53033856
APPC/BTC,1639920962638,2021-12-19T13:36:02.638Z,buy,1.68e-06,57536.0,0.09666048000000001
APPC/BTC,1639920962692,2021-12-19T13:36:02.692Z,sell,1.67e-06,1341.0,0.0022394700000000003
APPC/BTC,1639920962726,2021-12-19T13:36:02.726Z,sell,1.67e-06,151.0,0.00025217
APPC/BTC,1639920962765,2021-12-19T13:36:02.765Z,sell,1.67e-06,68.0,0.00011356
APPC/BTC,1639920963152,2021-12-19T13:36:03.152Z,sell,1.67e-06,1219.0,0.00203573
APPC/BTC,1639920963238,2021-12-19T13:36:03.238Z,buy,1.68e-06,324.0,0.00054432
APPC/BTC,1639920969629,2021-12-19T13:36:09.629Z,buy,1.68e-06,93.0,0.00015624
APPC/BTC,1639920980896,2021-12-19T13:36:20.896Z,buy,1.68e-06,119.0,0.00019992
APPC/BTC,1639920994875,2021-12-19T13:36:34.875Z,buy,1.68e-06,30278.0,0.05086704
APPC/BTC,1639920998700,2021-12-19T13:36:38.700Z,buy,1.68e-06,89413.0,0.15021384
APPC/BTC,1639921004402,2021-12-19T13:36:44.402Z,buy,1.68e-06,89.0,0.00014952
APPC/BTC,1639921012962,2021-12-19T13:36:52.962Z,buy,1.68e-06,3128.0,0.00525504
APPC/BTC,1639921017324,2021-12-19T13:36:57.324Z,buy,1.68e-06,2813.0,0.00472584
APPC/BTC,1639921020385,2021-12-19T13:37:00.385Z,sell,1.67e-06,25561.0,0.04268687
APPC/BTC,1639921055185,2021-12-19T13:37:35.185Z,sell,1.67e-06,341317.0,0.56999939
APPC/BTC,1639921073208,2021-12-19T13:37:53.208Z,buy,1.68e-06,4935.0,0.0082908
APPC/BTC,1639921083174,2021-12-19T13:38:03.174Z,buy,1.68e-06,584.0,0.00098112
APPC/BTC,1639921085434,2021-12-19T13:38:05.434Z,buy,1.68e-06,16434.0,0.02760912
APPC/BTC,1639921098930,2021-12-19T13:38:18.930Z,buy,1.68e-06,2492.0,0.00418656
APPC/BTC,1639921103700,2021-12-19T13:38:23.700Z,buy,1.68e-06,452.0,0.00075936
APPC/BTC,1639921104912,2021-12-19T13:38:24.912Z,buy,1.68e-06,56852.0,0.09551136
APPC/BTC,1639921110215,2021-12-19T13:38:30.215Z,buy,1.68e-06,433.0,0.00072744
APPC/BTC,1639921110984,2021-12-19T13:38:30.984Z,sell,1.68e-06,1607.0,0.00269976
APPC/BTC,1639921111512,2021-12-19T13:38:31.512Z,buy,1.69e-06,1776.0,0.0030014399999999998
APPC/BTC,1639921112620,2021-12-19T13:38:32.620Z,sell,1.68e-06,179.0,0.00030072
APPC/BTC,1639921112620,2021-12-19T13:38:32.620Z,sell,1.67e-06,15.0,2.5050000000000002e-05
APPC/BTC,1639921113189,2021-12-19T13:38:33.189Z,sell,1.67e-06,62.0,0.00010354
APPC/BTC,1639921114162,2021-12-19T13:38:34.162Z,sell,1.68e-06,73.0,0.00012264
APPC/BTC,1639921114162,2021-12-19T13:38:34.162Z,sell,1.67e-06,1927.0,0.0032180900000000003
APPC/BTC,1639921114767,2021-12-19T13:38:34.767Z,buy,1.69e-06,458.0,0.0007740199999999999
APPC/BTC,1639921119254,2021-12-19T13:38:39.254Z,sell,1.67e-06,1106.0,0.0018470200000000002
APPC/BTC,1639921132120,2021-12-19T13:38:52.120Z,sell,1.67e-06,583.0,0.0009736100000000001
APPC/BTC,1639921133495,2021-12-19T13:38:53.495Z,sell,1.67e-06,300.0,0.000501
APPC/BTC,1639921140273,2021-12-19T13:39:00.273Z,sell,1.67e-06,151.0,0.00025217
APPC/BTC,1639921148516,2021-12-19T13:39:08.516Z,sell,1.67e-06,252.0,0.00042084
APPC/BTC,1639921148632,2021-12-19T13:39:08.632Z,buy,1.69e-06,658.0,0.00111202
APPC/BTC,1639921152238,2021-12-19T13:39:12.238Z,buy,1.69e-06,60.0,0.0001014
APPC/BTC,1639921165675,2021-12-19T13:39:25.675Z,buy,1.69e-06,5538.0,0.00935922
APPC/BTC,1639921172238,2021-12-19T13:39:32.238Z,buy,1.69e-06,2395.0,0.00404755
APPC/BTC,1639921182521,2021-12-19T13:39:42.521Z,buy,1.69e-06,576.0,0.0009734399999999999
APPC/BTC,1639921270322,2021-12-19T13:41:10.322Z,sell,1.67e-06,140.0,0.00023380000000000002
APPC/BTC,1639921278360,2021-12-19T13:41:18.360Z,sell,1.67e-06,575.0,0.0009602500000000001
APPC/BTC,1639921294843,2021-12-19T13:41:34.843Z,buy,1.69e-06,1893.0,0.00319917
APPC/BTC,1639921304889,2021-12-19T13:41:44.889Z,buy,1.69e-06,527.0,0.00089063
APPC/BTC,1639921317369,2021-12-19T13:41:57.369Z,sell,1.68e-06,2301.0,0.00386568
APPC/BTC,1639921320134,2021-12-19T13:42:00.134Z,buy,1.69e-06,163.0,0.00027547
APPC/BTC,1639921331232,2021-12-19T13:42:11.232Z,sell,1.68e-06,619.0,0.00103992
APPC/BTC,1639921344740,2021-12-19T13:42:24.740Z,buy,1.69e-06,4576.0,0.007733439999999999
APPC/BTC,1639921359701,2021-12-19T13:42:39.701Z,buy,1.69e-06,4561.0,0.00770809
APPC/BTC,1639921370082,2021-12-19T13:42:50.082Z,buy,1.69e-06,556.0,0.0009396399999999999
APPC/BTC,1639921376055,2021-12-19T13:42:56.055Z,buy,1.69e-06,1466.0,0.00247754
APPC/BTC,1639921389386,2021-12-19T13:43:09.386Z,sell,1.68e-06,556.0,0.00093408
APPC/BTC,1639921396551,2021-12-19T13:43:16.551Z,sell,1.68e-06,2.0,3.36e-06
APPC/BTC,1639921396551,2021-12-19T13:43:16.551Z,sell,1.67e-06,1498.0,0.00250166
APPC/BTC,1639921404920,2021-12-19T13:43:24.920Z,sell,1.67e-06,6365.0,0.010629550000000001
APPC/BTC,1639921445423,2021-12-19T13:44:05.423Z,buy,1.68e-06,1433.0,0.00240744
APPC/BTC,1639921448549,2021-12-19T13:44:08.549Z,sell,1.67e-06,4538.0,0.00757846
APPC/BTC,1639921449175,2021-12-19T13:44:09.175Z,buy,1.67e-06,122.0,0.00020374000000000002
APPC/BTC,1639921449190,2021-12-19T13:44:09.190Z,sell,1.66e-06,618.0,0.00102588
APPC/BTC,1639921455934,2021-12-19T13:44:15.934Z,buy,1.67e-06,298.0,0.00049766
APPC/BTC,1639921467537,2021-12-19T13:44:27.537Z,buy,1.67e-06,2017.0,0.00336839
APPC/BTC,1639921478673,2021-12-19T13:44:38.673Z,sell,1.66e-06,324.0,0.00053784
APPC/BTC,1639921552997,2021-12-19T13:45:52.997Z,buy,1.67e-06,545.0,0.0009101500000000001
APPC/BTC,1639921605237,2021-12-19T13:46:45.237Z,buy,1.67e-06,486.0,0.0008116200000000001
APPC/BTC,1639921674928,2021-12-19T13:47:54.928Z,buy,1.67e-06,731.0,0.0012207700000000001
APPC/BTC,1639921724110,2021-12-19T13:48:44.110Z,sell,1.66e-06,144.0,0.00023904
APPC/BTC,1639921786740,2021-12-19T13:49:46.740Z,buy,1.67e-06,17426.0,0.029101420000000003
APPC/BTC,1639921786740,2021-12-19T13:49:46.740Z,buy,1.68e-06,44893.0,0.07542024
APPC/BTC,1639921795085,2021-12-19T13:49:55.085Z,buy,1.68e-06,1341.0,0.00225288
APPC/BTC,1639921806905,2021-12-19T13:50:06.905Z,buy,1.68e-06,2318.0,0.00389424
APPC/BTC,1639921808164,2021-12-19T13:50:08.164Z,buy,1.68e-06,641.0,0.0010768800000000001
APPC/BTC,1639921839610,2021-12-19T13:50:39.610Z,buy,1.68e-06,2142.0,0.00359856
APPC/BTC,1639921867338,2021-12-19T13:51:07.338Z,sell,1.67e-06,433.0,0.00072311
APPC/BTC,1639921867338,2021-12-19T13:51:07.338Z,sell,1.66e-06,508.0,0.00084328
APPC/BTC,1639921876939,2021-12-19T13:51:16.939Z,sell,1.66e-06,9750.0,0.016185
APPC/BTC,1639921878868,2021-12-19T13:51:18.868Z,buy,1.68e-06,595.0,0.0009996
APPC/BTC,1639921925119,2021-12-19T13:52:05.119Z,buy,1.67e-06,60.0,0.00010020000000000001
APPC/BTC,1639921925119,2021-12-19T13:52:05.119Z,buy,1.68e-06,10517.0,0.01766856
APPC/BTC,1639921953413,2021-12-19T13:52:33.413Z,sell,1.66e-06,5992.0,0.00994672
APPC/BTC,1639921958045,2021-12-19T13:52:38.045Z,sell,1.66e-06,718.0,0.00119188
APPC/BTC,1639922116515,2021-12-19T13:55:16.515Z,buy,1.68e-06,211.0,0.00035448
APPC/BTC,1639922149960,2021-12-19T13:55:49.960Z,sell,1.66e-06,2316.0,0.00384456
APPC/BTC,1639922258476,2021-12-19T13:57:38.476Z,sell,1.67e-06,641.0,0.00107047
APPC/BTC,1639922263139,2021-12-19T13:57:43.139Z,buy,1.68e-06,179.0,0.00030072
APPC/BTC,1639922299306,2021-12-19T13:58:19.306Z,buy,1.68e-06,222.0,0.00037296
APPC/BTC,1639922314846,2021-12-19T13:58:34.846Z,buy,1.68e-06,453.0,0.00076104
APPC/BTC,1639922371433,2021-12-19T13:59:31.433Z,buy,1.68e-06,1914.0,0.00321552
APPC/BTC,1639922421208,2021-12-19T14:00:21.208Z,sell,1.67e-06,179.0,0.00029893000000000004
APPC/BTC,1639922427154,2021-12-19T14:00:27.154Z,buy,1.68e-06,587.0,0.00098616
APPC/BTC,1639922432646,2021-12-19T14:00:32.646Z,buy,1.68e-06,1875.0,0.00315
APPC/BTC,1639922491839,2021-12-19T14:01:31.839Z,sell,1.67e-06,4510.0,0.0075317000000000005
APPC/BTC,1639922525795,2021-12-19T14:02:05.795Z,sell,1.67e-06,25059.0,0.04184853
APPC/BTC,1639922534419,2021-12-19T14:02:14.419Z,sell,1.67e-06,10566.0,0.01764522
APPC/BTC,1639922553356,2021-12-19T14:02:33.356Z,sell,1.67e-06,4100.0,0.006847000000000001
APPC/BTC,1639922567658,2021-12-19T14:02:47.658Z,sell,1.67e-06,61.0,0.00010187000000000001
APPC/BTC,1639922582050,2021-12-19T14:03:02.050Z,buy,1.67e-06,98.0,0.00016366000000000002
APPC/BTC,1639922620394,2021-12-19T14:03:40.394Z,buy,1.68e-06,957.0,0.00160776
APPC/BTC,1639922656780,2021-12-19T14:04:16.780Z,buy,1.68e-06,105.0,0.0001764
APPC/BTC,1639922773169,2021-12-19T14:06:13.169Z,sell,1.67e-06,308.0,0.0005143600000000001
APPC/BTC,1639922790657,2021-12-19T14:06:30.657Z,sell,1.67e-06,2156.0,0.0036005200000000003
APPC/BTC,1639922796730,2021-12-19T14:06:36.730Z,buy,1.68e-06,221.0,0.00037128
APPC/BTC,1639922797308,2021-12-19T14:06:37.308Z,sell,1.67e-06,162.0,0.00027054
APPC/BTC,1639922808137,2021-12-19T14:06:48.137Z,buy,1.68e-06,587.0,0.00098616
APPC/BTC,1639922810059,2021-12-19T14:06:50.059Z,buy,1.68e-06,3345.0,0.0056196
APPC/BTC,1639922836122,2021-12-19T14:07:16.122Z,buy,1.68e-06,297.0,0.00049896
APPC/BTC,1639922846950,2021-12-19T14:07:26.950Z,buy,1.68e-06,549.0,0.00092232
APPC/BTC,1639922887668,2021-12-19T14:08:07.668Z,sell,1.67e-06,247.0,0.00041249
APPC/BTC,1639922926431,2021-12-19T14:08:46.431Z,sell,1.67e-06,731.0,0.0012207700000000001
APPC/BTC,1639923079588,2021-12-19T14:11:19.588Z,buy,1.68e-06,26535.0,0.0445788
APPC/BTC,1639923121001,2021-12-19T14:12:01.001Z,sell,1.67e-06,198.0,0.00033066000000000004
APPC/BTC,1639923156747,2021-12-19T14:12:36.747Z,sell,1.67e-06,168.0,0.00028056
APPC/BTC,1639923189057,2021-12-19T14:13:09.057Z,sell,1.67e-06,4680.0,0.0078156
APPC/BTC,1639923203551,2021-12-19T14:13:23.551Z,sell,1.67e-06,200.0,0.00033400000000000004
APPC/BTC,1639923228555,2021-12-19T14:13:48.555Z,sell,1.67e-06,2963.0,0.004948210000000001
APPC/BTC,1639923228555,2021-12-19T14:13:48.555Z,sell,1.66e-06,5968.0,0.00990688
APPC/BTC,1639923228555,2021-12-19T14:13:48.555Z,sell,1.65e-06,1069.0,0.0017638500000000002
APPC/BTC,1639923229272,2021-12-19T14:13:49.272Z,sell,1.66e-06,6252.0,0.01037832
APPC/BTC,1639923229272,2021-12-19T14:13:49.272Z,sell,1.65e-06,42748.0,0.0705342
APPC/BTC,1639923231794,2021-12-19T14:13:51.794Z,sell,1.66e-06,73.0,0.00012118
APPC/BTC,1639923234853,2021-12-19T14:13:54.853Z,sell,1.66e-06,123.0,0.00020418
APPC/BTC,1639923235264,2021-12-19T14:13:55.264Z,sell,1.66e-06,797.0,0.00132302
APPC/BTC,1639923235264,2021-12-19T14:13:55.264Z,sell,1.65e-06,1203.0,0.00198495
APPC/BTC,1639923236963,2021-12-19T14:13:56.963Z,buy,1.67e-06,1149.0,0.00191883
APPC/BTC,1639923236963,2021-12-19T14:13:56.963Z,buy,1.68e-06,11363.0,0.01908984
APPC/BTC,1639923353199,2021-12-19T14:15:53.199Z,buy,1.67e-06,993.0,0.00165831
APPC/BTC,1639923353199,2021-12-19T14:15:53.199Z,buy,1.68e-06,2108.0,0.00354144
APPC/BTC,1639923405494,2021-12-19T14:16:45.494Z,buy,1.68e-06,71.0,0.00011928
APPC/BTC,1639923424309,2021-12-19T14:17:04.309Z,sell,1.66e-06,178.0,0.00029548
APPC/BTC,1639923434079,2021-12-19T14:17:14.079Z,buy,1.68e-06,21289.0,0.03576552
APPC/BTC,1639923473418,2021-12-19T14:17:53.418Z,sell,1.67e-06,2002.0,0.00334334
APPC/BTC,1639923523695,2021-12-19T14:18:43.695Z,buy,1.68e-06,746.0,0.00125328
APPC/BTC,1639923541274,2021-12-19T14:19:01.274Z,buy,1.68e-06,582.0,0.00097776
APPC/BTC,1639923553272,2021-12-19T14:19:13.272Z,buy,1.68e-06,1195.0,0.0020076
APPC/BTC,1639923648678,2021-12-19T14:20:48.678Z,buy,1.68e-06,6285.0,0.0105588
APPC/BTC,1639923660347,2021-12-19T14:21:00.347Z,sell,1.67e-06,558.0,0.0009318600000000001
APPC/BTC,1639923694419,2021-12-19T14:21:34.419Z,sell,1.67e-06,559.0,0.00093353
APPC/BTC,1639923696955,2021-12-19T14:21:36.955Z,buy,1.68e-06,1303.0,0.00218904
APPC/BTC,1639923698189,2021-12-19T14:21:38.189Z,sell,1.67e-06,23085.0,0.03855195
APPC/BTC,1639923698189,2021-12-19T14:21:38.189Z,sell,1.67e-06,23085.0,0.03855195
APPC/BTC,1639923706830,2021-12-19T14:21:46.830Z,buy,1.67e-06,4442.0,0.00741814
APPC/BTC,1639923717214,2021-12-19T14:21:57.214Z,buy,1.67e-06,325.0,0.00054275
APPC/BTC,1639923773217,2021-12-19T14:22:53.217Z,sell,1.66e-06,62.0,0.00010292
APPC/BTC,1639923796235,2021-12-19T14:23:16.235Z,sell,1.66e-06,3655.0,0.0060673
APPC/BTC,1639923817660,2021-12-19T14:23:37.660Z,buy,1.66e-06,787.0,0.00130642
APPC/BTC,1639923820597,2021-12-19T14:23:40.597Z,buy,1.67e-06,457.0,0.0007631900000000001
APPC/BTC,1639923850270,2021-12-19T14:24:10.270Z,sell,1.65e-06,1673.0,0.0027604500000000002
APPC/BTC,1639923935486,2021-12-19T14:25:35.486Z,sell,1.65e-06,3423.0,0.0056479500000000005
APPC/BTC,1639923943029,2021-12-19T14:25:43.029Z,sell,1.64e-06,8566.0,0.01404824
APPC/BTC,1639923943029,2021-12-19T14:25:43.029Z,sell,1.64e-06,818.0,0.00134152
APPC/BTC,1639923956550,2021-12-19T14:25:56.550Z,sell,1.64e-06,898.0,0.00147272
APPC/BTC,1639924006261,2021-12-19T14:26:46.261Z,sell,1.64e-06,15966.0,0.02618424
APPC/BTC,1639924019486,2021-12-19T14:26:59.486Z,buy,1.65e-06,197.0,0.00032505
APPC/BTC,1639924057111,2021-12-19T14:27:37.111Z,buy,1.66e-06,120.0,0.0001992
APPC/BTC,1639924058433,2021-12-19T14:27:38.433Z,buy,1.66e-06,181.0,0.00030046
APPC/BTC,1639924058740,2021-12-19T14:27:38.740Z,sell,1.65e-06,178.0,0.00029370000000000004
APPC/BTC,1639924058906,2021-12-19T14:27:38.906Z,buy,1.66e-06,181.0,0.00030046
APPC/BTC,1639924145973,2021-12-19T14:29:05.973Z,buy,1.66e-06,4052.0,0.00672632
APPC/BTC,1639924163376,2021-12-19T14:29:23.376Z,buy,1.66e-06,23465.0,0.0389519
APPC/BTC,1639924163376,2021-12-19T14:29:23.376Z,buy,1.67e-06,68737.0,0.11479079
APPC/BTC,1639924177321,2021-12-19T14:29:37.321Z,buy,1.67e-06,31908.0,0.053286360000000005
APPC/BTC,1639924186635,2021-12-19T14:29:46.635Z,buy,1.68e-06,11913.0,0.02001384
APPC/BTC,1639924244167,2021-12-19T14:30:44.167Z,buy,1.67e-06,26465.0,0.04419655
APPC/BTC,1639924249593,2021-12-19T14:30:49.593Z,buy,1.67e-06,480.0,0.0008016000000000001
APPC/BTC,1639924307202,2021-12-19T14:31:47.202Z,buy,1.67e-06,14980.0,0.0250166
APPC/BTC,1639924356382,2021-12-19T14:32:36.382Z,buy,1.67e-06,14099.0,0.023545330000000003
APPC/BTC,1639924417179,2021-12-19T14:33:37.179Z,sell,1.66e-06,413.0,0.00068558
APPC/BTC,1639924467104,2021-12-19T14:34:27.104Z,sell,1.66e-06,163.0,0.00027058
APPC/BTC,1639924530140,2021-12-19T14:35:30.140Z,sell,1.66e-06,349.0,0.00057934
APPC/BTC,1639924582562,2021-12-19T14:36:22.562Z,buy,1.66e-06,529.0,0.00087814
APPC/BTC,1639924585050,2021-12-19T14:36:25.050Z,buy,1.66e-06,603.0,0.00100098
APPC/BTC,1639924639299,2021-12-19T14:37:19.299Z,buy,1.67e-06,825.0,0.00137775
APPC/BTC,1639924680128,2021-12-19T14:38:00.128Z,buy,1.67e-06,26289.0,0.043902630000000005
APPC/BTC,1639924683623,2021-12-19T14:38:03.623Z,buy,1.67e-06,6351.0,0.01060617
APPC/BTC,1639924687205,2021-12-19T14:38:07.205Z,buy,1.68e-06,458.0,0.00076944
APPC/BTC,1639924744059,2021-12-19T14:39:04.059Z,buy,1.68e-06,13813.0,0.02320584
APPC/BTC,1639924750499,2021-12-19T14:39:10.499Z,sell,1.66e-06,525.0,0.0008715
APPC/BTC,1639924777902,2021-12-19T14:39:37.902Z,buy,1.66e-06,708.0,0.00117528
APPC/BTC,1639924792470,2021-12-19T14:39:52.470Z,buy,1.66e-06,850.0,0.001411
APPC/BTC,1639924830456,2021-12-19T14:40:30.456Z,buy,1.66e-06,169.0,0.00028054
APPC/BTC,1639925049846,2021-12-19T14:44:09.846Z,sell,1.65e-06,15252.0,0.025165800000000002
APPC/BTC,1639925072899,2021-12-19T14:44:32.899Z,sell,1.64e-06,105.0,0.00017219999999999998
APPC/BTC,1639925074903,2021-12-19T14:44:34.903Z,sell,1.64e-06,127263.0,0.20871132
APPC/BTC,1639925090994,2021-12-19T14:44:50.994Z,buy,1.64e-06,105.0,0.00017219999999999998
APPC/BTC,1639925133821,2021-12-19T14:45:33.821Z,sell,1.64e-06,39.0,6.396e-05
APPC/BTC,1639925142301,2021-12-19T14:45:42.301Z,sell,1.63e-06,9127.0,0.014877010000000001
APPC/BTC,1639925142301,2021-12-19T14:45:42.301Z,sell,1.63e-06,1510.0,0.0024613
APPC/BTC,1639925142301,2021-12-19T14:45:42.301Z,sell,1.63e-06,1621.0,0.00264223
APPC/BTC,1639925142301,2021-12-19T14:45:42.301Z,sell,1.63e-06,2405.0,0.00392015
APPC/BTC,1639925142301,2021-12-19T14:45:42.301Z,sell,1.63e-06,89.0,0.00014507000000000002
APPC/BTC,1639925147292,2021-12-19T14:45:47.292Z,sell,1.63e-06,2492.0,0.00406196
APPC/BTC,1639925164716,2021-12-19T14:46:04.716Z,buy,1.64e-06,597.0,0.00097908
APPC/BTC,1639925192147,2021-12-19T14:46:32.147Z,sell,1.63e-06,13279.0,0.02164477
APPC/BTC,1639925202494,2021-12-19T14:46:42.494Z,sell,1.62e-06,909.0,0.00147258
APPC/BTC,1639925202494,2021-12-19T14:46:42.494Z,sell,1.62e-06,729.0,0.0011809799999999999
APPC/BTC,1639925203350,2021-12-19T14:46:43.350Z,sell,1.62e-06,1566.0,0.00253692
APPC/BTC,1639925207683,2021-12-19T14:46:47.683Z,buy,1.63e-06,62.0,0.00010106
APPC/BTC,1639925233546,2021-12-19T14:47:13.546Z,sell,1.62e-06,53634.0,0.08688707999999999
APPC/BTC,1639925240627,2021-12-19T14:47:20.627Z,sell,1.62e-06,25928.0,0.04200336
APPC/BTC,1639925240627,2021-12-19T14:47:20.627Z,sell,1.61e-06,20482.0,0.03297602
APPC/BTC,1639925240627,2021-12-19T14:47:20.627Z,sell,1.6e-06,84192.0,0.1347072
APPC/BTC,1639925247750,2021-12-19T14:47:27.750Z,buy,1.6e-06,183.0,0.00029279999999999996
APPC/BTC,1639925249855,2021-12-19T14:47:29.855Z,sell,1.59e-06,15998.0,0.02543682
APPC/BTC,1639925258786,2021-12-19T14:47:38.786Z,sell,1.59e-06,8349.0,0.013274910000000001
APPC/BTC,1639925261670,2021-12-19T14:47:41.670Z,sell,1.59e-06,3124.0,0.00496716
APPC/BTC,1639925264075,2021-12-19T14:47:44.075Z,sell,1.59e-06,5876.0,0.00934284
APPC/BTC,1639925264562,2021-12-19T14:47:44.562Z,buy,1.59e-06,70.0,0.0001113
APPC/BTC,1639925264645,2021-12-19T14:47:44.645Z,buy,1.59e-06,313.0,0.00049767
APPC/BTC,1639925270177,2021-12-19T14:47:50.177Z,sell,1.58e-06,62382.0,0.09856356
APPC/BTC,1639925276205,2021-12-19T14:47:56.205Z,sell,1.58e-06,1996.0,0.00315368
APPC/BTC,1639925282725,2021-12-19T14:48:02.725Z,sell,1.58e-06,5404.0,0.00853832
APPC/BTC,1639925293725,2021-12-19T14:48:13.725Z,buy,1.59e-06,178.0,0.00028302
APPC/BTC,1639925310388,2021-12-19T14:48:30.388Z,sell,1.58e-06,33547.0,0.05300426
APPC/BTC,1639925312075,2021-12-19T14:48:32.075Z,sell,1.57e-06,396.0,0.00062172
APPC/BTC,1639925318250,2021-12-19T14:48:38.250Z,sell,1.57e-06,27505.0,0.04318285
APPC/BTC,1639925318498,2021-12-19T14:48:38.498Z,buy,1.58e-06,116.0,0.00018328
APPC/BTC,1639925320011,2021-12-19T14:48:40.011Z,buy,1.58e-06,64.0,0.00010112
APPC/BTC,1639925323677,2021-12-19T14:48:43.677Z,sell,1.57e-06,51663.0,0.08111091
APPC/BTC,1639925323757,2021-12-19T14:48:43.757Z,buy,1.57e-06,321.0,0.00050397
APPC/BTC,1639925324376,2021-12-19T14:48:44.376Z,buy,1.57e-06,13236.0,0.02078052
APPC/BTC,1639925324621,2021-12-19T14:48:44.621Z,sell,1.56e-06,310.0,0.00048360000000000005
APPC/BTC,1639925333461,2021-12-19T14:48:53.461Z,buy,1.57e-06,2553.0,0.00400821
APPC/BTC,1639925333654,2021-12-19T14:48:53.654Z,buy,1.57e-06,2014.0,0.00316198
APPC/BTC,1639925335588,2021-12-19T14:48:55.588Z,sell,1.56e-06,361.0,0.00056316
APPC/BTC,1639925373920,2021-12-19T14:49:33.920Z,buy,1.57e-06,688.0,0.00108016
APPC/BTC,1639925407729,2021-12-19T14:50:07.729Z,buy,1.57e-06,64.0,0.00010048
APPC/BTC,1639925422371,2021-12-19T14:50:22.371Z,buy,1.57e-06,198.0,0.00031086
APPC/BTC,1639925422921,2021-12-19T14:50:22.921Z,sell,1.56e-06,5532.0,0.008629920000000001
APPC/BTC,1639925443900,2021-12-19T14:50:43.900Z,sell,1.56e-06,66595.0,0.1038882
APPC/BTC,1639925444118,2021-12-19T14:50:44.118Z,sell,1.55e-06,1240.0,0.0019219999999999999
APPC/BTC,1639925444118,2021-12-19T14:50:44.118Z,sell,1.55e-06,119.0,0.00018445
APPC/BTC,1639925444118,2021-12-19T14:50:44.118Z,sell,1.55e-06,309.0,0.00047895
APPC/BTC,1639925444574,2021-12-19T14:50:44.574Z,sell,1.55e-06,12478.0,0.0193409
APPC/BTC,1639925444730,2021-12-19T14:50:44.730Z,sell,1.55e-06,623.0,0.00096565
APPC/BTC,1639925444790,2021-12-19T14:50:44.790Z,sell,1.55e-06,517.0,0.00080135
APPC/BTC,1639925454533,2021-12-19T14:50:54.533Z,sell,1.55e-06,10204.0,0.0158162
APPC/BTC,1639925455335,2021-12-19T14:50:55.335Z,sell,1.54e-06,495.0,0.0007623
APPC/BTC,1639925460066,2021-12-19T14:51:00.066Z,buy,1.55e-06,11993.0,0.01858915
APPC/BTC,1639925460066,2021-12-19T14:51:00.066Z,buy,1.56e-06,10205.0,0.0159198
APPC/BTC,1639925471946,2021-12-19T14:51:11.946Z,buy,1.57e-06,3184.0,0.00499888
APPC/BTC,1639925472217,2021-12-19T14:51:12.217Z,buy,1.57e-06,1505.0,0.00236285
APPC/BTC,1639925472438,2021-12-19T14:51:12.438Z,buy,1.57e-06,191.0,0.00029987
APPC/BTC,1639925472825,2021-12-19T14:51:12.825Z,buy,1.57e-06,190.0,0.0002983
APPC/BTC,1639925473596,2021-12-19T14:51:13.596Z,buy,1.57e-06,12660.0,0.0198762
APPC/BTC,1639925473596,2021-12-19T14:51:13.596Z,buy,1.58e-06,27292.0,0.04312136
APPC/BTC,1639925473596,2021-12-19T14:51:13.596Z,buy,1.59e-06,13199.0,0.02098641
APPC/BTC,1639925473596,2021-12-19T14:51:13.596Z,buy,1.6e-06,14753.0,0.0236048
APPC/BTC,1639925473596,2021-12-19T14:51:13.596Z,buy,1.61e-06,76426.0,0.12304586
APPC/BTC,1639925474903,2021-12-19T14:51:14.903Z,sell,1.61e-06,890.0,0.0014329
APPC/BTC,1639925477425,2021-12-19T14:51:17.425Z,sell,1.61e-06,1939.0,0.00312179
APPC/BTC,1639925478208,2021-12-19T14:51:18.208Z,buy,1.62e-06,63.0,0.00010206
APPC/BTC,1639925478256,2021-12-19T14:51:18.256Z,buy,1.62e-06,63.0,0.00010206
APPC/BTC,1639925478294,2021-12-19T14:51:18.294Z,buy,1.62e-06,63.0,0.00010206
APPC/BTC,1639925478418,2021-12-19T14:51:18.418Z,buy,1.62e-06,124.0,0.00020088
APPC/BTC,1639925478476,2021-12-19T14:51:18.476Z,buy,1.62e-06,309.0,0.00050058
APPC/BTC,1639925485461,2021-12-19T14:51:25.461Z,sell,1.6e-06,202.0,0.0003232
APPC/BTC,1639925514073,2021-12-19T14:51:54.073Z,sell,1.6e-06,1842.0,0.0029472
APPC/BTC,1639925520762,2021-12-19T14:52:00.762Z,buy,1.62e-06,30883.0,0.05003046
APPC/BTC,1639925527977,2021-12-19T14:52:07.977Z,sell,1.61e-06,120.0,0.0001932
APPC/BTC,1639925530149,2021-12-19T14:52:10.149Z,buy,1.62e-06,1852.0,0.00300024
APPC/BTC,1639925530236,2021-12-19T14:52:10.236Z,buy,1.62e-06,63.0,0.00010206
APPC/BTC,1639925530243,2021-12-19T14:52:10.243Z,buy,1.62e-06,1852.0,0.00300024
APPC/BTC,1639925530330,2021-12-19T14:52:10.330Z,buy,1.62e-06,63.0,0.00010206
APPC/BTC,1639925530482,2021-12-19T14:52:10.482Z,buy,1.62e-06,618.0,0.00100116
APPC/BTC,1639925530656,2021-12-19T14:52:10.656Z,buy,1.62e-06,618.0,0.00100116
APPC/BTC,1639925537185,2021-12-19T14:52:17.185Z,buy,1.62e-06,9755.0,0.0158031
APPC/BTC,1639925546639,2021-12-19T14:52:26.639Z,buy,1.62e-06,1832.0,0.00296784
APPC/BTC,1639925547332,2021-12-19T14:52:27.332Z,buy,1.62e-06,24194.0,0.03919428
APPC/BTC,1639925600727,2021-12-19T14:53:20.727Z,sell,1.61e-06,211.0,0.00033971
APPC/BTC,1639925626362,2021-12-19T14:53:46.362Z,sell,1.61e-06,29727.0,0.04786047
APPC/BTC,1639925626362,2021-12-19T14:53:46.362Z,sell,1.6e-06,37691.0,0.060305599999999994
APPC/BTC,1639925632781,2021-12-19T14:53:52.781Z,buy,1.6e-06,25366.0,0.0405856
APPC/BTC,1639925658871,2021-12-19T14:54:18.871Z,sell,1.59e-06,2002.0,0.00318318
APPC/BTC,1639925659274,2021-12-19T14:54:19.274Z,sell,1.59e-06,2002.0,0.00318318
APPC/BTC,1639925659585,2021-12-19T14:54:19.585Z,buy,1.61e-06,7473.0,0.01203153
APPC/BTC,1639925668704,2021-12-19T14:54:28.704Z,buy,1.62e-06,7427.0,0.012031739999999999
APPC/BTC,1639925683590,2021-12-19T14:54:43.590Z,buy,1.62e-06,2400.0,0.003888
APPC/BTC,1639925717816,2021-12-19T14:55:17.816Z,sell,1.61e-06,81.0,0.00013041
APPC/BTC,1639925718330,2021-12-19T14:55:18.330Z,sell,1.61e-06,81.0,0.00013041
APPC/BTC,1639925718631,2021-12-19T14:55:18.631Z,buy,1.62e-06,445.0,0.0007209
APPC/BTC,1639925758322,2021-12-19T14:55:58.322Z,buy,1.62e-06,4755.0,0.0077031
APPC/BTC,1639925768738,2021-12-19T14:56:08.738Z,sell,1.61e-06,8209.0,0.013216490000000001
APPC/BTC,1639925780040,2021-12-19T14:56:20.040Z,sell,1.61e-06,1093.0,0.0017597300000000001
APPC/BTC,1639925783951,2021-12-19T14:56:23.951Z,sell,1.61e-06,4041.0,0.0065060100000000004
APPC/BTC,1639925783951,2021-12-19T14:56:23.951Z,sell,1.6e-06,38424.0,0.061478399999999996
APPC/BTC,1639925783951,2021-12-19T14:56:23.951Z,sell,1.59e-06,2398.0,0.00381282
APPC/BTC,1639925791525,2021-12-19T14:56:31.525Z,buy,1.6e-06,12656.0,0.0202496
APPC/BTC,1639925791525,2021-12-19T14:56:31.525Z,buy,1.61e-06,7307.0,0.01176427
APPC/BTC,1639925791525,2021-12-19T14:56:31.525Z,buy,1.62e-06,24403.0,0.039532859999999996
APPC/BTC,1639925791525,2021-12-19T14:56:31.525Z,buy,1.63e-06,74721.0,0.12179523
APPC/BTC,1639925792940,2021-12-19T14:56:32.940Z,buy,1.62e-06,5025.0,0.0081405
APPC/BTC,1639925793347,2021-12-19T14:56:33.347Z,buy,1.62e-06,890.0,0.0014418
APPC/BTC,1639925798907,2021-12-19T14:56:38.907Z,buy,1.63e-06,2361.0,0.0038484300000000003
APPC/BTC,1639925829229,2021-12-19T14:57:09.229Z,buy,1.63e-06,8125.0,0.01324375
APPC/BTC,1639925853923,2021-12-19T14:57:33.923Z,buy,1.63e-06,101.0,0.00016463
APPC/BTC,1639925858500,2021-12-19T14:57:38.500Z,buy,1.63e-06,180.0,0.00029340000000000003
APPC/BTC,1639925890426,2021-12-19T14:58:10.426Z,buy,1.63e-06,6689.0,0.01090307
APPC/BTC,1639925893732,2021-12-19T14:58:13.732Z,buy,1.63e-06,171.0,0.00027873000000000004
APPC/BTC,1639925908225,2021-12-19T14:58:28.225Z,sell,1.62e-06,199.0,0.00032238
APPC/BTC,1639925919352,2021-12-19T14:58:39.352Z,buy,1.62e-06,1803.0,0.00292086
APPC/BTC,1639925919352,2021-12-19T14:58:39.352Z,buy,1.63e-06,148022.0,0.24127586
APPC/BTC,1639925919352,2021-12-19T14:58:39.352Z,buy,1.64e-06,30235.0,0.0495854
APPC/BTC,1639925920013,2021-12-19T14:58:40.013Z,buy,1.63e-06,1350.0,0.0022005
APPC/BTC,1639925921228,2021-12-19T14:58:41.228Z,sell,1.63e-06,321.0,0.0005232300000000001
APPC/BTC,1639925922129,2021-12-19T14:58:42.129Z,buy,1.64e-06,2297.0,0.00376708
APPC/BTC,1639925936505,2021-12-19T14:58:56.505Z,buy,1.64e-06,6784.0,0.01112576
APPC/BTC,1639925939148,2021-12-19T14:58:59.148Z,buy,1.64e-06,1830.0,0.0030012
APPC/BTC,1639925940245,2021-12-19T14:59:00.245Z,buy,1.64e-06,1476.0,0.00242064
APPC/BTC,1639925947569,2021-12-19T14:59:07.569Z,buy,1.64e-06,4793.0,0.00786052
APPC/BTC,1639925950639,2021-12-19T14:59:10.639Z,buy,1.64e-06,20452.0,0.03354128
APPC/BTC,1639925952626,2021-12-19T14:59:12.626Z,buy,1.65e-06,1819.0,0.0030013500000000003
APPC/BTC,1639925956610,2021-12-19T14:59:16.610Z,sell,1.64e-06,198.0,0.00032471999999999997
APPC/BTC,1639925959032,2021-12-19T14:59:19.032Z,buy,1.65e-06,1183.0,0.00195195
APPC/BTC,1639925970459,2021-12-19T14:59:30.459Z,buy,1.65e-06,5555.0,0.00916575
APPC/BTC,1639925980832,2021-12-19T14:59:40.832Z,sell,1.64e-06,14743.0,0.02417852
APPC/BTC,1639925980832,2021-12-19T14:59:40.832Z,sell,1.63e-06,6609.0,0.01077267
APPC/BTC,1639925980832,2021-12-19T14:59:40.832Z,sell,1.62e-06,11666.0,0.01889892
APPC/BTC,1639925980832,2021-12-19T14:59:40.832Z,sell,1.61e-06,5619.0,0.00904659
APPC/BTC,1639925981826,2021-12-19T14:59:41.826Z,sell,1.62e-06,5029.0,0.00814698
APPC/BTC,1639925991041,2021-12-19T14:59:51.041Z,sell,1.62e-06,6893.0,0.01116666
APPC/BTC,1639925999396,2021-12-19T14:59:59.396Z,buy,1.62e-06,17378.0,0.028152359999999998
APPC/BTC,1639925999396,2021-12-19T14:59:59.396Z,buy,1.63e-06,6353.0,0.01035539
APPC/BTC,1639925999396,2021-12-19T14:59:59.396Z,buy,1.64e-06,6346.0,0.01040744
APPC/BTC,1639925999396,2021-12-19T14:59:59.396Z,buy,1.65e-06,6115.0,0.01008975
APPC/BTC,1639925999396,2021-12-19T14:59:59.396Z,buy,1.66e-06,52681.0,0.08745046
APPC/BTC,1639925999396,2021-12-19T14:59:59.396Z,buy,1.67e-06,31703.0,0.05294401000000001
APPC/BTC,1639925999396,2021-12-19T14:59:59.396Z,buy,1.68e-06,95100.0,0.159768
APPC/BTC,1639925999396,2021-12-19T14:59:59.396Z,buy,1.69e-06,202404.0,0.34206275999999997
APPC/BTC,1639925999396,2021-12-19T14:59:59.396Z,buy,1.7e-06,71527.0,0.1215959
APPC/BTC,1639925999396,2021-12-19T14:59:59.396Z,buy,1.71e-06,95188.0,0.16277148
APPC/BTC,1639925999443,2021-12-19T14:59:59.443Z,buy,1.7e-06,6540.0,0.011118
APPC/BTC,1639925999443,2021-12-19T14:59:59.443Z,buy,1.71e-06,10010.0,0.0171171
APPC/BTC,1639925999445,2021-12-19T14:59:59.445Z,buy,1.71e-06,175438.0,0.29999897999999997
APPC/BTC,1639925999455,2021-12-19T14:59:59.455Z,buy,1.71e-06,11509.0,0.01968039
APPC/BTC,1639925999458,2021-12-19T14:59:59.458Z,buy,1.71e-06,24941.0,0.04264911
APPC/BTC,1639925999458,2021-12-19T14:59:59.458Z,buy,1.72e-06,25018.0,0.04303096
APPC/BTC,1639925999458,2021-12-19T14:59:59.458Z,buy,1.73e-06,141224.0,0.24431751999999998
APPC/BTC,1639925999460,2021-12-19T14:59:59.460Z,buy,1.73e-06,2895.0,0.00500835
APPC/BTC,1639925999460,2021-12-19T14:59:59.460Z,buy,1.73e-06,12138.0,0.02099874
APPC/BTC,1639925999523,2021-12-19T14:59:59.523Z,buy,1.73e-06,1825.0,0.00315725
APPC/BTC,1639925999549,2021-12-19T14:59:59.549Z,buy,1.73e-06,27274.0,0.04718402
APPC/BTC,1639925999588,2021-12-19T14:59:59.588Z,buy,1.73e-06,5770.0,0.009982099999999999
APPC/BTC,1639925999588,2021-12-19T14:59:59.588Z,buy,1.73e-06,5639.0,0.00975547
APPC/BTC,1639925999588,2021-12-19T14:59:59.588Z,buy,1.73e-06,35105.0,0.06073165
APPC/BTC,1639925999588,2021-12-19T14:59:59.588Z,buy,1.74e-06,6706.0,0.01166844
APPC/BTC,1639925999588,2021-12-19T14:59:59.588Z,buy,1.74e-06,76.0,0.00013224
APPC/BTC,1639925999600,2021-12-19T14:59:59.600Z,sell,1.7e-06,159.0,0.0002703
APPC/BTC,1639925999609,2021-12-19T14:59:59.609Z,buy,1.74e-06,96885.0,0.1685799
APPC/BTC,1639925999691,2021-12-19T14:59:59.691Z,buy,1.74e-06,27976.0,0.048678240000000005
APPC/BTC,1639925999738,2021-12-19T14:59:59.738Z,buy,1.74e-06,16545.0,0.028788300000000003
APPC/BTC,1639925999743,2021-12-19T14:59:59.743Z,buy,1.74e-06,7471.0,0.01299954
APPC/BTC,1639925999744,2021-12-19T14:59:59.744Z,buy,1.74e-06,2285.0,0.0039759
APPC/BTC,1639925999796,2021-12-19T14:59:59.796Z,buy,1.74e-06,631.0,0.00109794
APPC/BTC,1639925999853,2021-12-19T14:59:59.853Z,buy,1.74e-06,238.0,0.00041412
APPC/BTC,1639925999861,2021-12-19T14:59:59.861Z,buy,1.74e-06,1457.0,0.00253518
APPC/BTC,1639925999968,2021-12-19T14:59:59.968Z,buy,1.74e-06,8433.0,0.014673420000000001
APPC/BTC,1639926000048,2021-12-19T15:00:00.048Z,buy,1.74e-06,2873.0,0.00499902
APPC/BTC,1639926000054,2021-12-19T15:00:00.054Z,buy,1.74e-06,2827.0,0.00491898
APPC/BTC,1639926000054,2021-12-19T15:00:00.054Z,buy,1.75e-06,15093.0,0.02641275
APPC/BTC,1639926000074,2021-12-19T15:00:00.074Z,buy,1.75e-06,1257.0,0.00219975
APPC/BTC,1639926000151,2021-12-19T15:00:00.151Z,buy,1.75e-06,2531.0,0.00442925
APPC/BTC,1639926000165,2021-12-19T15:00:00.165Z,sell,1.72e-06,11509.0,0.01979548
APPC/BTC,1639926000193,2021-12-19T15:00:00.193Z,buy,1.74e-06,5769.0,0.01003806
APPC/BTC,1639926000193,2021-12-19T15:00:00.193Z,buy,1.75e-06,15831.0,0.02770425
APPC/BTC,1639926000193,2021-12-19T15:00:00.193Z,buy,1.76e-06,1282.0,0.00225632
APPC/BTC,1639926000246,2021-12-19T15:00:00.246Z,buy,1.74e-06,5740.0,0.009987600000000001
APPC/BTC,1639926000246,2021-12-19T15:00:00.246Z,buy,1.76e-06,23302.0,0.04101152
APPC/BTC,1639926000246,2021-12-19T15:00:00.246Z,buy,1.77e-06,19209.0,0.03399993
APPC/BTC,1639926000302,2021-12-19T15:00:00.302Z,sell,1.71e-06,1825.0,0.00312075
APPC/BTC,1639926000322,2021-12-19T15:00:00.322Z,buy,1.76e-06,1825.0,0.003212
APPC/BTC,1639926000322,2021-12-19T15:00:00.322Z,buy,1.77e-06,727.0,0.00128679
APPC/BTC,1639926000358,2021-12-19T15:00:00.358Z,buy,1.77e-06,5873.0,0.01039521
APPC/BTC,1639926000358,2021-12-19T15:00:00.358Z,buy,1.78e-06,911.0,0.0016215799999999999
APPC/BTC,1639926000371,2021-12-19T15:00:00.371Z,buy,1.78e-06,355.0,0.0006318999999999999
APPC/BTC,1639926000395,2021-12-19T15:00:00.395Z,buy,1.78e-06,10857.0,0.01932546
APPC/BTC,1639926000429,2021-12-19T15:00:00.429Z,buy,1.75e-06,800.0,0.0014
APPC/BTC,1639926000432,2021-12-19T15:00:00.432Z,buy,1.75e-06,116.0,0.000203
APPC/BTC,1639926000434,2021-12-19T15:00:00.434Z,buy,1.75e-06,1011.0,0.00176925
APPC/BTC,1639926000448,2021-12-19T15:00:00.448Z,buy,1.75e-06,1187.0,0.00207725
APPC/BTC,1639926000448,2021-12-19T15:00:00.448Z,buy,1.77e-06,1099.0,0.00194523
