symbol,timestamp,datetime,side,price,amount,btc_volume
ARN/BTC,1586110194567,2020-04-05T18:09:54.567Z,buy,1.382e-05,937.0,0.01294934
ARN/BTC,1586110195666,2020-04-05T18:09:55.666Z,buy,1.382e-05,937.0,0.01294934
ARN/BTC,1586110196671,2020-04-05T18:09:56.671Z,buy,1.382e-05,937.0,0.01294934
ARN/BTC,1586110197682,2020-04-05T18:09:57.682Z,buy,1.382e-05,937.0,0.01294934
ARN/BTC,1586110198689,2020-04-05T18:09:58.689Z,buy,1.382e-05,936.0,0.012935519999999999
ARN/BTC,1586110199694,2020-04-05T18:09:59.694Z,buy,1.383e-05,15.0,0.00020745
ARN/BTC,1586110667445,2020-04-05T18:17:47.445Z,buy,1.385e-05,88.0,0.0012188
ARN/BTC,1586110667657,2020-04-05T18:17:47.657Z,sell,1.384e-05,8.0,0.00011072
ARN/BTC,1586110667657,2020-04-05T18:17:47.657Z,sell,1.383e-05,1292.0,0.01786836
ARN/BTC,1586110787994,2020-04-05T18:19:47.994Z,buy,1.384e-05,10.0,0.0001384
ARN/BTC,1586111249669,2020-04-05T18:27:29.669Z,buy,1.386e-05,2.0,2.772e-05
ARN/BTC,1586111735495,2020-04-05T18:35:35.495Z,sell,1.383e-05,8.0,0.00011064
ARN/BTC,1586112120275,2020-04-05T18:42:00.275Z,sell,1.383e-05,5377.0,0.07436391
ARN/BTC,1586112354905,2020-04-05T18:45:54.905Z,buy,1.383e-05,1300.0,0.017979
ARN/BTC,1586112369677,2020-04-05T18:46:09.677Z,buy,1.383e-05,1700.0,0.023511
ARN/BTC,1586112384743,2020-04-05T18:46:24.743Z,buy,1.383e-05,800.0,0.011064
ARN/BTC,1586112401083,2020-04-05T18:46:41.083Z,buy,1.383e-05,1216.0,0.01681728
ARN/BTC,1586112410851,2020-04-05T18:46:50.851Z,buy,1.383e-05,1808.0,0.025004639999999998
ARN/BTC,1586112426557,2020-04-05T18:47:06.557Z,buy,1.383e-05,900.0,0.012447
ARN/BTC,1586112436730,2020-04-05T18:47:16.730Z,buy,1.383e-05,1000.0,0.01383
ARN/BTC,1586112451050,2020-04-05T18:47:31.050Z,buy,1.383e-05,1160.0,0.0160428
ARN/BTC,1586112464892,2020-04-05T18:47:44.892Z,buy,1.383e-05,1018.0,0.01407894
ARN/BTC,1586112481654,2020-04-05T18:48:01.654Z,buy,1.383e-05,1280.0,0.0177024
ARN/BTC,1586112492383,2020-04-05T18:48:12.383Z,buy,1.383e-05,1654.0,0.02287482
ARN/BTC,1586112507940,2020-04-05T18:48:27.940Z,buy,1.383e-05,1800.0,0.024894
ARN/BTC,1586112524793,2020-04-05T18:48:44.793Z,buy,1.383e-05,900.0,0.012447
ARN/BTC,1586112536294,2020-04-05T18:48:56.294Z,buy,1.383e-05,511.0,0.00706713
ARN/BTC,1586112551042,2020-04-05T18:49:11.042Z,buy,1.383e-05,1388.0,0.01919604
ARN/BTC,1586112563772,2020-04-05T18:49:23.772Z,buy,1.383e-05,1763.0,0.02438229
ARN/BTC,1586112571630,2020-04-05T18:49:31.630Z,buy,1.383e-05,556.0,0.00768948
ARN/BTC,1586112582348,2020-04-05T18:49:42.348Z,buy,1.382e-05,34.0,0.00046988
ARN/BTC,1586112582348,2020-04-05T18:49:42.348Z,buy,1.383e-05,1908.0,0.02638764
ARN/BTC,1586112592278,2020-04-05T18:49:52.278Z,buy,1.383e-05,1858.0,0.02569614
ARN/BTC,1586112612067,2020-04-05T18:50:12.067Z,buy,1.383e-05,1500.0,0.020745
ARN/BTC,1586112623234,2020-04-05T18:50:23.234Z,buy,1.383e-05,1600.0,0.022128
ARN/BTC,1586112639497,2020-04-05T18:50:39.497Z,buy,1.383e-05,718.0,0.00992994
ARN/BTC,1586112649823,2020-04-05T18:50:49.823Z,buy,1.383e-05,1003.0,0.01387149
ARN/BTC,1586112661195,2020-04-05T18:51:01.195Z,buy,1.383e-05,1500.0,0.020745
ARN/BTC,1586112671598,2020-04-05T18:51:11.598Z,buy,1.383e-05,1630.0,0.0225429
ARN/BTC,1586112688297,2020-04-05T18:51:28.297Z,buy,1.383e-05,1300.0,0.017979
ARN/BTC,1586112701030,2020-04-05T18:51:41.030Z,buy,1.383e-05,1100.0,0.015212999999999999
ARN/BTC,1586112716326,2020-04-05T18:51:56.326Z,buy,1.383e-05,1847.0,0.02554401
ARN/BTC,1586112729020,2020-04-05T18:52:09.020Z,buy,1.383e-05,1900.0,0.026277
ARN/BTC,1586112742136,2020-04-05T18:52:22.136Z,buy,1.383e-05,1100.0,0.015212999999999999
ARN/BTC,1586112756827,2020-04-05T18:52:36.827Z,buy,1.383e-05,578.0,0.00799374
ARN/BTC,1586112767991,2020-04-05T18:52:47.991Z,buy,1.383e-05,934.0,0.01291722
ARN/BTC,1586112782809,2020-04-05T18:53:02.809Z,buy,1.383e-05,500.0,0.006915
ARN/BTC,1586112792622,2020-04-05T18:53:12.622Z,buy,1.383e-05,1800.0,0.024894
ARN/BTC,1586112803384,2020-04-05T18:53:23.384Z,buy,1.383e-05,700.0,0.009681
ARN/BTC,1586112820595,2020-04-05T18:53:40.595Z,buy,1.383e-05,1600.0,0.022128
ARN/BTC,1586112829903,2020-04-05T18:53:49.903Z,buy,1.383e-05,670.0,0.0092661
ARN/BTC,1586112838642,2020-04-05T18:53:58.642Z,buy,1.383e-05,1756.0,0.024285479999999998
ARN/BTC,1586112855132,2020-04-05T18:54:15.132Z,buy,1.383e-05,1526.0,0.02110458
ARN/BTC,1586112863999,2020-04-05T18:54:23.999Z,buy,1.383e-05,1900.0,0.026277
ARN/BTC,1586112877313,2020-04-05T18:54:37.313Z,buy,1.383e-05,1457.0,0.02015031
ARN/BTC,1586112890078,2020-04-05T18:54:50.078Z,buy,1.383e-05,758.0,0.01048314
ARN/BTC,1586112902293,2020-04-05T18:55:02.293Z,buy,1.383e-05,1328.0,0.01836624
ARN/BTC,1586112917876,2020-04-05T18:55:17.876Z,buy,1.383e-05,800.0,0.011064
ARN/BTC,1586112929517,2020-04-05T18:55:29.517Z,buy,1.383e-05,1763.0,0.02438229
ARN/BTC,1586112945188,2020-04-05T18:55:45.188Z,buy,1.383e-05,1351.0,0.01868433
ARN/BTC,1586112957847,2020-04-05T18:55:57.847Z,buy,1.383e-05,1358.0,0.018781139999999998
ARN/BTC,1586112970597,2020-04-05T18:56:10.597Z,buy,1.383e-05,1414.0,0.01955562
ARN/BTC,1586112983310,2020-04-05T18:56:23.310Z,buy,1.383e-05,1300.0,0.017979
ARN/BTC,1586112996597,2020-04-05T18:56:36.597Z,buy,1.383e-05,1795.0,0.02482485
ARN/BTC,1586113005976,2020-04-05T18:56:45.976Z,buy,1.383e-05,1690.0,0.0233727
ARN/BTC,1586113018584,2020-04-05T18:56:58.584Z,buy,1.383e-05,1705.0,0.02358015
ARN/BTC,1586113033847,2020-04-05T18:57:13.847Z,buy,1.383e-05,1970.0,0.027245099999999998
ARN/BTC,1586113045640,2020-04-05T18:57:25.640Z,buy,1.383e-05,700.0,0.009681
ARN/BTC,1586113060483,2020-04-05T18:57:40.483Z,buy,1.383e-05,1030.0,0.0142449
ARN/BTC,1586113070786,2020-04-05T18:57:50.786Z,buy,1.383e-05,1200.0,0.016596
ARN/BTC,1586113070786,2020-04-05T18:57:50.786Z,buy,1.383e-05,1200.0,0.016596
ARN/BTC,1586113685860,2020-04-05T19:08:05.860Z,buy,1.382e-05,30.0,0.0004146
ARN/BTC,1586113685860,2020-04-05T19:08:05.860Z,buy,1.383e-05,100.0,0.001383
ARN/BTC,1586113872867,2020-04-05T19:11:12.867Z,buy,1.383e-05,58.0,0.00080214
ARN/BTC,1586113891528,2020-04-05T19:11:31.528Z,buy,1.383e-05,1048.0,0.01449384
ARN/BTC,1586113905774,2020-04-05T19:11:45.774Z,buy,1.383e-05,1114.0,0.01540662
ARN/BTC,1586113916175,2020-04-05T19:11:56.175Z,buy,1.383e-05,600.0,0.008298
ARN/BTC,1586113932368,2020-04-05T19:12:12.368Z,buy,1.383e-05,1835.0,0.02537805
ARN/BTC,1586113944046,2020-04-05T19:12:24.046Z,buy,1.383e-05,1200.0,0.016596
ARN/BTC,1586113955776,2020-04-05T19:12:35.776Z,buy,1.383e-05,1690.0,0.0233727
ARN/BTC,1586113968464,2020-04-05T19:12:48.464Z,buy,1.383e-05,688.0,0.00951504
ARN/BTC,1586113981750,2020-04-05T19:13:01.750Z,buy,1.383e-05,1469.0,0.02031627
ARN/BTC,1586113995614,2020-04-05T19:13:15.614Z,buy,1.383e-05,1427.0,0.01973541
ARN/BTC,1586114010405,2020-04-05T19:13:30.405Z,buy,1.383e-05,800.0,0.011064
ARN/BTC,1586114021590,2020-04-05T19:13:41.590Z,buy,1.383e-05,1900.0,0.026277
ARN/BTC,1586114037964,2020-04-05T19:13:57.964Z,buy,1.383e-05,769.0,0.01063527
ARN/BTC,1586114056182,2020-04-05T19:14:16.182Z,buy,1.383e-05,1724.0,0.02384292
ARN/BTC,1586114067882,2020-04-05T19:14:27.882Z,buy,1.383e-05,1219.0,0.01685877
ARN/BTC,1586114082304,2020-04-05T19:14:42.304Z,buy,1.383e-05,1900.0,0.026277
ARN/BTC,1586114096200,2020-04-05T19:14:56.200Z,buy,1.383e-05,1009.0,0.01395447
ARN/BTC,1586114112155,2020-04-05T19:15:12.155Z,buy,1.383e-05,1832.0,0.02533656
ARN/BTC,1586114122638,2020-04-05T19:15:22.638Z,buy,1.383e-05,600.0,0.008298
ARN/BTC,1586114137928,2020-04-05T19:15:37.928Z,buy,1.383e-05,700.0,0.009681
ARN/BTC,1586114149702,2020-04-05T19:15:49.702Z,buy,1.383e-05,1670.0,0.023096099999999998
ARN/BTC,1586114159157,2020-04-05T19:15:59.157Z,buy,1.383e-05,900.0,0.012447
ARN/BTC,1586114172442,2020-04-05T19:16:12.442Z,buy,1.383e-05,1900.0,0.026277
ARN/BTC,1586114186344,2020-04-05T19:16:26.344Z,buy,1.383e-05,1943.0,0.02687169
ARN/BTC,1586114195600,2020-04-05T19:16:35.600Z,buy,1.383e-05,797.0,0.01102251
ARN/BTC,1586114209169,2020-04-05T19:16:49.169Z,buy,1.383e-05,1500.0,0.020745
ARN/BTC,1586114218466,2020-04-05T19:16:58.466Z,buy,1.383e-05,700.0,0.009681
ARN/BTC,1586114228346,2020-04-05T19:17:08.346Z,buy,1.383e-05,758.0,0.01048314
ARN/BTC,1586114238156,2020-04-05T19:17:18.156Z,buy,1.383e-05,1780.0,0.0246174
ARN/BTC,1586114252907,2020-04-05T19:17:32.907Z,buy,1.383e-05,1288.0,0.01781304
ARN/BTC,1586114268601,2020-04-05T19:17:48.601Z,buy,1.383e-05,572.0,0.00791076
ARN/BTC,1586114281282,2020-04-05T19:18:01.282Z,buy,1.383e-05,1370.0,0.018947099999999998
ARN/BTC,1586114293788,2020-04-05T19:18:13.788Z,buy,1.383e-05,667.0,0.00922461
ARN/BTC,1586114305533,2020-04-05T19:18:25.533Z,buy,1.383e-05,1174.0,0.01623642
ARN/BTC,1586114314428,2020-04-05T19:18:34.428Z,buy,1.383e-05,1900.0,0.026277
ARN/BTC,1586114329626,2020-04-05T19:18:49.626Z,buy,1.383e-05,514.0,0.0071086199999999995
ARN/BTC,1586114342729,2020-04-05T19:19:02.729Z,buy,1.383e-05,1439.0,0.019901369999999998
ARN/BTC,1586114357499,2020-04-05T19:19:17.499Z,buy,1.383e-05,578.0,0.00799374
ARN/BTC,1586114369179,2020-04-05T19:19:29.179Z,buy,1.383e-05,608.0,0.00840864
ARN/BTC,1586114380979,2020-04-05T19:19:40.979Z,buy,1.383e-05,800.0,0.011064
ARN/BTC,1586114391464,2020-04-05T19:19:51.464Z,buy,1.383e-05,776.0,0.01073208
ARN/BTC,1586114402960,2020-04-05T19:20:02.960Z,buy,1.383e-05,1400.0,0.019362
ARN/BTC,1586114413815,2020-04-05T19:20:13.815Z,buy,1.383e-05,1220.0,0.016872599999999998
ARN/BTC,1586114426664,2020-04-05T19:20:26.664Z,buy,1.383e-05,1934.0,0.02674722
ARN/BTC,1586114437932,2020-04-05T19:20:37.932Z,buy,1.383e-05,1000.0,0.01383
ARN/BTC,1586114450988,2020-04-05T19:20:50.988Z,buy,1.383e-05,1202.0,0.01662366
ARN/BTC,1586114463288,2020-04-05T19:21:03.288Z,buy,1.383e-05,1000.0,0.01383
ARN/BTC,1586114474722,2020-04-05T19:21:14.722Z,buy,1.383e-05,700.0,0.009681
ARN/BTC,1586114484653,2020-04-05T19:21:24.653Z,buy,1.383e-05,1234.0,0.01706622
ARN/BTC,1586114494940,2020-04-05T19:21:34.940Z,buy,1.383e-05,986.0,0.01363638
ARN/BTC,1586114504747,2020-04-05T19:21:44.747Z,buy,1.383e-05,1564.0,0.02163012
ARN/BTC,1586114515570,2020-04-05T19:21:55.570Z,buy,1.383e-05,776.0,0.01073208
ARN/BTC,1586114526637,2020-04-05T19:22:06.637Z,buy,1.383e-05,746.0,0.01031718
ARN/BTC,1586114538447,2020-04-05T19:22:18.447Z,buy,1.383e-05,1336.0,0.01847688
ARN/BTC,1586114551188,2020-04-05T19:22:31.188Z,buy,1.383e-05,1700.0,0.023511
ARN/BTC,1586114565429,2020-04-05T19:22:45.429Z,buy,1.383e-05,1666.0,0.02304078
ARN/BTC,1586114578689,2020-04-05T19:22:58.689Z,buy,1.383e-05,557.0,0.00770331
ARN/BTC,1586114595460,2020-04-05T19:23:15.460Z,buy,1.383e-05,544.0,0.00752352
ARN/BTC,1586114608246,2020-04-05T19:23:28.246Z,buy,1.383e-05,1000.0,0.01383
ARN/BTC,1586114621424,2020-04-05T19:23:41.424Z,buy,1.383e-05,600.0,0.008298
ARN/BTC,1586114631244,2020-04-05T19:23:51.244Z,buy,1.383e-05,500.0,0.006915
ARN/BTC,1586116319866,2020-04-05T19:51:59.866Z,buy,1.383e-05,15.0,0.00020745
ARN/BTC,1586116437276,2020-04-05T19:53:57.276Z,buy,1.383e-05,707.0,0.00977781
ARN/BTC,1586116448615,2020-04-05T19:54:08.615Z,buy,1.383e-05,1579.0,0.02183757
ARN/BTC,1586116463523,2020-04-05T19:54:23.523Z,buy,1.383e-05,878.0,0.012142739999999999
ARN/BTC,1586116475115,2020-04-05T19:54:35.115Z,buy,1.383e-05,1300.0,0.017979
ARN/BTC,1586116489278,2020-04-05T19:54:49.278Z,buy,1.383e-05,974.0,0.01347042
ARN/BTC,1586116499591,2020-04-05T19:54:59.591Z,buy,1.383e-05,1500.0,0.020745
ARN/BTC,1586116516755,2020-04-05T19:55:16.755Z,buy,1.383e-05,1886.0,0.02608338
ARN/BTC,1586116526934,2020-04-05T19:55:26.934Z,buy,1.383e-05,900.0,0.012447
ARN/BTC,1586116538739,2020-04-05T19:55:38.739Z,buy,1.383e-05,1912.0,0.026442959999999998
ARN/BTC,1586116551818,2020-04-05T19:55:51.818Z,buy,1.383e-05,800.0,0.011064
ARN/BTC,1586116564640,2020-04-05T19:56:04.640Z,buy,1.383e-05,1072.0,0.01482576
ARN/BTC,1586116575024,2020-04-05T19:56:15.024Z,buy,1.383e-05,600.0,0.008298
ARN/BTC,1586116584299,2020-04-05T19:56:24.299Z,buy,1.383e-05,998.0,0.01380234
ARN/BTC,1586116600413,2020-04-05T19:56:40.413Z,buy,1.383e-05,1400.0,0.019362
ARN/BTC,1586116610631,2020-04-05T19:56:50.631Z,buy,1.383e-05,1200.0,0.016596
ARN/BTC,1586116625578,2020-04-05T19:57:05.578Z,buy,1.383e-05,922.0,0.01275126
ARN/BTC,1586116635479,2020-04-05T19:57:15.479Z,buy,1.383e-05,518.0,0.00716394
ARN/BTC,1586116650362,2020-04-05T19:57:30.362Z,buy,1.383e-05,550.0,0.0076064999999999995
ARN/BTC,1586116662984,2020-04-05T19:57:42.984Z,buy,1.383e-05,1600.0,0.022128
ARN/BTC,1586116662984,2020-04-05T19:57:42.984Z,buy,1.383e-05,1600.0,0.022128
ARN/BTC,1586116672343,2020-04-05T19:57:52.343Z,buy,1.383e-05,1200.0,0.016596
ARN/BTC,1586116689519,2020-04-05T19:58:09.519Z,buy,1.383e-05,1559.0,0.02156097
ARN/BTC,1586116705621,2020-04-05T19:58:25.621Z,buy,1.383e-05,844.0,0.01167252
ARN/BTC,1586116719394,2020-04-05T19:58:39.394Z,buy,1.383e-05,1200.0,0.016596
ARN/BTC,1586116736181,2020-04-05T19:58:56.181Z,buy,1.383e-05,700.0,0.009681
ARN/BTC,1586116754215,2020-04-05T19:59:14.215Z,buy,1.383e-05,18.0,0.00024894
ARN/BTC,1586116968641,2020-04-05T20:02:48.641Z,buy,1.383e-05,1462.0,0.020219459999999998
ARN/BTC,1586116979319,2020-04-05T20:02:59.319Z,buy,1.383e-05,800.0,0.011064
ARN/BTC,1586116991996,2020-04-05T20:03:11.996Z,buy,1.383e-05,1600.0,0.022128
ARN/BTC,1586117003697,2020-04-05T20:03:23.697Z,buy,1.383e-05,1340.0,0.0185322
ARN/BTC,1586117019990,2020-04-05T20:03:39.990Z,buy,1.383e-05,1600.0,0.022128
ARN/BTC,1586117031598,2020-04-05T20:03:51.598Z,buy,1.383e-05,1216.0,0.01681728
ARN/BTC,1586117040305,2020-04-05T20:04:00.305Z,buy,1.383e-05,1900.0,0.026277
ARN/BTC,1586117051044,2020-04-05T20:04:11.044Z,buy,1.383e-05,1739.0,0.024050369999999998
ARN/BTC,1586117064362,2020-04-05T20:04:24.362Z,buy,1.383e-05,1600.0,0.022128
ARN/BTC,1586117076573,2020-04-05T20:04:36.573Z,buy,1.383e-05,1982.0,0.02741106
ARN/BTC,1586117090803,2020-04-05T20:04:50.803Z,buy,1.383e-05,992.0,0.01371936
ARN/BTC,1586117100594,2020-04-05T20:05:00.594Z,buy,1.383e-05,1060.0,0.014659799999999999
ARN/BTC,1586117112879,2020-04-05T20:05:12.879Z,buy,1.383e-05,1982.0,0.02741106
ARN/BTC,1586117124516,2020-04-05T20:05:24.516Z,buy,1.383e-05,1267.0,0.01752261
ARN/BTC,1586117137746,2020-04-05T20:05:37.746Z,buy,1.383e-05,1960.0,0.0271068
ARN/BTC,1586117144118,2020-04-05T20:05:44.118Z,sell,1.384e-05,60.0,0.0008304
ARN/BTC,1586117148515,2020-04-05T20:05:48.515Z,buy,1.383e-05,698.0,0.00965334
ARN/BTC,1586117158548,2020-04-05T20:05:58.548Z,buy,1.383e-05,1354.0,0.01872582
ARN/BTC,1586117177752,2020-04-05T20:06:17.752Z,buy,1.383e-05,1117.0,0.01544811
ARN/BTC,1586117191050,2020-04-05T20:06:31.050Z,buy,1.383e-05,1700.0,0.023511
ARN/BTC,1586117204294,2020-04-05T20:06:44.294Z,buy,1.383e-05,1720.0,0.0237876
ARN/BTC,1586117216480,2020-04-05T20:06:56.480Z,buy,1.383e-05,833.0,0.01152039
ARN/BTC,1586117227790,2020-04-05T20:07:07.790Z,buy,1.383e-05,638.0,0.00882354
ARN/BTC,1586117239566,2020-04-05T20:07:19.566Z,buy,1.383e-05,1654.0,0.02287482
ARN/BTC,1586117256914,2020-04-05T20:07:36.914Z,buy,1.383e-05,1622.0,0.02243226
ARN/BTC,1586117268191,2020-04-05T20:07:48.191Z,buy,1.383e-05,1132.0,0.01565556
ARN/BTC,1586117279458,2020-04-05T20:07:59.458Z,buy,1.383e-05,800.0,0.011064
ARN/BTC,1586117293731,2020-04-05T20:08:13.731Z,buy,1.383e-05,1135.0,0.01569705
ARN/BTC,1586117304002,2020-04-05T20:08:24.002Z,buy,1.383e-05,1186.0,0.01640238
ARN/BTC,1586117313360,2020-04-05T20:08:33.360Z,buy,1.383e-05,1939.0,0.02681637
ARN/BTC,1586117327600,2020-04-05T20:08:47.600Z,buy,1.383e-05,700.0,0.009681
ARN/BTC,1586117338421,2020-04-05T20:08:58.421Z,buy,1.383e-05,1393.0,0.019265189999999998
ARN/BTC,1586117349978,2020-04-05T20:09:09.978Z,buy,1.383e-05,1294.0,0.01789602
ARN/BTC,1586117359366,2020-04-05T20:09:19.366Z,buy,1.383e-05,718.0,0.00992994
ARN/BTC,1586117371551,2020-04-05T20:09:31.551Z,buy,1.383e-05,700.0,0.009681
ARN/BTC,1586117386086,2020-04-05T20:09:46.086Z,buy,1.383e-05,1600.0,0.022128
ARN/BTC,1586117399361,2020-04-05T20:09:59.361Z,buy,1.383e-05,652.0,0.00901716
ARN/BTC,1586117410574,2020-04-05T20:10:10.574Z,buy,1.383e-05,1600.0,0.022128
ARN/BTC,1586117420835,2020-04-05T20:10:20.835Z,buy,1.383e-05,600.0,0.008298
ARN/BTC,1586117431206,2020-04-05T20:10:31.206Z,buy,1.383e-05,830.0,0.0114789
ARN/BTC,1586117444940,2020-04-05T20:10:44.940Z,buy,1.383e-05,700.0,0.009681
ARN/BTC,1586117458640,2020-04-05T20:10:58.640Z,buy,1.383e-05,1189.0,0.01644387
ARN/BTC,1586117467021,2020-04-05T20:11:07.021Z,buy,1.383e-05,1634.0,0.02259822
ARN/BTC,1586117476453,2020-04-05T20:11:16.453Z,buy,1.383e-05,700.0,0.009681
ARN/BTC,1586117494582,2020-04-05T20:11:34.582Z,buy,1.383e-05,934.0,0.01291722
ARN/BTC,1586117506257,2020-04-05T20:11:46.257Z,buy,1.383e-05,600.0,0.008298
ARN/BTC,1586117514937,2020-04-05T20:11:54.937Z,buy,1.383e-05,1000.0,0.01383
ARN/BTC,1586117524670,2020-04-05T20:12:04.670Z,buy,1.383e-05,590.0,0.0081597
ARN/BTC,1586117525545,2020-04-05T20:12:05.545Z,sell,1.384e-05,60.0,0.0008304
ARN/BTC,1586117534597,2020-04-05T20:12:14.597Z,buy,1.383e-05,1712.0,0.02367696
ARN/BTC,1586117546933,2020-04-05T20:12:26.933Z,buy,1.383e-05,1600.0,0.022128
ARN/BTC,1586117556713,2020-04-05T20:12:36.713Z,buy,1.383e-05,1816.0,0.02511528
ARN/BTC,1586117570598,2020-04-05T20:12:50.598Z,buy,1.383e-05,1200.0,0.016596
ARN/BTC,1586117582327,2020-04-05T20:13:02.327Z,buy,1.383e-05,1358.0,0.018781139999999998
ARN/BTC,1586117597580,2020-04-05T20:13:17.580Z,buy,1.383e-05,1200.0,0.016596
ARN/BTC,1586117611769,2020-04-05T20:13:31.769Z,buy,1.383e-05,814.0,0.01125762
ARN/BTC,1586117626332,2020-04-05T20:13:46.332Z,buy,1.383e-05,1939.0,0.02681637
ARN/BTC,1586117637553,2020-04-05T20:13:57.553Z,buy,1.383e-05,562.0,0.00777246
ARN/BTC,1586117647420,2020-04-05T20:14:07.420Z,buy,1.383e-05,1100.0,0.015212999999999999
ARN/BTC,1586117659139,2020-04-05T20:14:19.139Z,buy,1.383e-05,500.0,0.006915
ARN/BTC,1586117671911,2020-04-05T20:14:31.911Z,buy,1.383e-05,1690.0,0.0233727
ARN/BTC,1586117686076,2020-04-05T20:14:46.076Z,buy,1.383e-05,1666.0,0.02304078
ARN/BTC,1586117697426,2020-04-05T20:14:57.426Z,buy,1.383e-05,1594.0,0.02204502
ARN/BTC,1586117708574,2020-04-05T20:15:08.574Z,buy,1.383e-05,1600.0,0.022128
ARN/BTC,1586117720307,2020-04-05T20:15:20.307Z,buy,1.383e-05,1100.0,0.015212999999999999
ARN/BTC,1586117737799,2020-04-05T20:15:37.799Z,buy,1.383e-05,1355.0,0.01873965
ARN/BTC,1586117752516,2020-04-05T20:15:52.516Z,buy,1.383e-05,1900.0,0.026277
ARN/BTC,1586117762715,2020-04-05T20:16:02.715Z,buy,1.383e-05,764.0,0.01056612
ARN/BTC,1586118099719,2020-04-05T20:21:39.719Z,buy,1.383e-05,14.0,0.00019362
ARN/BTC,1586118100717,2020-04-05T20:21:40.717Z,buy,1.384e-05,15.0,0.0002076
ARN/BTC,1586118121522,2020-04-05T20:22:01.522Z,buy,1.383e-05,626.0,0.00865758
ARN/BTC,1586118275555,2020-04-05T20:24:35.555Z,buy,1.386e-05,41.0,0.00056826
ARN/BTC,1586118277326,2020-04-05T20:24:37.326Z,buy,1.386e-05,127.0,0.0017602199999999998
ARN/BTC,1586118492999,2020-04-05T20:28:12.999Z,sell,1.383e-05,672.0,0.00929376
ARN/BTC,1586118492999,2020-04-05T20:28:12.999Z,sell,1.382e-05,2996.0,0.04140472
ARN/BTC,1586118514890,2020-04-05T20:28:34.890Z,buy,1.385e-05,900.0,0.012465
ARN/BTC,1586118519322,2020-04-05T20:28:39.322Z,sell,1.382e-05,742.0,0.01025444
ARN/BTC,1586118528282,2020-04-05T20:28:48.282Z,buy,1.384e-05,10.0,0.0001384
ARN/BTC,1586118528282,2020-04-05T20:28:48.282Z,buy,1.385e-05,1252.0,0.0173402
ARN/BTC,1586118537386,2020-04-05T20:28:57.386Z,buy,1.383e-05,434.0,0.00600222
ARN/BTC,1586118537565,2020-04-05T20:28:57.565Z,buy,1.383e-05,1266.0,0.017508779999999998
ARN/BTC,1586118548150,2020-04-05T20:29:08.150Z,buy,1.384e-05,788.0,0.01090592
ARN/BTC,1586118562319,2020-04-05T20:29:22.319Z,buy,1.385e-05,1985.0,0.02749225
ARN/BTC,1586118578107,2020-04-05T20:29:38.107Z,buy,1.384e-05,800.0,0.011072
ARN/BTC,1586118589470,2020-04-05T20:29:49.470Z,buy,1.384e-05,1700.0,0.023528
ARN/BTC,1586118603675,2020-04-05T20:30:03.675Z,buy,1.384e-05,560.0,0.0077504
ARN/BTC,1586118613253,2020-04-05T20:30:13.253Z,buy,1.384e-05,1874.0,0.02593616
ARN/BTC,1586118625860,2020-04-05T20:30:25.860Z,buy,1.384e-05,607.0,0.00840088
ARN/BTC,1586118639710,2020-04-05T20:30:39.710Z,buy,1.384e-05,880.0,0.0121792
ARN/BTC,1586118655132,2020-04-05T20:30:55.132Z,buy,1.384e-05,1312.0,0.01815808
ARN/BTC,1586118666935,2020-04-05T20:31:06.935Z,buy,1.384e-05,1615.0,0.0223516
ARN/BTC,1586118678211,2020-04-05T20:31:18.211Z,buy,1.384e-05,1300.0,0.017992
ARN/BTC,1586118689556,2020-04-05T20:31:29.556Z,buy,1.384e-05,1900.0,0.026296
ARN/BTC,1586118704473,2020-04-05T20:31:44.473Z,buy,1.384e-05,616.0,0.00852544
ARN/BTC,1586118718737,2020-04-05T20:31:58.737Z,buy,1.384e-05,1800.0,0.024912
ARN/BTC,1586118733607,2020-04-05T20:32:13.607Z,buy,1.384e-05,800.0,0.011072
ARN/BTC,1586118745508,2020-04-05T20:32:25.508Z,buy,1.384e-05,836.0,0.011570239999999999
ARN/BTC,1586118759872,2020-04-05T20:32:39.872Z,buy,1.384e-05,1138.0,0.01574992
ARN/BTC,1586118770650,2020-04-05T20:32:50.650Z,buy,1.384e-05,600.0,0.008304
ARN/BTC,1586118788979,2020-04-05T20:33:08.979Z,buy,1.384e-05,1200.0,0.016608
ARN/BTC,1586118801283,2020-04-05T20:33:21.283Z,buy,1.384e-05,1270.0,0.0175768
ARN/BTC,1586118816091,2020-04-05T20:33:36.091Z,buy,1.384e-05,1492.0,0.02064928
ARN/BTC,1586118828672,2020-04-05T20:33:48.672Z,buy,1.384e-05,1066.0,0.01475344
ARN/BTC,1586118840734,2020-04-05T20:34:00.734Z,buy,1.384e-05,1528.0,0.02114752
ARN/BTC,1586118851527,2020-04-05T20:34:11.527Z,buy,1.384e-05,1930.0,0.0267112
ARN/BTC,1586118866790,2020-04-05T20:34:26.790Z,buy,1.384e-05,1771.0,0.02451064
ARN/BTC,1586118883103,2020-04-05T20:34:43.103Z,buy,1.384e-05,538.0,0.00744592
ARN/BTC,1586118895880,2020-04-05T20:34:55.880Z,buy,1.384e-05,1000.0,0.01384
ARN/BTC,1586118906702,2020-04-05T20:35:06.702Z,buy,1.384e-05,1472.0,0.02037248
ARN/BTC,1586118918252,2020-04-05T20:35:18.252Z,buy,1.384e-05,600.0,0.008304
ARN/BTC,1586118934677,2020-04-05T20:35:34.677Z,buy,1.384e-05,1826.0,0.02527184
ARN/BTC,1586118949920,2020-04-05T20:35:49.920Z,buy,1.384e-05,1453.0,0.02010952
ARN/BTC,1586118961640,2020-04-05T20:36:01.640Z,buy,1.384e-05,1200.0,0.016608
ARN/BTC,1586118975375,2020-04-05T20:36:15.375Z,buy,1.384e-05,502.0,0.0069476799999999995
ARN/BTC,1586118986381,2020-04-05T20:36:26.381Z,buy,1.384e-05,1376.0,0.01904384
ARN/BTC,1586119001228,2020-04-05T20:36:41.228Z,buy,1.384e-05,1976.0,0.027347839999999998
ARN/BTC,1586119014534,2020-04-05T20:36:54.534Z,buy,1.384e-05,661.0,0.00914824
ARN/BTC,1586119025346,2020-04-05T20:37:05.346Z,buy,1.384e-05,700.0,0.009688
ARN/BTC,1586119040487,2020-04-05T20:37:20.487Z,buy,1.384e-05,1400.0,0.019376
ARN/BTC,1586119050706,2020-04-05T20:37:30.706Z,buy,1.384e-05,1616.0,0.02236544
ARN/BTC,1586119061522,2020-04-05T20:37:41.522Z,buy,1.384e-05,973.0,0.01346632
ARN/BTC,1586119070935,2020-04-05T20:37:50.935Z,buy,1.384e-05,1160.0,0.0160544
ARN/BTC,1586119082195,2020-04-05T20:38:02.195Z,buy,1.384e-05,1500.0,0.02076
ARN/BTC,1586119093015,2020-04-05T20:38:13.015Z,buy,1.384e-05,1804.0,0.02496736
ARN/BTC,1586119107215,2020-04-05T20:38:27.215Z,buy,1.384e-05,1832.0,0.02535488
ARN/BTC,1586119119426,2020-04-05T20:38:39.426Z,buy,1.384e-05,1800.0,0.024912
ARN/BTC,1586119133185,2020-04-05T20:38:53.185Z,buy,1.384e-05,1993.0,0.02758312
ARN/BTC,1586119146974,2020-04-05T20:39:06.974Z,buy,1.384e-05,1384.0,0.01915456
ARN/BTC,1586119160833,2020-04-05T20:39:20.833Z,buy,1.384e-05,1500.0,0.02076
ARN/BTC,1586119173260,2020-04-05T20:39:33.260Z,buy,1.383e-05,1100.0,0.015212999999999999
ARN/BTC,1586119187949,2020-04-05T20:39:47.949Z,buy,1.383e-05,900.0,0.012447
ARN/BTC,1586119197751,2020-04-05T20:39:57.751Z,buy,1.383e-05,1160.0,0.0160428
ARN/BTC,1586119214560,2020-04-05T20:40:14.560Z,buy,1.383e-05,1500.0,0.020745
ARN/BTC,1586119222920,2020-04-05T20:40:22.920Z,buy,1.383e-05,900.0,0.012447
ARN/BTC,1586119233753,2020-04-05T20:40:33.753Z,buy,1.383e-05,1760.0,0.0243408
ARN/BTC,1586119245574,2020-04-05T20:40:45.574Z,buy,1.383e-05,1796.0,0.02483868
ARN/BTC,1586119257776,2020-04-05T20:40:57.776Z,buy,1.383e-05,1718.0,0.02375994
ARN/BTC,1586119273725,2020-04-05T20:41:13.725Z,buy,1.383e-05,1654.0,0.02287482
ARN/BTC,1586119292891,2020-04-05T20:41:32.891Z,buy,1.383e-05,1994.0,0.02757702
ARN/BTC,1586119303264,2020-04-05T20:41:43.264Z,buy,1.383e-05,1600.0,0.022128
ARN/BTC,1586119314013,2020-04-05T20:41:54.013Z,buy,1.383e-05,1400.0,0.019362
ARN/BTC,1586119323795,2020-04-05T20:42:03.795Z,buy,1.383e-05,1000.0,0.01383
ARN/BTC,1586119333524,2020-04-05T20:42:13.524Z,buy,1.383e-05,1736.0,0.02400888
ARN/BTC,1586119348361,2020-04-05T20:42:28.361Z,buy,1.383e-05,1064.0,0.01471512
ARN/BTC,1586119357826,2020-04-05T20:42:37.826Z,buy,1.383e-05,886.0,0.01225338
ARN/BTC,1586119368718,2020-04-05T20:42:48.718Z,buy,1.383e-05,1078.0,0.01490874
ARN/BTC,1586119383346,2020-04-05T20:43:03.346Z,buy,1.383e-05,883.0,0.01221189
ARN/BTC,1586119397195,2020-04-05T20:43:17.195Z,buy,1.383e-05,1604.0,0.02218332
ARN/BTC,1586119407966,2020-04-05T20:43:27.966Z,buy,1.383e-05,668.0,0.00923844
ARN/BTC,1586119419109,2020-04-05T20:43:39.109Z,buy,1.383e-05,1658.0,0.022930139999999998
ARN/BTC,1586119430673,2020-04-05T20:43:50.673Z,buy,1.383e-05,800.0,0.011064
ARN/BTC,1586119444587,2020-04-05T20:44:04.587Z,buy,1.383e-05,600.0,0.008298
ARN/BTC,1586119456867,2020-04-05T20:44:16.867Z,buy,1.383e-05,1232.0,0.01703856
ARN/BTC,1586119470111,2020-04-05T20:44:30.111Z,buy,1.383e-05,836.0,0.01156188
ARN/BTC,1586119481824,2020-04-05T20:44:41.824Z,buy,1.383e-05,500.0,0.006915
ARN/BTC,1586119493926,2020-04-05T20:44:53.926Z,buy,1.383e-05,1850.0,0.0255855
ARN/BTC,1586119507252,2020-04-05T20:45:07.252Z,buy,1.383e-05,1022.0,0.01413426
ARN/BTC,1586119516927,2020-04-05T20:45:16.927Z,buy,1.383e-05,1736.0,0.02400888
ARN/BTC,1586119528803,2020-04-05T20:45:28.803Z,buy,1.383e-05,1828.0,0.02528124
ARN/BTC,1586119540597,2020-04-05T20:45:40.597Z,buy,1.383e-05,1500.0,0.020745
ARN/BTC,1586119552909,2020-04-05T20:45:52.909Z,buy,1.383e-05,959.0,0.013262969999999999
ARN/BTC,1586119561736,2020-04-05T20:46:01.736Z,buy,1.383e-05,1720.0,0.0237876
ARN/BTC,1586119578706,2020-04-05T20:46:18.706Z,buy,1.383e-05,1960.0,0.0271068
ARN/BTC,1586119588862,2020-04-05T20:46:28.862Z,buy,1.383e-05,1800.0,0.024894
ARN/BTC,1586119601564,2020-04-05T20:46:41.564Z,buy,1.383e-05,518.0,0.00716394
ARN/BTC,1586119612217,2020-04-05T20:46:52.217Z,buy,1.383e-05,1200.0,0.016596
ARN/BTC,1586119624372,2020-04-05T20:47:04.372Z,buy,1.383e-05,1500.0,0.020745
ARN/BTC,1586119633169,2020-04-05T20:47:13.169Z,buy,1.383e-05,1334.0,0.01844922
ARN/BTC,1586119644582,2020-04-05T20:47:24.582Z,buy,1.383e-05,1906.0,0.026359979999999998
ARN/BTC,1586119646347,2020-04-05T20:47:26.347Z,buy,1.387e-05,6850.0,0.0950095
ARN/BTC,1586119646347,2020-04-05T20:47:26.347Z,buy,1.388e-05,34.0,0.00047191999999999997
ARN/BTC,1586119646347,2020-04-05T20:47:26.347Z,buy,1.389e-05,13.0,0.00018057000000000001
ARN/BTC,1586119646347,2020-04-05T20:47:26.347Z,buy,1.391e-05,102.0,0.00141882
ARN/BTC,1586119646347,2020-04-05T20:47:26.347Z,buy,1.392e-05,78.0,0.00108576
ARN/BTC,1586119646347,2020-04-05T20:47:26.347Z,buy,1.393e-05,44.0,0.00061292
ARN/BTC,1586119646347,2020-04-05T20:47:26.347Z,buy,1.394e-05,879.0,0.01225326
ARN/BTC,1586119646576,2020-04-05T20:47:26.576Z,sell,1.387e-05,124.0,0.00171988
ARN/BTC,1586119646671,2020-04-05T20:47:26.671Z,sell,1.387e-05,18.0,0.00024965999999999996
ARN/BTC,1586119646781,2020-04-05T20:47:26.781Z,sell,1.387e-05,37.0,0.00051319
ARN/BTC,1586119648146,2020-04-05T20:47:28.146Z,sell,1.388e-05,33.0,0.00045804
ARN/BTC,1586119653767,2020-04-05T20:47:33.767Z,sell,1.385e-05,88.0,0.0012188
ARN/BTC,1586119654890,2020-04-05T20:47:34.890Z,buy,1.389e-05,1610.0,0.0223629
ARN/BTC,1586119666608,2020-04-05T20:47:46.608Z,buy,1.388e-05,500.0,0.00694
ARN/BTC,1586119675882,2020-04-05T20:47:55.882Z,buy,1.388e-05,1334.0,0.018515919999999998
ARN/BTC,1586119686142,2020-04-05T20:48:06.142Z,buy,1.388e-05,700.0,0.009715999999999999
ARN/BTC,1586119697720,2020-04-05T20:48:17.720Z,buy,1.388e-05,1600.0,0.022208
ARN/BTC,1586119710073,2020-04-05T20:48:30.073Z,buy,1.388e-05,638.0,0.00885544
ARN/BTC,1586119721207,2020-04-05T20:48:41.207Z,buy,1.388e-05,1264.0,0.01754432
ARN/BTC,1586119734631,2020-04-05T20:48:54.631Z,buy,1.388e-05,760.0,0.010548799999999999
ARN/BTC,1586119746741,2020-04-05T20:49:06.741Z,buy,1.388e-05,1708.0,0.02370704
ARN/BTC,1586119762882,2020-04-05T20:49:22.882Z,buy,1.388e-05,1000.0,0.01388
ARN/BTC,1586119776693,2020-04-05T20:49:36.693Z,buy,1.388e-05,718.0,0.00996584
ARN/BTC,1586119786914,2020-04-05T20:49:46.914Z,buy,1.388e-05,1200.0,0.016656
ARN/BTC,1586119802569,2020-04-05T20:50:02.569Z,buy,1.388e-05,1828.0,0.02537264
ARN/BTC,1586119817899,2020-04-05T20:50:17.899Z,buy,1.388e-05,602.0,0.00835576
ARN/BTC,1586119828779,2020-04-05T20:50:28.779Z,buy,1.388e-05,1400.0,0.019431999999999998
ARN/BTC,1586119841325,2020-04-05T20:50:41.325Z,buy,1.388e-05,656.0,0.00910528
ARN/BTC,1586119857373,2020-04-05T20:50:57.373Z,buy,1.388e-05,620.0,0.0086056
ARN/BTC,1586119874081,2020-04-05T20:51:14.081Z,buy,1.388e-05,1499.0,0.020806119999999997
ARN/BTC,1586119890857,2020-04-05T20:51:30.857Z,buy,1.388e-05,817.0,0.01133996
ARN/BTC,1586119903723,2020-04-05T20:51:43.723Z,buy,1.388e-05,728.0,0.01010464
ARN/BTC,1586119957107,2020-04-05T20:52:37.107Z,buy,1.387e-05,700.0,0.009708999999999999
ARN/BTC,1586119969033,2020-04-05T20:52:49.033Z,buy,1.387e-05,1156.0,0.016033719999999998
ARN/BTC,1586120000754,2020-04-05T20:53:20.754Z,sell,1.384e-05,34.0,0.00047055999999999997
ARN/BTC,1586120067634,2020-04-05T20:54:27.634Z,buy,1.385e-05,88.0,0.0012188
ARN/BTC,1586120067841,2020-04-05T20:54:27.841Z,buy,1.385e-05,648.0,0.0089748
ARN/BTC,1586120085197,2020-04-05T20:54:45.197Z,buy,1.385e-05,1514.0,0.0209689
ARN/BTC,1586120085197,2020-04-05T20:54:45.197Z,buy,1.385e-05,1514.0,0.0209689
ARN/BTC,1586120714788,2020-04-05T21:05:14.788Z,sell,1.383e-05,21.0,0.00029043
ARN/BTC,1586121000736,2020-04-05T21:10:00.736Z,buy,1.383e-05,724.0,0.01001292
ARN/BTC,1586121010654,2020-04-05T21:10:10.654Z,buy,1.383e-05,758.0,0.01048314
ARN/BTC,1586121095280,2020-04-05T21:11:35.280Z,sell,1.381e-05,708.0,0.00977748
ARN/BTC,1586121096683,2020-04-05T21:11:36.683Z,buy,1.381e-05,350.0,0.0048335
ARN/BTC,1586121096683,2020-04-05T21:11:36.683Z,buy,1.383e-05,450.0,0.0062235
ARN/BTC,1586121112023,2020-04-05T21:11:52.023Z,buy,1.383e-05,1000.0,0.01383
ARN/BTC,1586121227090,2020-04-05T21:13:47.090Z,buy,1.383e-05,997.0,0.01378851
ARN/BTC,1586121309548,2020-04-05T21:15:09.548Z,buy,1.383e-05,710.0,0.0098193
ARN/BTC,1586121358283,2020-04-05T21:15:58.283Z,buy,1.383e-05,1316.0,0.01820028
ARN/BTC,1586121368889,2020-04-05T21:16:08.889Z,buy,1.383e-05,739.0,0.01022037
ARN/BTC,1586121377353,2020-04-05T21:16:17.353Z,buy,1.383e-05,836.0,0.01156188
ARN/BTC,1586121387625,2020-04-05T21:16:27.625Z,buy,1.383e-05,760.0,0.010510799999999999
ARN/BTC,1586121432912,2020-04-05T21:17:12.912Z,buy,1.383e-05,694.0,0.00959802
ARN/BTC,1586121445130,2020-04-05T21:17:25.130Z,buy,1.383e-05,1000.0,0.01383
ARN/BTC,1586121491628,2020-04-05T21:18:11.628Z,buy,1.383e-05,1200.0,0.016596
ARN/BTC,1586121503786,2020-04-05T21:18:23.786Z,buy,1.383e-05,1024.0,0.01416192
ARN/BTC,1586121514057,2020-04-05T21:18:34.057Z,buy,1.383e-05,1018.0,0.01407894
ARN/BTC,1586121556323,2020-04-05T21:19:16.323Z,buy,1.383e-05,752.0,0.01040016
ARN/BTC,1586121564117,2020-04-05T21:19:24.117Z,buy,1.383e-05,580.0,0.0080214
ARN/BTC,1586121606830,2020-04-05T21:20:06.830Z,buy,1.383e-05,886.0,0.01225338
ARN/BTC,1586121616641,2020-04-05T21:20:16.641Z,buy,1.383e-05,1000.0,0.01383
ARN/BTC,1586121630251,2020-04-05T21:20:30.251Z,buy,1.383e-05,900.0,0.012447
ARN/BTC,1586121643385,2020-04-05T21:20:43.385Z,buy,1.383e-05,1100.0,0.015212999999999999
ARN/BTC,1586121655008,2020-04-05T21:20:55.008Z,buy,1.383e-05,500.0,0.006915
ARN/BTC,1586121736324,2020-04-05T21:22:16.324Z,buy,1.383e-05,748.0,0.01034484
ARN/BTC,1586121816197,2020-04-05T21:23:36.197Z,buy,1.383e-05,524.0,0.00724692
ARN/BTC,1586121826855,2020-04-05T21:23:46.855Z,buy,1.383e-05,892.0,0.01233636
ARN/BTC,1586121838602,2020-04-05T21:23:58.602Z,buy,1.383e-05,1034.0,0.014300219999999999
ARN/BTC,1586121886985,2020-04-05T21:24:46.985Z,buy,1.383e-05,500.0,0.006915
ARN/BTC,1586121932031,2020-04-05T21:25:32.031Z,buy,1.383e-05,700.0,0.009681
ARN/BTC,1586121944889,2020-04-05T21:25:44.889Z,buy,1.383e-05,500.0,0.006915
ARN/BTC,1586121956998,2020-04-05T21:25:56.998Z,buy,1.383e-05,500.0,0.006915
ARN/BTC,1586121966822,2020-04-05T21:26:06.822Z,buy,1.383e-05,754.0,0.010427819999999999
ARN/BTC,1586122011131,2020-04-05T21:26:51.131Z,buy,1.383e-05,1208.0,0.01670664
ARN/BTC,1586122022349,2020-04-05T21:27:02.349Z,buy,1.383e-05,880.0,0.0121704
ARN/BTC,1586122063191,2020-04-05T21:27:43.191Z,sell,1.383e-05,14.0,0.00019362
ARN/BTC,1586122532358,2020-04-05T21:35:32.358Z,sell,1.383e-05,8.0,0.00011064
ARN/BTC,1586122532358,2020-04-05T21:35:32.358Z,sell,1.383e-05,8.0,0.00011064
ARN/BTC,1586124170910,2020-04-05T22:02:50.910Z,sell,1.384e-05,563.0,0.00779192
ARN/BTC,1586124170910,2020-04-05T22:02:50.910Z,sell,1.383e-05,56.0,0.00077448
ARN/BTC,1586124170910,2020-04-05T22:02:50.910Z,sell,1.38e-05,1869.0,0.0257922
ARN/BTC,1586124170932,2020-04-05T22:02:50.932Z,buy,1.38e-05,562.0,0.0077556
ARN/BTC,1586124175534,2020-04-05T22:02:55.534Z,sell,1.38e-05,14.0,0.0001932
ARN/BTC,1586124189562,2020-04-05T22:03:09.562Z,buy,1.381e-05,23.0,0.00031763
ARN/BTC,1586124195972,2020-04-05T22:03:15.972Z,buy,1.384e-05,2.0,2.768e-05
ARN/BTC,1586124287515,2020-04-05T22:04:47.515Z,buy,1.382e-05,1040.0,0.0143728
ARN/BTC,1586124299052,2020-04-05T22:04:59.052Z,buy,1.382e-05,800.0,0.011056
ARN/BTC,1586124333153,2020-04-05T22:05:33.153Z,buy,1.384e-05,32.0,0.00044288
ARN/BTC,1586124333153,2020-04-05T22:05:33.153Z,buy,1.387e-05,695.0,0.00963965
ARN/BTC,1586124333153,2020-04-05T22:05:33.153Z,buy,1.388e-05,34.0,0.00047191999999999997
ARN/BTC,1586124333153,2020-04-05T22:05:33.153Z,buy,1.389e-05,13.0,0.00018057000000000001
ARN/BTC,1586124333153,2020-04-05T22:05:33.153Z,buy,1.391e-05,58.0,0.00080678
ARN/BTC,1586124333153,2020-04-05T22:05:33.153Z,buy,1.392e-05,617.0,0.00858864
ARN/BTC,1586124342381,2020-04-05T22:05:42.381Z,buy,1.389e-05,1100.0,0.015279000000000001
ARN/BTC,1586124354205,2020-04-05T22:05:54.205Z,buy,1.389e-05,1052.0,0.01461228
ARN/BTC,1586124506308,2020-04-05T22:08:26.308Z,buy,1.389e-05,1300.0,0.018057
ARN/BTC,1586124549641,2020-04-05T22:09:09.641Z,buy,1.389e-05,1000.0,0.013890000000000001
ARN/BTC,1586124567915,2020-04-05T22:09:27.915Z,sell,1.388e-05,9.0,0.00012492
ARN/BTC,1586124595854,2020-04-05T22:09:55.854Z,buy,1.389e-05,1181.0,0.01640409
ARN/BTC,1586124605075,2020-04-05T22:10:05.075Z,buy,1.389e-05,700.0,0.009723
ARN/BTC,1586124678703,2020-04-05T22:11:18.703Z,buy,1.392e-05,995.0,0.0138504
ARN/BTC,1586124678703,2020-04-05T22:11:18.703Z,buy,1.393e-05,799.0,0.01113007
ARN/BTC,1586124684771,2020-04-05T22:11:24.771Z,buy,1.391e-05,1076.0,0.01496716
ARN/BTC,1586124699135,2020-04-05T22:11:39.135Z,sell,1.388e-05,33.0,0.00045804
ARN/BTC,1586124709433,2020-04-05T22:11:49.433Z,sell,1.385e-05,88.0,0.0012188
ARN/BTC,1586124709433,2020-04-05T22:11:49.433Z,sell,1.384e-05,91.0,0.00125944
ARN/BTC,1586125011355,2020-04-05T22:16:51.355Z,buy,1.388e-05,34.0,0.00047191999999999997
ARN/BTC,1586125053771,2020-04-05T22:17:33.771Z,buy,1.388e-05,1400.0,0.019431999999999998
ARN/BTC,1586125063076,2020-04-05T22:17:43.076Z,buy,1.388e-05,746.0,0.01035448
ARN/BTC,1586125146936,2020-04-05T22:19:06.936Z,buy,1.388e-05,920.0,0.012769599999999999
ARN/BTC,1586125188461,2020-04-05T22:19:48.461Z,buy,1.388e-05,1081.0,0.01500428
ARN/BTC,1586125238923,2020-04-05T22:20:38.923Z,buy,1.388e-05,1312.0,0.01821056
ARN/BTC,1586125249548,2020-04-05T22:20:49.548Z,buy,1.388e-05,1400.0,0.019431999999999998
ARN/BTC,1586125295597,2020-04-05T22:21:35.597Z,buy,1.388e-05,1000.0,0.01388
ARN/BTC,1586125308853,2020-04-05T22:21:48.853Z,buy,1.388e-05,1256.0,0.01743328
ARN/BTC,1586125319962,2020-04-05T22:21:59.962Z,buy,1.388e-05,802.0,0.01113176
ARN/BTC,1586125369431,2020-04-05T22:22:49.431Z,buy,1.388e-05,736.0,0.01021568
ARN/BTC,1586125379780,2020-04-05T22:22:59.780Z,buy,1.388e-05,992.0,0.013768959999999998
ARN/BTC,1586125397345,2020-04-05T22:23:17.345Z,buy,1.388e-05,800.0,0.011104
ARN/BTC,1586125412077,2020-04-05T22:23:32.077Z,buy,1.388e-05,800.0,0.011104
ARN/BTC,1586125424359,2020-04-05T22:23:44.359Z,buy,1.388e-05,1175.0,0.016309
ARN/BTC,1586125444753,2020-04-05T22:24:04.753Z,sell,1.385e-05,13.0,0.00018004999999999999
ARN/BTC,1586125471683,2020-04-05T22:24:31.683Z,buy,1.388e-05,1124.0,0.01560112
ARN/BTC,1586125516521,2020-04-05T22:25:16.521Z,buy,1.387e-05,802.0,0.01112374
ARN/BTC,1586125566711,2020-04-05T22:26:06.711Z,buy,1.387e-05,1288.0,0.017864559999999998
ARN/BTC,1586125581337,2020-04-05T22:26:21.337Z,buy,1.387e-05,1100.0,0.015257
ARN/BTC,1586125597246,2020-04-05T22:26:37.246Z,buy,1.387e-05,935.0,0.01296845
ARN/BTC,1586125610916,2020-04-05T22:26:50.916Z,buy,1.387e-05,1400.0,0.019417999999999998
ARN/BTC,1586125622488,2020-04-05T22:27:02.488Z,buy,1.387e-05,1220.0,0.0169214
ARN/BTC,1586125635723,2020-04-05T22:27:15.723Z,buy,1.387e-05,593.0,0.00822491
ARN/BTC,1586125647547,2020-04-05T22:27:27.547Z,buy,1.387e-05,1082.0,0.01500734
ARN/BTC,1586125660669,2020-04-05T22:27:40.669Z,buy,1.387e-05,1200.0,0.016644
ARN/BTC,1586125695450,2020-04-05T22:28:15.450Z,buy,1.391e-05,43.0,0.00059813
ARN/BTC,1586125695450,2020-04-05T22:28:15.450Z,buy,1.392e-05,29.0,0.00040368
ARN/BTC,1586125707489,2020-04-05T22:28:27.489Z,buy,1.388e-05,1280.0,0.017766399999999998
ARN/BTC,1586125719729,2020-04-05T22:28:39.729Z,buy,1.389e-05,1300.0,0.018057
ARN/BTC,1586125733546,2020-04-05T22:28:53.546Z,buy,1.388e-05,800.0,0.011104
ARN/BTC,1586125743853,2020-04-05T22:29:03.853Z,buy,1.389e-05,1300.0,0.018057
ARN/BTC,1586125759464,2020-04-05T22:29:19.464Z,buy,1.388e-05,1273.0,0.01766924
ARN/BTC,1586125803275,2020-04-05T22:30:03.275Z,buy,1.388e-05,1262.0,0.01751656
ARN/BTC,1586125817542,2020-04-05T22:30:17.542Z,buy,1.389e-05,676.0,0.009389640000000001
ARN/BTC,1586125864388,2020-04-05T22:31:04.388Z,buy,1.388e-05,716.0,0.00993808
ARN/BTC,1586125909544,2020-04-05T22:31:49.544Z,buy,1.388e-05,1283.0,0.01780804
ARN/BTC,1586125923100,2020-04-05T22:32:03.100Z,buy,1.388e-05,601.0,0.00834188
ARN/BTC,1586126003550,2020-04-05T22:33:23.550Z,buy,1.388e-05,991.0,0.01375508
ARN/BTC,1586126015182,2020-04-05T22:33:35.182Z,buy,1.387e-05,1064.0,0.014757679999999999
ARN/BTC,1586126065176,2020-04-05T22:34:25.176Z,buy,1.387e-05,974.0,0.01350938
ARN/BTC,1586126080876,2020-04-05T22:34:40.876Z,buy,1.387e-05,898.0,0.01245526
ARN/BTC,1586126122099,2020-04-05T22:35:22.099Z,sell,1.384e-05,25.0,0.000346
ARN/BTC,1586126122099,2020-04-05T22:35:22.099Z,sell,1.384e-05,25.0,0.000346
ARN/BTC,1586126165485,2020-04-05T22:36:05.485Z,buy,1.387e-05,1204.0,0.01669948
ARN/BTC,1586126248087,2020-04-05T22:37:28.087Z,buy,1.388e-05,848.0,0.01177024
ARN/BTC,1586126263576,2020-04-05T22:37:43.576Z,buy,1.388e-05,1200.0,0.016656
ARN/BTC,1586126315880,2020-04-05T22:38:35.880Z,buy,1.388e-05,1100.0,0.015267999999999999
ARN/BTC,1586126397519,2020-04-05T22:39:57.519Z,buy,1.387e-05,982.0,0.01362034
ARN/BTC,1586126442787,2020-04-05T22:40:42.787Z,buy,1.387e-05,716.0,0.00993092
ARN/BTC,1586126453984,2020-04-05T22:40:53.984Z,buy,1.387e-05,800.0,0.011096
ARN/BTC,1586126463798,2020-04-05T22:41:03.798Z,buy,1.387e-05,1102.0,0.01528474
ARN/BTC,1586126478472,2020-04-05T22:41:18.472Z,buy,1.387e-05,1010.0,0.014008699999999999
ARN/BTC,1586126489055,2020-04-05T22:41:29.055Z,buy,1.387e-05,628.0,0.00871036
ARN/BTC,1586126505739,2020-04-05T22:41:45.739Z,buy,1.388e-05,875.0,0.012145
ARN/BTC,1586126517155,2020-04-05T22:41:57.155Z,buy,1.388e-05,1400.0,0.019431999999999998
ARN/BTC,1586126532972,2020-04-05T22:42:12.972Z,buy,1.388e-05,1300.0,0.018043999999999998
ARN/BTC,1586126546387,2020-04-05T22:42:26.387Z,buy,1.388e-05,1400.0,0.019431999999999998
ARN/BTC,1586126563061,2020-04-05T22:42:43.061Z,buy,1.388e-05,500.0,0.00694
ARN/BTC,1586126580853,2020-04-05T22:43:00.853Z,buy,1.388e-05,1192.0,0.016544959999999997
ARN/BTC,1586126590005,2020-04-05T22:43:10.005Z,buy,1.388e-05,1100.0,0.015267999999999999
ARN/BTC,1586126602269,2020-04-05T22:43:22.269Z,buy,1.388e-05,1174.0,0.01629512
ARN/BTC,1586126718602,2020-04-05T22:45:18.602Z,buy,1.387e-05,1207.0,0.01674109
ARN/BTC,1586126732239,2020-04-05T22:45:32.239Z,buy,1.387e-05,1180.0,0.0163666
ARN/BTC,1586126779595,2020-04-05T22:46:19.595Z,buy,1.387e-05,1438.0,0.01994506
ARN/BTC,1586126800660,2020-04-05T22:46:40.660Z,buy,1.387e-05,700.0,0.009708999999999999
ARN/BTC,1586126886129,2020-04-05T22:48:06.129Z,buy,1.388e-05,1300.0,0.018043999999999998
ARN/BTC,1586126900259,2020-04-05T22:48:20.259Z,buy,1.388e-05,1334.0,0.018515919999999998
ARN/BTC,1586126914120,2020-04-05T22:48:34.120Z,buy,1.388e-05,1264.0,0.01754432
ARN/BTC,1586126957036,2020-04-05T22:49:17.036Z,buy,1.388e-05,1118.0,0.01551784
ARN/BTC,1586127001791,2020-04-05T22:50:01.791Z,buy,1.387e-05,1016.0,0.014091919999999999
ARN/BTC,1586127078310,2020-04-05T22:51:18.310Z,buy,1.387e-05,1328.0,0.01841936
ARN/BTC,1586127089456,2020-04-05T22:51:29.456Z,buy,1.387e-05,1223.0,0.01696301
ARN/BTC,1586127103711,2020-04-05T22:51:43.711Z,buy,1.387e-05,900.0,0.012483
ARN/BTC,1586127115969,2020-04-05T22:51:55.969Z,buy,1.387e-05,600.0,0.008322
ARN/BTC,1586127159508,2020-04-05T22:52:39.508Z,buy,1.388e-05,700.0,0.009715999999999999
ARN/BTC,1586127169823,2020-04-05T22:52:49.823Z,buy,1.388e-05,938.0,0.013019439999999998
ARN/BTC,1586127182949,2020-04-05T22:53:02.949Z,buy,1.388e-05,1000.0,0.01388
ARN/BTC,1586127197190,2020-04-05T22:53:17.190Z,buy,1.388e-05,523.0,0.007259239999999999
ARN/BTC,1586127209059,2020-04-05T22:53:29.059Z,buy,1.388e-05,560.0,0.0077728
ARN/BTC,1586127221713,2020-04-05T22:53:41.713Z,buy,1.388e-05,700.0,0.009715999999999999
ARN/BTC,1586127235371,2020-04-05T22:53:55.371Z,buy,1.388e-05,1112.0,0.01543456
ARN/BTC,1586127245580,2020-04-05T22:54:05.580Z,buy,1.388e-05,1412.0,0.019598559999999998
ARN/BTC,1586127259748,2020-04-05T22:54:19.748Z,buy,1.388e-05,1450.0,0.020125999999999998
ARN/BTC,1586127272025,2020-04-05T22:54:32.025Z,buy,1.388e-05,1400.0,0.019431999999999998
ARN/BTC,1586127288117,2020-04-05T22:54:48.117Z,buy,1.387e-05,500.0,0.006934999999999999
ARN/BTC,1586127305550,2020-04-05T22:55:05.550Z,buy,1.387e-05,1370.0,0.0190019
ARN/BTC,1586127319616,2020-04-05T22:55:19.616Z,buy,1.387e-05,772.0,0.01070764
ARN/BTC,1586127329340,2020-04-05T22:55:29.340Z,buy,1.387e-05,1274.0,0.01767038
ARN/BTC,1586127345158,2020-04-05T22:55:45.158Z,buy,1.387e-05,700.0,0.009708999999999999
ARN/BTC,1586127358731,2020-04-05T22:55:58.731Z,buy,1.387e-05,1268.0,0.017587159999999998
ARN/BTC,1586127369317,2020-04-05T22:56:09.317Z,buy,1.387e-05,1024.0,0.01420288
ARN/BTC,1586127445269,2020-04-05T22:57:25.269Z,buy,1.387e-05,944.0,0.013093279999999999
ARN/BTC,1586127456011,2020-04-05T22:57:36.011Z,buy,1.388e-05,1016.0,0.01410208
ARN/BTC,1586127468872,2020-04-05T22:57:48.872Z,buy,1.388e-05,900.0,0.012492
ARN/BTC,1586127479005,2020-04-05T22:57:59.005Z,buy,1.388e-05,940.0,0.0130472
ARN/BTC,1586127490636,2020-04-05T22:58:10.636Z,buy,1.388e-05,1454.0,0.020181519999999998
ARN/BTC,1586127539917,2020-04-05T22:58:59.917Z,buy,1.388e-05,860.0,0.0119368
ARN/BTC,1586127556294,2020-04-05T22:59:16.294Z,buy,1.388e-05,600.0,0.008328
ARN/BTC,1586127566142,2020-04-05T22:59:26.142Z,buy,1.388e-05,1156.0,0.01604528
ARN/BTC,1586127580871,2020-04-05T22:59:40.871Z,buy,1.388e-05,1400.0,0.019431999999999998
ARN/BTC,1586127594105,2020-04-05T22:59:54.105Z,buy,1.388e-05,1100.0,0.015267999999999999
ARN/BTC,1586127609913,2020-04-05T23:00:09.913Z,buy,1.388e-05,932.0,0.012936159999999999
ARN/BTC,1586127622065,2020-04-05T23:00:22.065Z,buy,1.387e-05,1000.0,0.013869999999999999
ARN/BTC,1586127636433,2020-04-05T23:00:36.433Z,buy,1.387e-05,1400.0,0.019417999999999998
ARN/BTC,1586127646539,2020-04-05T23:00:46.539Z,buy,1.387e-05,1200.0,0.016644
ARN/BTC,1586127661911,2020-04-05T23:01:01.911Z,buy,1.387e-05,1468.0,0.02036116
ARN/BTC,1586127675542,2020-04-05T23:01:15.542Z,buy,1.387e-05,929.0,0.01288523
ARN/BTC,1586127692642,2020-04-05T23:01:32.642Z,buy,1.387e-05,1200.0,0.016644
ARN/BTC,1586127702006,2020-04-05T23:01:42.006Z,buy,1.387e-05,1448.0,0.02008376
ARN/BTC,1586127714294,2020-04-05T23:01:54.294Z,buy,1.387e-05,526.0,0.00729562
ARN/BTC,1586127728584,2020-04-05T23:02:08.584Z,buy,1.387e-05,500.0,0.006934999999999999
ARN/BTC,1586127777677,2020-04-05T23:02:57.677Z,buy,1.387e-05,600.0,0.008322
ARN/BTC,1586128289077,2020-04-05T23:11:29.077Z,sell,1.384e-05,8.0,0.00011072
ARN/BTC,1586129255203,2020-04-05T23:27:35.203Z,buy,1.386e-05,14.0,0.00019403999999999998
ARN/BTC,1586129255203,2020-04-05T23:27:35.203Z,buy,1.386e-05,14.0,0.00019403999999999998
ARN/BTC,1586129731199,2020-04-05T23:35:31.199Z,sell,1.384e-05,1.0,1.384e-05
ARN/BTC,1586129731199,2020-04-05T23:35:31.199Z,sell,1.383e-05,109.0,0.00150747
ARN/BTC,1586130222054,2020-04-05T23:43:42.054Z,sell,1.383e-05,2000.0,0.02766
ARN/BTC,1586130500449,2020-04-05T23:48:20.449Z,sell,1.383e-05,1635.0,0.022612049999999998
ARN/BTC,1586131952730,2020-04-06T00:12:32.730Z,sell,1.386e-05,60.0,0.0008315999999999999
ARN/BTC,1586131952730,2020-04-06T00:12:32.730Z,sell,1.383e-05,567.0,0.00784161
ARN/BTC,1586132289942,2020-04-06T00:18:09.942Z,sell,1.383e-05,37.0,0.00051171
ARN/BTC,1586132507366,2020-04-06T00:21:47.366Z,sell,1.383e-05,267.0,0.00369261
ARN/BTC,1586132526930,2020-04-06T00:22:06.930Z,sell,1.382e-05,16.0,0.00022112
ARN/BTC,1586132527134,2020-04-06T00:22:07.134Z,buy,1.385e-05,1700.0,0.023545
ARN/BTC,1586132527930,2020-04-06T00:22:07.930Z,sell,1.381e-05,1347.0,0.01860207
ARN/BTC,1586132528936,2020-04-06T00:22:08.936Z,sell,1.38e-05,2886.0,0.0398268
ARN/BTC,1586132539453,2020-04-06T00:22:19.453Z,buy,1.382e-05,1297.0,0.01792454
ARN/BTC,1586132549061,2020-04-06T00:22:29.061Z,buy,1.382e-05,1403.0,0.01938946
ARN/BTC,1586132560830,2020-04-06T00:22:40.830Z,buy,1.382e-05,1910.0,0.026396199999999998
ARN/BTC,1586132574047,2020-04-06T00:22:54.047Z,buy,1.382e-05,1255.0,0.0173441
ARN/BTC,1586132666687,2020-04-06T00:24:26.687Z,sell,1.38e-05,25.0,0.000345
ARN/BTC,1586132667789,2020-04-06T00:24:27.789Z,sell,1.379e-05,88.0,0.00121352
ARN/BTC,1586132672736,2020-04-06T00:24:32.736Z,buy,1.381e-05,1783.0,0.02462323
ARN/BTC,1586132682468,2020-04-06T00:24:42.468Z,buy,1.381e-05,1672.0,0.02309032
ARN/BTC,1586132689787,2020-04-06T00:24:49.787Z,buy,1.381e-05,1504.0,0.02077024
ARN/BTC,1586132698752,2020-04-06T00:24:58.752Z,buy,1.381e-05,124.0,0.00171244
ARN/BTC,1586132698850,2020-04-06T00:24:58.850Z,buy,1.381e-05,638.0,0.00881078
ARN/BTC,1586132698949,2020-04-06T00:24:58.949Z,buy,1.381e-05,133.0,0.00183673
ARN/BTC,1586132699062,2020-04-06T00:24:59.062Z,sell,1.381e-05,762.0,0.01052322
ARN/BTC,1586132707240,2020-04-06T00:25:07.240Z,buy,1.381e-05,1360.0,0.0187816
ARN/BTC,1586132724126,2020-04-06T00:25:24.126Z,buy,1.381e-05,589.0,0.00813409
ARN/BTC,1586132739038,2020-04-06T00:25:39.038Z,sell,1.378e-05,10.0,0.0001378
ARN/BTC,1586132739247,2020-04-06T00:25:39.247Z,buy,1.381e-05,644.0,0.00889364
ARN/BTC,1586132749498,2020-04-06T00:25:49.498Z,buy,1.381e-05,757.0,0.01045417
ARN/BTC,1586132763222,2020-04-06T00:26:03.222Z,buy,1.381e-05,1240.0,0.0171244
ARN/BTC,1586132778362,2020-04-06T00:26:18.362Z,buy,1.381e-05,1661.0,0.02293841
ARN/BTC,1586132788994,2020-04-06T00:26:28.994Z,buy,1.381e-05,1573.0,0.02172313
ARN/BTC,1586132802878,2020-04-06T00:26:42.878Z,buy,1.381e-05,900.0,0.012428999999999999
ARN/BTC,1586132815092,2020-04-06T00:26:55.092Z,buy,1.381e-05,1681.0,0.02321461
ARN/BTC,1586132824900,2020-04-06T00:27:04.900Z,buy,1.381e-05,1200.0,0.016572
ARN/BTC,1586132836579,2020-04-06T00:27:16.579Z,buy,1.381e-05,1270.0,0.0175387
ARN/BTC,1586132847921,2020-04-06T00:27:27.921Z,buy,1.381e-05,1198.0,0.01654438
ARN/BTC,1586132847921,2020-04-06T00:27:27.921Z,buy,1.381e-05,1198.0,0.01654438
ARN/BTC,1586132865401,2020-04-06T00:27:45.401Z,buy,1.381e-05,1940.0,0.0267914
ARN/BTC,1586132876616,2020-04-06T00:27:56.616Z,buy,1.381e-05,1666.0,0.02300746
ARN/BTC,1586132890988,2020-04-06T00:28:10.988Z,buy,1.381e-05,1930.0,0.0266533
ARN/BTC,1586132902680,2020-04-06T00:28:22.680Z,buy,1.381e-05,1766.0,0.02438846
ARN/BTC,1586132912001,2020-04-06T00:28:32.001Z,buy,1.381e-05,1500.0,0.020715
ARN/BTC,1586132923167,2020-04-06T00:28:43.167Z,buy,1.381e-05,944.0,0.01303664
ARN/BTC,1586132939030,2020-04-06T00:28:59.030Z,buy,1.381e-05,1228.0,0.01695868
ARN/BTC,1586132951952,2020-04-06T00:29:11.952Z,buy,1.381e-05,1328.0,0.01833968
ARN/BTC,1586132966701,2020-04-06T00:29:26.701Z,buy,1.381e-05,1193.0,0.01647533
ARN/BTC,1586132977414,2020-04-06T00:29:37.414Z,buy,1.381e-05,1700.0,0.023477
ARN/BTC,1586132987628,2020-04-06T00:29:47.628Z,buy,1.381e-05,700.0,0.009667
ARN/BTC,1586132998212,2020-04-06T00:29:58.212Z,buy,1.381e-05,1556.0,0.02148836
ARN/BTC,1586133007940,2020-04-06T00:30:07.940Z,buy,1.381e-05,800.0,0.011048
ARN/BTC,1586133017643,2020-04-06T00:30:17.643Z,buy,1.381e-05,518.0,0.00715358
ARN/BTC,1586133028773,2020-04-06T00:30:28.773Z,buy,1.381e-05,1540.0,0.0212674
ARN/BTC,1586133043037,2020-04-06T00:30:43.037Z,buy,1.381e-05,1200.0,0.016572
ARN/BTC,1586133053139,2020-04-06T00:30:53.139Z,buy,1.381e-05,914.0,0.01262234
ARN/BTC,1586133062620,2020-04-06T00:31:02.620Z,buy,1.381e-05,766.0,0.01057846
ARN/BTC,1586133076880,2020-04-06T00:31:16.880Z,buy,1.381e-05,500.0,0.006905
ARN/BTC,1586133087557,2020-04-06T00:31:27.557Z,buy,1.381e-05,1270.0,0.0175387
ARN/BTC,1586133102772,2020-04-06T00:31:42.772Z,buy,1.381e-05,1500.0,0.020715
ARN/BTC,1586133113899,2020-04-06T00:31:53.899Z,buy,1.381e-05,650.0,0.0089765
ARN/BTC,1586133123761,2020-04-06T00:32:03.761Z,buy,1.381e-05,764.0,0.01055084
ARN/BTC,1586133135556,2020-04-06T00:32:15.556Z,buy,1.381e-05,1200.0,0.016572
ARN/BTC,1586133150196,2020-04-06T00:32:30.196Z,buy,1.381e-05,1000.0,0.01381
ARN/BTC,1586133163728,2020-04-06T00:32:43.728Z,buy,1.381e-05,1112.0,0.015356719999999999
ARN/BTC,1586133177971,2020-04-06T00:32:57.971Z,buy,1.381e-05,1081.0,0.01492861
ARN/BTC,1586133189478,2020-04-06T00:33:09.478Z,sell,1.381e-05,8.0,0.00011048
ARN/BTC,1586133189591,2020-04-06T00:33:09.591Z,buy,1.381e-05,892.0,0.01231852
ARN/BTC,1586133199292,2020-04-06T00:33:19.292Z,buy,1.381e-05,1600.0,0.022096
ARN/BTC,1586133210705,2020-04-06T00:33:30.705Z,buy,1.381e-05,700.0,0.009667
ARN/BTC,1586133219862,2020-04-06T00:33:39.862Z,buy,1.381e-05,1466.0,0.02024546
ARN/BTC,1586133230994,2020-04-06T00:33:50.994Z,buy,1.381e-05,732.0,0.01010892
ARN/BTC,1586133231143,2020-04-06T00:33:51.143Z,buy,1.381e-05,772.0,0.01066132
ARN/BTC,1586133241294,2020-04-06T00:34:01.294Z,buy,1.382e-05,1200.0,0.016584
ARN/BTC,1586133255808,2020-04-06T00:34:15.808Z,buy,1.382e-05,616.0,0.008513119999999999
ARN/BTC,1586133300771,2020-04-06T00:35:00.771Z,buy,1.382e-05,1100.0,0.015202
ARN/BTC,1586133339486,2020-04-06T00:35:39.486Z,buy,1.384e-05,14.0,0.00019376
ARN/BTC,1586133380367,2020-04-06T00:36:20.367Z,buy,1.382e-05,1000.0,0.013819999999999999
ARN/BTC,1586133396481,2020-04-06T00:36:36.481Z,buy,1.382e-05,1100.0,0.015202
ARN/BTC,1586133476190,2020-04-06T00:37:56.190Z,buy,1.382e-05,1222.0,0.01688804
ARN/BTC,1586133525396,2020-04-06T00:38:45.396Z,sell,1.379e-05,16.0,0.00022064
ARN/BTC,1586133525396,2020-04-06T00:38:45.396Z,sell,1.378e-05,1984.0,0.02733952
ARN/BTC,1586133553670,2020-04-06T00:39:13.670Z,buy,1.38e-05,10.0,0.000138
ARN/BTC,1586133553670,2020-04-06T00:39:13.670Z,buy,1.381e-05,1890.0,0.0261009
ARN/BTC,1586133570855,2020-04-06T00:39:30.855Z,buy,1.381e-05,1750.0,0.0241675
ARN/BTC,1586133587997,2020-04-06T00:39:47.997Z,buy,1.381e-05,926.0,0.01278806
ARN/BTC,1586133606287,2020-04-06T00:40:06.287Z,buy,1.38e-05,10.0,0.000138
ARN/BTC,1586133606287,2020-04-06T00:40:06.287Z,buy,1.381e-05,1090.0,0.0150529
ARN/BTC,1586133617142,2020-04-06T00:40:17.142Z,buy,1.381e-05,1684.0,0.02325604
ARN/BTC,1586133631485,2020-04-06T00:40:31.485Z,buy,1.381e-05,1438.0,0.01985878
ARN/BTC,1586133641768,2020-04-06T00:40:41.768Z,buy,1.381e-05,862.0,0.01190422
ARN/BTC,1586133652656,2020-04-06T00:40:52.656Z,buy,1.381e-05,1800.0,0.024857999999999998
ARN/BTC,1586133663860,2020-04-06T00:41:03.860Z,buy,1.381e-05,700.0,0.009667
ARN/BTC,1586133676577,2020-04-06T00:41:16.577Z,buy,1.381e-05,1448.0,0.01999688
ARN/BTC,1586133693267,2020-04-06T00:41:33.267Z,buy,1.381e-05,1114.0,0.01538434
ARN/BTC,1586133707038,2020-04-06T00:41:47.038Z,buy,1.381e-05,1000.0,0.01381
ARN/BTC,1586133713051,2020-04-06T00:41:53.051Z,sell,1.378e-05,10.0,0.0001378
ARN/BTC,1586133713051,2020-04-06T00:41:53.051Z,sell,1.377e-05,1990.0,0.0274023
ARN/BTC,1586133716292,2020-04-06T00:41:56.292Z,buy,1.381e-05,1234.0,0.01704154
ARN/BTC,1586133730061,2020-04-06T00:42:10.061Z,buy,1.381e-05,800.0,0.011048
ARN/BTC,1586133743354,2020-04-06T00:42:23.354Z,buy,1.381e-05,1400.0,0.019334
ARN/BTC,1586133758184,2020-04-06T00:42:38.184Z,buy,1.381e-05,862.0,0.01190422
ARN/BTC,1586133767816,2020-04-06T00:42:47.816Z,buy,1.381e-05,704.0,0.00972224
ARN/BTC,1586133779216,2020-04-06T00:42:59.216Z,buy,1.381e-05,1564.0,0.02159884
ARN/BTC,1586133793350,2020-04-06T00:43:13.350Z,buy,1.381e-05,1100.0,0.015191
ARN/BTC,1586133803646,2020-04-06T00:43:23.646Z,buy,1.381e-05,1774.0,0.02449894
ARN/BTC,1586133805882,2020-04-06T00:43:25.882Z,sell,1.383e-05,24.0,0.00033192
ARN/BTC,1586133818952,2020-04-06T00:43:38.952Z,buy,1.381e-05,1138.0,0.01571578
ARN/BTC,1586133829209,2020-04-06T00:43:49.209Z,buy,1.381e-05,500.0,0.006905
ARN/BTC,1586133839349,2020-04-06T00:43:59.349Z,buy,1.381e-05,1622.0,0.02239982
ARN/BTC,1586133849009,2020-04-06T00:44:09.009Z,buy,1.381e-05,1670.0,0.0230627
ARN/BTC,1586133857811,2020-04-06T00:44:17.811Z,buy,1.381e-05,932.0,0.01287092
ARN/BTC,1586133867975,2020-04-06T00:44:27.975Z,buy,1.381e-05,775.0,0.01070275
ARN/BTC,1586133878367,2020-04-06T00:44:38.367Z,buy,1.381e-05,1706.0,0.02355986
ARN/BTC,1586133894136,2020-04-06T00:44:54.136Z,buy,1.381e-05,1027.0,0.01418287
ARN/BTC,1586133906122,2020-04-06T00:45:06.122Z,buy,1.381e-05,634.0,0.00875554
ARN/BTC,1586133915805,2020-04-06T00:45:15.805Z,buy,1.381e-05,788.0,0.01088228
ARN/BTC,1586133926460,2020-04-06T00:45:26.460Z,buy,1.381e-05,958.0,0.01322998
ARN/BTC,1586133941575,2020-04-06T00:45:41.575Z,buy,1.381e-05,1318.0,0.01820158
ARN/BTC,1586133954429,2020-04-06T00:45:54.429Z,buy,1.381e-05,1400.0,0.019334
ARN/BTC,1586133964030,2020-04-06T00:46:04.030Z,buy,1.381e-05,1400.0,0.019334
ARN/BTC,1586133973159,2020-04-06T00:46:13.159Z,buy,1.381e-05,1700.0,0.023477
ARN/BTC,1586133985552,2020-04-06T00:46:25.552Z,buy,1.381e-05,1500.0,0.020715
ARN/BTC,1586134000252,2020-04-06T00:46:40.252Z,buy,1.381e-05,1900.0,0.026239
ARN/BTC,1586134013524,2020-04-06T00:46:53.524Z,buy,1.381e-05,1000.0,0.01381
ARN/BTC,1586134027232,2020-04-06T00:47:07.232Z,buy,1.381e-05,610.0,0.0084241
ARN/BTC,1586134038793,2020-04-06T00:47:18.793Z,buy,1.381e-05,860.0,0.0118766
ARN/BTC,1586134051988,2020-04-06T00:47:31.988Z,buy,1.381e-05,1732.0,0.02391892
ARN/BTC,1586134063723,2020-04-06T00:47:43.723Z,buy,1.381e-05,1346.0,0.01858826
ARN/BTC,1586134074425,2020-04-06T00:47:54.425Z,buy,1.381e-05,1280.0,0.0176768
ARN/BTC,1586134086567,2020-04-06T00:48:06.567Z,buy,1.381e-05,1456.0,0.02010736
ARN/BTC,1586134099317,2020-04-06T00:48:19.317Z,buy,1.381e-05,1898.0,0.02621138
ARN/BTC,1586134110083,2020-04-06T00:48:30.083Z,buy,1.381e-05,689.0,0.00951509
ARN/BTC,1586134119813,2020-04-06T00:48:39.813Z,sell,1.378e-05,8.0,0.00011024
ARN/BTC,1586134119813,2020-04-06T00:48:39.813Z,sell,1.377e-05,1611.0,0.02218347
ARN/BTC,1586134119813,2020-04-06T00:48:39.813Z,sell,1.376e-05,381.0,0.00524256
ARN/BTC,1586134122488,2020-04-06T00:48:42.488Z,buy,1.38e-05,1193.0,0.0164634
ARN/BTC,1586134133317,2020-04-06T00:48:53.317Z,buy,1.381e-05,900.0,0.012428999999999999
ARN/BTC,1586134147108,2020-04-06T00:49:07.108Z,buy,1.381e-05,1280.0,0.0176768
ARN/BTC,1586134159459,2020-04-06T00:49:19.459Z,buy,1.381e-05,1345.0,0.01857445
ARN/BTC,1586134169700,2020-04-06T00:49:29.700Z,buy,1.381e-05,1889.0,0.02608709
ARN/BTC,1586134182940,2020-04-06T00:49:42.940Z,buy,1.381e-05,1940.0,0.0267914
ARN/BTC,1586134193592,2020-04-06T00:49:53.592Z,buy,1.381e-05,685.0,0.00945985
ARN/BTC,1586134205364,2020-04-06T00:50:05.364Z,buy,1.381e-05,1477.0,0.02039737
ARN/BTC,1586134214686,2020-04-06T00:50:14.686Z,buy,1.381e-05,1123.0,0.01550863
ARN/BTC,1586134224493,2020-04-06T00:50:24.493Z,buy,1.381e-05,1733.0,0.02393273
ARN/BTC,1586134234719,2020-04-06T00:50:34.719Z,buy,1.381e-05,1817.0,0.02509277
ARN/BTC,1586134244338,2020-04-06T00:50:44.338Z,buy,1.381e-05,785.0,0.010840849999999999
ARN/BTC,1586134256168,2020-04-06T00:50:56.168Z,buy,1.381e-05,1652.0,0.02281412
ARN/BTC,1586134269003,2020-04-06T00:51:09.003Z,buy,1.381e-05,1600.0,0.022096
ARN/BTC,1586134281156,2020-04-06T00:51:21.156Z,buy,1.381e-05,1072.0,0.01480432
ARN/BTC,1586134294449,2020-04-06T00:51:34.449Z,buy,1.381e-05,1500.0,0.020715
ARN/BTC,1586134305644,2020-04-06T00:51:45.644Z,buy,1.381e-05,1000.0,0.01381
ARN/BTC,1586134314914,2020-04-06T00:51:54.914Z,buy,1.381e-05,1171.0,0.01617151
ARN/BTC,1586134324129,2020-04-06T00:52:04.129Z,buy,1.381e-05,1961.0,0.02708141
ARN/BTC,1586134334801,2020-04-06T00:52:14.801Z,buy,1.381e-05,1477.0,0.02039737
ARN/BTC,1586134348057,2020-04-06T00:52:28.057Z,buy,1.381e-05,1283.0,0.01771823
ARN/BTC,1586134357761,2020-04-06T00:52:37.761Z,buy,1.381e-05,700.0,0.009667
ARN/BTC,1586134366562,2020-04-06T00:52:46.562Z,buy,1.381e-05,500.0,0.006905
ARN/BTC,1586134375855,2020-04-06T00:52:55.855Z,buy,1.381e-05,1600.0,0.022096
ARN/BTC,1586134387934,2020-04-06T00:53:07.934Z,buy,1.381e-05,1988.0,0.02745428
ARN/BTC,1586134401177,2020-04-06T00:53:21.177Z,buy,1.381e-05,899.0,0.01241519
ARN/BTC,1586134410985,2020-04-06T00:53:30.985Z,buy,1.381e-05,1733.0,0.02393273
ARN/BTC,1586134424280,2020-04-06T00:53:44.280Z,buy,1.381e-05,1300.0,0.017953
ARN/BTC,1586134441540,2020-04-06T00:54:01.540Z,buy,1.381e-05,600.0,0.008286
ARN/BTC,1586134450095,2020-04-06T00:54:10.095Z,buy,1.381e-05,1900.0,0.026239
ARN/BTC,1586134459345,2020-04-06T00:54:19.345Z,buy,1.381e-05,1975.0,0.02727475
ARN/BTC,1586134471897,2020-04-06T00:54:31.897Z,buy,1.381e-05,24.0,0.00033144
ARN/BTC,1586134472607,2020-04-06T00:54:32.607Z,buy,1.381e-05,1076.0,0.014859559999999999
ARN/BTC,1586134484349,2020-04-06T00:54:44.349Z,buy,1.381e-05,1942.0,0.02681902
ARN/BTC,1586134493589,2020-04-06T00:54:53.589Z,buy,1.381e-05,1396.0,0.01927876
ARN/BTC,1586134505762,2020-04-06T00:55:05.762Z,buy,1.381e-05,700.0,0.009667
ARN/BTC,1586134520525,2020-04-06T00:55:20.525Z,buy,1.381e-05,1100.0,0.015191
ARN/BTC,1586134534674,2020-04-06T00:55:34.674Z,buy,1.381e-05,1504.0,0.02077024
ARN/BTC,1586134552835,2020-04-06T00:55:52.835Z,buy,1.381e-05,901.0,0.01244281
ARN/BTC,1586134566587,2020-04-06T00:56:06.587Z,buy,1.381e-05,643.0,0.00887983
ARN/BTC,1586134577766,2020-04-06T00:56:17.766Z,buy,1.381e-05,1043.0,0.01440383
ARN/BTC,1586134587007,2020-04-06T00:56:27.007Z,buy,1.381e-05,1000.0,0.01381
ARN/BTC,1586134598311,2020-04-06T00:56:38.311Z,buy,1.381e-05,1724.0,0.02380844
ARN/BTC,1586134607997,2020-04-06T00:56:47.997Z,buy,1.381e-05,608.0,0.00839648
ARN/BTC,1586134619289,2020-04-06T00:56:59.289Z,buy,1.381e-05,1253.0,0.01730393
ARN/BTC,1586134633636,2020-04-06T00:57:13.636Z,buy,1.381e-05,1091.0,0.01506671
ARN/BTC,1586134645350,2020-04-06T00:57:25.350Z,buy,1.38e-05,1438.0,0.0198444
ARN/BTC,1586134657673,2020-04-06T00:57:37.673Z,buy,1.38e-05,1709.0,0.0235842
ARN/BTC,1586134672042,2020-04-06T00:57:52.042Z,buy,1.38e-05,1427.0,0.0196926
ARN/BTC,1586134686755,2020-04-06T00:58:06.755Z,buy,1.38e-05,500.0,0.0069
ARN/BTC,1586134703602,2020-04-06T00:58:23.602Z,buy,1.38e-05,848.0,0.0117024
ARN/BTC,1586134717378,2020-04-06T00:58:37.378Z,buy,1.38e-05,1100.0,0.01518
ARN/BTC,1586134728510,2020-04-06T00:58:48.510Z,buy,1.38e-05,995.0,0.013731
ARN/BTC,1586134742242,2020-04-06T00:59:02.242Z,buy,1.38e-05,1849.0,0.0255162
ARN/BTC,1586134756252,2020-04-06T00:59:16.252Z,buy,1.38e-05,868.0,0.0119784
ARN/BTC,1586134768983,2020-04-06T00:59:28.983Z,buy,1.38e-05,500.0,0.0069
ARN/BTC,1586134780727,2020-04-06T00:59:40.727Z,buy,1.38e-05,610.0,0.008418
ARN/BTC,1586134793000,2020-04-06T00:59:53.000Z,buy,1.38e-05,701.0,0.0096738
ARN/BTC,1586134805821,2020-04-06T01:00:05.821Z,buy,1.38e-05,1000.0,0.0138
ARN/BTC,1586134820272,2020-04-06T01:00:20.272Z,buy,1.381e-05,1321.0,0.01824301
ARN/BTC,1586134831137,2020-04-06T01:00:31.137Z,buy,1.381e-05,1300.0,0.017953
ARN/BTC,1586134845057,2020-04-06T01:00:45.057Z,sell,1.377e-05,11.0,0.00015147
ARN/BTC,1586134845057,2020-04-06T01:00:45.057Z,sell,1.376e-05,1989.0,0.02736864
ARN/BTC,1586134846956,2020-04-06T01:00:46.956Z,buy,1.38e-05,1570.0,0.021666
ARN/BTC,1586134858450,2020-04-06T01:00:58.450Z,buy,1.38e-05,1285.0,0.017733
ARN/BTC,1586134870293,2020-04-06T01:01:10.293Z,buy,1.381e-05,1529.0,0.02111549
ARN/BTC,1586134881555,2020-04-06T01:01:21.555Z,buy,1.381e-05,622.0,0.00858982
ARN/BTC,1586134889403,2020-04-06T01:01:29.403Z,buy,1.38e-05,1705.0,0.023529
ARN/BTC,1586134903105,2020-04-06T01:01:43.105Z,buy,1.381e-05,1300.0,0.017953
ARN/BTC,1586134913677,2020-04-06T01:01:53.677Z,buy,1.381e-05,1952.0,0.02695712
ARN/BTC,1586134925018,2020-04-06T01:02:05.018Z,buy,1.381e-05,733.0,0.01012273
ARN/BTC,1586134934363,2020-04-06T01:02:14.363Z,buy,1.38e-05,539.0,0.0074382
ARN/BTC,1586134945672,2020-04-06T01:02:25.672Z,buy,1.381e-05,677.0,0.00934937
ARN/BTC,1586134953648,2020-04-06T01:02:33.648Z,buy,1.381e-05,935.0,0.01291235
ARN/BTC,1586134966330,2020-04-06T01:02:46.330Z,buy,1.381e-05,934.0,0.01289854
ARN/BTC,1586134979448,2020-04-06T01:02:59.448Z,buy,1.381e-05,961.0,0.013271409999999999
ARN/BTC,1586134989721,2020-04-06T01:03:09.721Z,buy,1.38e-05,700.0,0.00966
ARN/BTC,1586135001432,2020-04-06T01:03:21.432Z,buy,1.381e-05,977.0,0.01349237
ARN/BTC,1586135012183,2020-04-06T01:03:32.183Z,buy,1.381e-05,1200.0,0.016572
ARN/BTC,1586135022398,2020-04-06T01:03:42.398Z,buy,1.381e-05,1900.0,0.026239
ARN/BTC,1586135034470,2020-04-06T01:03:54.470Z,buy,1.381e-05,1900.0,0.026239
ARN/BTC,1586135043797,2020-04-06T01:04:03.797Z,buy,1.381e-05,1300.0,0.017953
ARN/BTC,1586135056870,2020-04-06T01:04:16.870Z,buy,1.381e-05,1400.0,0.019334
ARN/BTC,1586135067136,2020-04-06T01:04:27.136Z,buy,1.38e-05,1800.0,0.02484
ARN/BTC,1586135074880,2020-04-06T01:04:34.880Z,buy,1.381e-05,1246.0,0.01720726
ARN/BTC,1586135088170,2020-04-06T01:04:48.170Z,buy,1.381e-05,1096.0,0.01513576
ARN/BTC,1586135103443,2020-04-06T01:05:03.443Z,buy,1.381e-05,1658.0,0.02289698
ARN/BTC,1586135114234,2020-04-06T01:05:14.234Z,buy,1.381e-05,1402.0,0.01936162
ARN/BTC,1586135128320,2020-04-06T01:05:28.320Z,buy,1.381e-05,694.0,0.00958414
ARN/BTC,1586135140069,2020-04-06T01:05:40.069Z,buy,1.381e-05,500.0,0.006905
ARN/BTC,1586135148878,2020-04-06T01:05:48.878Z,buy,1.381e-05,598.0,0.00825838
ARN/BTC,1586135159170,2020-04-06T01:05:59.170Z,buy,1.381e-05,1585.0,0.02188885
ARN/BTC,1586135167888,2020-04-06T01:06:07.888Z,buy,1.381e-05,1300.0,0.017953
ARN/BTC,1586135181608,2020-04-06T01:06:21.608Z,buy,1.381e-05,1700.0,0.023477
ARN/BTC,1586135191262,2020-04-06T01:06:31.262Z,buy,1.381e-05,976.0,0.01347856
ARN/BTC,1586135203483,2020-04-06T01:06:43.483Z,buy,1.381e-05,1466.0,0.02024546
ARN/BTC,1586135214055,2020-04-06T01:06:54.055Z,buy,1.381e-05,600.0,0.008286
ARN/BTC,1586135224281,2020-04-06T01:07:04.281Z,buy,1.381e-05,1874.0,0.02587994
ARN/BTC,1586135241501,2020-04-06T01:07:21.501Z,buy,1.381e-05,1037.0,0.01432097
ARN/BTC,1586135252664,2020-04-06T01:07:32.664Z,buy,1.381e-05,866.0,0.01195946
ARN/BTC,1586135261814,2020-04-06T01:07:41.814Z,buy,1.381e-05,1600.0,0.022096
ARN/BTC,1586135275576,2020-04-06T01:07:55.576Z,buy,1.381e-05,1892.0,0.02612852
ARN/BTC,1586135288427,2020-04-06T01:08:08.427Z,buy,1.381e-05,1799.0,0.02484419
ARN/BTC,1586135300031,2020-04-06T01:08:20.031Z,buy,1.381e-05,1200.0,0.016572
ARN/BTC,1586135308790,2020-04-06T01:08:28.790Z,buy,1.381e-05,1171.0,0.01617151
ARN/BTC,1586135317521,2020-04-06T01:08:37.521Z,buy,1.381e-05,1573.0,0.02172313
ARN/BTC,1586135325842,2020-04-06T01:08:45.842Z,buy,1.381e-05,1369.0,0.01890589
ARN/BTC,1586135337625,2020-04-06T01:08:57.625Z,buy,1.381e-05,563.0,0.00777503
ARN/BTC,1586135351726,2020-04-06T01:09:11.726Z,buy,1.381e-05,1106.0,0.01527386
ARN/BTC,1586135365971,2020-04-06T01:09:25.971Z,buy,1.381e-05,635.0,0.00876935
ARN/BTC,1586135377099,2020-04-06T01:09:37.099Z,buy,1.381e-05,1457.0,0.02012117
ARN/BTC,1586135387756,2020-04-06T01:09:47.756Z,buy,1.381e-05,900.0,0.012428999999999999
ARN/BTC,1586135400532,2020-04-06T01:10:00.532Z,buy,1.381e-05,1166.0,0.01610246
ARN/BTC,1586135411130,2020-04-06T01:10:11.130Z,buy,1.381e-05,700.0,0.009667
ARN/BTC,1586135421876,2020-04-06T01:10:21.876Z,buy,1.38e-05,1993.0,0.0275034
ARN/BTC,1586135431393,2020-04-06T01:10:31.393Z,buy,1.38e-05,1469.0,0.0202722
ARN/BTC,1586135441092,2020-04-06T01:10:41.092Z,buy,1.38e-05,806.0,0.0111228
ARN/BTC,1586135453338,2020-04-06T01:10:53.338Z,buy,1.38e-05,1840.0,0.025392
ARN/BTC,1586135464603,2020-04-06T01:11:04.603Z,buy,1.38e-05,1800.0,0.02484
ARN/BTC,1586135471995,2020-04-06T01:11:11.995Z,buy,1.38e-05,1000.0,0.0138
ARN/BTC,1586135482176,2020-04-06T01:11:22.176Z,buy,1.38e-05,1004.0,0.0138552
ARN/BTC,1586135496878,2020-04-06T01:11:36.878Z,buy,1.38e-05,1988.0,0.0274344
ARN/BTC,1586135508645,2020-04-06T01:11:48.645Z,buy,1.38e-05,1001.0,0.0138138
ARN/BTC,1586135517839,2020-04-06T01:11:57.839Z,buy,1.38e-05,700.0,0.00966
ARN/BTC,1586135529927,2020-04-06T01:12:09.927Z,buy,1.38e-05,850.0,0.01173
ARN/BTC,1586135539653,2020-04-06T01:12:19.653Z,buy,1.38e-05,1300.0,0.01794
ARN/BTC,1586136168988,2020-04-06T01:22:48.988Z,sell,1.38e-05,193.0,0.0026634
ARN/BTC,1586136188828,2020-04-06T01:23:08.828Z,buy,1.379e-05,18.0,0.00024822
ARN/BTC,1586136188828,2020-04-06T01:23:08.828Z,buy,1.38e-05,1309.0,0.0180642
ARN/BTC,1586136188841,2020-04-06T01:23:08.841Z,buy,1.38e-05,18.0,0.0002484
ARN/BTC,1586136198970,2020-04-06T01:23:18.970Z,buy,1.381e-05,1226.0,0.01693106
ARN/BTC,1586136209092,2020-04-06T01:23:29.092Z,buy,1.38e-05,1729.0,0.0238602
ARN/BTC,1586136215055,2020-04-06T01:23:35.055Z,buy,1.38e-05,1900.0,0.02622
ARN/BTC,1586136226226,2020-04-06T01:23:46.226Z,buy,1.381e-05,1200.0,0.016572
ARN/BTC,1586136239389,2020-04-06T01:23:59.389Z,buy,1.38e-05,175.0,0.002415
ARN/BTC,1586136239421,2020-04-06T01:23:59.421Z,buy,1.38e-05,1225.0,0.016905
ARN/BTC,1586136249063,2020-04-06T01:24:09.063Z,buy,1.38e-05,1100.0,0.01518
ARN/BTC,1586136259887,2020-04-06T01:24:19.887Z,buy,1.38e-05,1856.0,0.0256128
ARN/BTC,1586136274400,2020-04-06T01:24:34.400Z,buy,1.38e-05,1226.0,0.0169188
ARN/BTC,1586136285144,2020-04-06T01:24:45.144Z,buy,1.38e-05,1200.0,0.01656
ARN/BTC,1586136295170,2020-04-06T01:24:55.170Z,buy,1.381e-05,1714.0,0.02367034
ARN/BTC,1586136306679,2020-04-06T01:25:06.679Z,buy,1.38e-05,1736.0,0.0239568
ARN/BTC,1586136322899,2020-04-06T01:25:22.899Z,buy,1.381e-05,1192.0,0.01646152
ARN/BTC,1586136337698,2020-04-06T01:25:37.698Z,buy,1.381e-05,1118.0,0.01543958
ARN/BTC,1586136337698,2020-04-06T01:25:37.698Z,buy,1.381e-05,1118.0,0.01543958
ARN/BTC,1586136667277,2020-04-06T01:31:07.277Z,buy,1.384e-05,78.0,0.00107952
ARN/BTC,1586136667294,2020-04-06T01:31:07.294Z,sell,1.384e-05,428.0,0.00592352
ARN/BTC,1586136683782,2020-04-06T01:31:23.782Z,buy,1.383e-05,1288.0,0.01781304
ARN/BTC,1586136692625,2020-04-06T01:31:32.625Z,buy,1.383e-05,900.0,0.012447
ARN/BTC,1586136704818,2020-04-06T01:31:44.818Z,buy,1.383e-05,1876.0,0.02594508
ARN/BTC,1586136718513,2020-04-06T01:31:58.513Z,buy,1.383e-05,730.0,0.0100959
ARN/BTC,1586136729772,2020-04-06T01:32:09.772Z,buy,1.383e-05,1964.0,0.027162119999999998
ARN/BTC,1586136743547,2020-04-06T01:32:23.547Z,buy,1.383e-05,544.0,0.00752352
ARN/BTC,1586136754719,2020-04-06T01:32:34.719Z,buy,1.383e-05,1010.0,0.0139683
ARN/BTC,1586137112896,2020-04-06T01:38:32.896Z,buy,1.383e-05,13.0,0.00017978999999999998
ARN/BTC,1586137112911,2020-04-06T01:38:32.911Z,sell,1.383e-05,385.0,0.00532455
ARN/BTC,1586137617317,2020-04-06T01:46:57.317Z,sell,1.381e-05,15.0,0.00020715
ARN/BTC,1586137617317,2020-04-06T01:46:57.317Z,sell,1.38e-05,34.0,0.0004692
ARN/BTC,1586137617317,2020-04-06T01:46:57.317Z,sell,1.379e-05,199.0,0.00274421
ARN/BTC,1586137617317,2020-04-06T01:46:57.317Z,sell,1.377e-05,258.0,0.00355266
ARN/BTC,1586137619912,2020-04-06T01:46:59.912Z,buy,1.381e-05,848.0,0.01171088
ARN/BTC,1586137629617,2020-04-06T01:47:09.617Z,buy,1.381e-05,1093.0,0.01509433
ARN/BTC,1586137638888,2020-04-06T01:47:18.888Z,buy,1.381e-05,1420.0,0.0196102
ARN/BTC,1586137651570,2020-04-06T01:47:31.570Z,buy,1.38e-05,1500.0,0.0207
ARN/BTC,1586137663408,2020-04-06T01:47:43.408Z,buy,1.381e-05,1200.0,0.016572
ARN/BTC,1586137671712,2020-04-06T01:47:51.712Z,buy,1.381e-05,1874.0,0.02587994
ARN/BTC,1586137680980,2020-04-06T01:48:00.980Z,buy,1.381e-05,1276.0,0.01762156
ARN/BTC,1586137696207,2020-04-06T01:48:16.207Z,buy,1.381e-05,600.0,0.008286
ARN/BTC,1586137706979,2020-04-06T01:48:26.979Z,buy,1.381e-05,1634.0,0.02256554
ARN/BTC,1586137714641,2020-04-06T01:48:34.641Z,buy,1.381e-05,886.0,0.01223566
ARN/BTC,1586137722489,2020-04-06T01:48:42.489Z,buy,1.381e-05,946.0,0.01306426
ARN/BTC,1586137739095,2020-04-06T01:48:59.095Z,buy,1.381e-05,1500.0,0.020715
ARN/BTC,1586137751702,2020-04-06T01:49:11.702Z,buy,1.381e-05,1100.0,0.015191
ARN/BTC,1586137761279,2020-04-06T01:49:21.279Z,buy,1.381e-05,814.0,0.01124134
ARN/BTC,1586137774531,2020-04-06T01:49:34.531Z,buy,1.381e-05,1900.0,0.026239
ARN/BTC,1586137784200,2020-04-06T01:49:44.200Z,buy,1.381e-05,1000.0,0.01381
ARN/BTC,1586137795361,2020-04-06T01:49:55.361Z,buy,1.381e-05,700.0,0.009667
ARN/BTC,1586137802308,2020-04-06T01:50:02.308Z,buy,1.381e-05,1400.0,0.019334
ARN/BTC,1586137811095,2020-04-06T01:50:11.095Z,buy,1.381e-05,1100.0,0.015191
ARN/BTC,1586137818839,2020-04-06T01:50:18.839Z,buy,1.381e-05,1747.0,0.02412607
ARN/BTC,1586137831075,2020-04-06T01:50:31.075Z,buy,1.381e-05,1639.0,0.02263459
ARN/BTC,1586137842224,2020-04-06T01:50:42.224Z,buy,1.381e-05,832.0,0.01148992
ARN/BTC,1586137856033,2020-04-06T01:50:56.033Z,buy,1.381e-05,896.0,0.01237376
ARN/BTC,1586137865791,2020-04-06T01:51:05.791Z,buy,1.381e-05,1736.0,0.02397416
ARN/BTC,1586137877478,2020-04-06T01:51:17.478Z,buy,1.381e-05,1800.0,0.024857999999999998
ARN/BTC,1586137887287,2020-04-06T01:51:27.287Z,buy,1.381e-05,1871.0,0.02583851
ARN/BTC,1586137896460,2020-04-06T01:51:36.460Z,buy,1.381e-05,1900.0,0.026239
ARN/BTC,1586137911337,2020-04-06T01:51:51.337Z,buy,1.381e-05,1900.0,0.026239
ARN/BTC,1586137923451,2020-04-06T01:52:03.451Z,buy,1.381e-05,655.0,0.00904555
ARN/BTC,1586137933784,2020-04-06T01:52:13.784Z,buy,1.381e-05,1400.0,0.019334
ARN/BTC,1586137943924,2020-04-06T01:52:23.924Z,buy,1.381e-05,1800.0,0.024857999999999998
ARN/BTC,1586137955130,2020-04-06T01:52:35.130Z,buy,1.381e-05,1400.0,0.019334
ARN/BTC,1586137964366,2020-04-06T01:52:44.366Z,buy,1.381e-05,1747.0,0.02412607
ARN/BTC,1586137977781,2020-04-06T01:52:57.781Z,buy,1.381e-05,1840.0,0.0254104
ARN/BTC,1586137990053,2020-04-06T01:53:10.053Z,buy,1.381e-05,1501.0,0.02072881
ARN/BTC,1586137998452,2020-04-06T01:53:18.452Z,buy,1.381e-05,1060.0,0.0146386
ARN/BTC,1586138012652,2020-04-06T01:53:32.652Z,buy,1.381e-05,539.0,0.00744359
ARN/BTC,1586138021980,2020-04-06T01:53:41.980Z,buy,1.381e-05,1957.0,0.02702617
ARN/BTC,1586138033212,2020-04-06T01:53:53.212Z,buy,1.381e-05,1486.0,0.02052166
ARN/BTC,1586138044993,2020-04-06T01:54:04.993Z,buy,1.381e-05,800.0,0.011048
ARN/BTC,1586138056300,2020-04-06T01:54:16.300Z,buy,1.381e-05,1667.0,0.02302127
ARN/BTC,1586138070084,2020-04-06T01:54:30.084Z,buy,1.381e-05,878.0,0.01212518
ARN/BTC,1586138080196,2020-04-06T01:54:40.196Z,buy,1.381e-05,1738.0,0.02400178
ARN/BTC,1586138091340,2020-04-06T01:54:51.340Z,buy,1.381e-05,1297.0,0.017911569999999998
ARN/BTC,1586138100577,2020-04-06T01:55:00.577Z,buy,1.381e-05,500.0,0.006905
ARN/BTC,1586138112326,2020-04-06T01:55:12.326Z,buy,1.381e-05,1157.0,0.01597817
ARN/BTC,1586138120273,2020-04-06T01:55:20.273Z,buy,1.381e-05,1200.0,0.016572
ARN/BTC,1586138131091,2020-04-06T01:55:31.091Z,buy,1.381e-05,1243.0,0.01716583
ARN/BTC,1586138141340,2020-04-06T01:55:41.340Z,buy,1.381e-05,1351.0,0.01865731
ARN/BTC,1586138157065,2020-04-06T01:55:57.065Z,buy,1.381e-05,1234.0,0.01704154
ARN/BTC,1586138163732,2020-04-06T01:56:03.732Z,sell,1.377e-05,14.0,0.00019278
ARN/BTC,1586138167394,2020-04-06T01:56:07.394Z,buy,1.381e-05,600.0,0.008286
ARN/BTC,1586138176992,2020-04-06T01:56:16.992Z,buy,1.381e-05,583.0,0.00805123
ARN/BTC,1586138188639,2020-04-06T01:56:28.639Z,buy,1.381e-05,1900.0,0.026239
ARN/BTC,1586138201983,2020-04-06T01:56:41.983Z,buy,1.381e-05,1265.0,0.01746965
ARN/BTC,1586138208970,2020-04-06T01:56:48.970Z,buy,1.381e-05,1628.0,0.02248268
ARN/BTC,1586138223219,2020-04-06T01:57:03.219Z,buy,1.381e-05,1000.0,0.01381
ARN/BTC,1586138231618,2020-04-06T01:57:11.618Z,buy,1.381e-05,1279.0,0.01766299
ARN/BTC,1586138240392,2020-04-06T01:57:20.392Z,buy,1.381e-05,1562.0,0.02157122
ARN/BTC,1586138252013,2020-04-06T01:57:32.013Z,buy,1.381e-05,1553.0,0.02144693
ARN/BTC,1586138266327,2020-04-06T01:57:46.327Z,buy,1.381e-05,586.0,0.00809266
ARN/BTC,1586138277071,2020-04-06T01:57:57.071Z,buy,1.381e-05,1487.0,0.02053547
ARN/BTC,1586138285407,2020-04-06T01:58:05.407Z,buy,1.381e-05,1741.0,0.02404321
ARN/BTC,1586138293381,2020-04-06T01:58:13.381Z,buy,1.381e-05,1051.0,0.01451431
ARN/BTC,1586138306195,2020-04-06T01:58:26.195Z,buy,1.381e-05,1300.0,0.017953
ARN/BTC,1586138320366,2020-04-06T01:58:40.366Z,buy,1.381e-05,1000.0,0.01381
ARN/BTC,1586138332637,2020-04-06T01:58:52.637Z,buy,1.381e-05,1500.0,0.020715
ARN/BTC,1586138341787,2020-04-06T01:59:01.787Z,buy,1.381e-05,1500.0,0.020715
ARN/BTC,1586138352488,2020-04-06T01:59:12.488Z,buy,1.381e-05,1200.0,0.016572
ARN/BTC,1586138362222,2020-04-06T01:59:22.222Z,buy,1.381e-05,1343.0,0.01854683
ARN/BTC,1586138371868,2020-04-06T01:59:31.868Z,buy,1.381e-05,1200.0,0.016572
ARN/BTC,1586138384131,2020-04-06T01:59:44.131Z,buy,1.381e-05,820.0,0.0113242
ARN/BTC,1586138395850,2020-04-06T01:59:55.850Z,buy,1.381e-05,1822.0,0.02516182
ARN/BTC,1586138410047,2020-04-06T02:00:10.047Z,buy,1.381e-05,1816.0,0.02507896
ARN/BTC,1586138421263,2020-04-06T02:00:21.263Z,buy,1.381e-05,1000.0,0.01381
ARN/BTC,1586138424821,2020-04-06T02:00:24.821Z,buy,1.384e-05,2.0,2.768e-05
ARN/BTC,1586138435950,2020-04-06T02:00:35.950Z,buy,1.381e-05,1676.0,0.02314556
ARN/BTC,1586138446594,2020-04-06T02:00:46.594Z,buy,1.381e-05,1166.0,0.01610246
ARN/BTC,1586138460847,2020-04-06T02:01:00.847Z,buy,1.381e-05,1800.0,0.024857999999999998
ARN/BTC,1586138473038,2020-04-06T02:01:13.038Z,buy,1.381e-05,802.0,0.01107562
ARN/BTC,1586138484239,2020-04-06T02:01:24.239Z,buy,1.38e-05,595.0,0.008211
ARN/BTC,1586138493470,2020-04-06T02:01:33.470Z,buy,1.381e-05,1880.0,0.0259628
ARN/BTC,1586138501773,2020-04-06T02:01:41.773Z,buy,1.381e-05,500.0,0.006905
ARN/BTC,1586138514411,2020-04-06T02:01:54.411Z,buy,1.381e-05,1691.0,0.02335271
ARN/BTC,1586138524079,2020-04-06T02:02:04.079Z,buy,1.381e-05,917.0,0.01266377
ARN/BTC,1586138534818,2020-04-06T02:02:14.818Z,buy,1.381e-05,871.0,0.01202851
ARN/BTC,1586138548020,2020-04-06T02:02:28.020Z,buy,1.381e-05,1000.0,0.01381
ARN/BTC,1586138555260,2020-04-06T02:02:35.260Z,buy,1.381e-05,775.0,0.01070275
ARN/BTC,1586138569458,2020-04-06T02:02:49.458Z,buy,1.381e-05,1529.0,0.02111549
ARN/BTC,1586138579594,2020-04-06T02:02:59.594Z,buy,1.381e-05,800.0,0.011048
ARN/BTC,1586138589405,2020-04-06T02:03:09.405Z,buy,1.381e-05,707.0,0.00976367
ARN/BTC,1586138598559,2020-04-06T02:03:18.559Z,buy,1.381e-05,500.0,0.006905
ARN/BTC,1586138612839,2020-04-06T02:03:32.839Z,buy,1.381e-05,1800.0,0.024857999999999998
ARN/BTC,1586138624984,2020-04-06T02:03:44.984Z,buy,1.381e-05,1987.0,0.02744047
ARN/BTC,1586138634616,2020-04-06T02:03:54.616Z,buy,1.381e-05,1447.0,0.01998307
ARN/BTC,1586138644364,2020-04-06T02:04:04.364Z,buy,1.381e-05,761.0,0.01050941
ARN/BTC,1586138660669,2020-04-06T02:04:20.669Z,buy,1.381e-05,900.0,0.012428999999999999
ARN/BTC,1586138673314,2020-04-06T02:04:33.314Z,buy,1.381e-05,1060.0,0.0146386
ARN/BTC,1586138682571,2020-04-06T02:04:42.571Z,buy,1.381e-05,1298.0,0.01792538
ARN/BTC,1586138696940,2020-04-06T02:04:56.940Z,buy,1.381e-05,808.0,0.01115848
ARN/BTC,1586138708170,2020-04-06T02:05:08.170Z,buy,1.381e-05,926.0,0.01278806
ARN/BTC,1586138723433,2020-04-06T02:05:23.433Z,buy,1.381e-05,1800.0,0.024857999999999998
ARN/BTC,1586138733738,2020-04-06T02:05:33.738Z,buy,1.381e-05,1852.0,0.02557612
ARN/BTC,1586138749144,2020-04-06T02:05:49.144Z,buy,1.381e-05,1400.0,0.019334
ARN/BTC,1586138760375,2020-04-06T02:06:00.375Z,buy,1.381e-05,755.0,0.01042655
ARN/BTC,1586138771968,2020-04-06T02:06:11.968Z,buy,1.381e-05,1714.0,0.02367034
ARN/BTC,1586138781619,2020-04-06T02:06:21.619Z,buy,1.381e-05,899.0,0.01241519
ARN/BTC,1586138791789,2020-04-06T02:06:31.789Z,buy,1.38e-05,1286.0,0.0177468
ARN/BTC,1586138800053,2020-04-06T02:06:40.053Z,buy,1.381e-05,1582.0,0.02184742
ARN/BTC,1586138813687,2020-04-06T02:06:53.687Z,buy,1.381e-05,1562.0,0.02157122
ARN/BTC,1586138828548,2020-04-06T02:07:08.548Z,buy,1.381e-05,608.0,0.00839648
ARN/BTC,1586138839687,2020-04-06T02:07:19.687Z,buy,1.381e-05,1900.0,0.026239
ARN/BTC,1586138854467,2020-04-06T02:07:34.467Z,buy,1.381e-05,874.0,0.01206994
ARN/BTC,1586138864615,2020-04-06T02:07:44.615Z,buy,1.381e-05,800.0,0.011048
ARN/BTC,1586138873410,2020-04-06T02:07:53.410Z,buy,1.381e-05,1682.0,0.02322842
ARN/BTC,1586138886141,2020-04-06T02:08:06.141Z,buy,1.381e-05,700.0,0.009667
ARN/BTC,1586138894417,2020-04-06T02:08:14.417Z,buy,1.381e-05,1300.0,0.017953
ARN/BTC,1586138909156,2020-04-06T02:08:29.156Z,buy,1.381e-05,1013.0,0.01398953
ARN/BTC,1586138918394,2020-04-06T02:08:38.394Z,buy,1.381e-05,526.0,0.00726406
ARN/BTC,1586138926491,2020-04-06T02:08:46.491Z,buy,1.381e-05,1465.0,0.02023165
ARN/BTC,1586138936617,2020-04-06T02:08:56.617Z,buy,1.381e-05,1100.0,0.015191
ARN/BTC,1586138943927,2020-04-06T02:09:03.927Z,buy,1.381e-05,782.0,0.01079942
ARN/BTC,1586138952155,2020-04-06T02:09:12.155Z,buy,1.381e-05,600.0,0.008286
ARN/BTC,1586138963956,2020-04-06T02:09:23.956Z,buy,1.381e-05,1400.0,0.019334
ARN/BTC,1586138974213,2020-04-06T02:09:34.213Z,buy,1.381e-05,600.0,0.008286
ARN/BTC,1586138984397,2020-04-06T02:09:44.397Z,buy,1.381e-05,1664.0,0.02297984
ARN/BTC,1586138994695,2020-04-06T02:09:54.695Z,buy,1.381e-05,1400.0,0.019334
ARN/BTC,1586139004884,2020-04-06T02:10:04.884Z,buy,1.381e-05,640.0,0.0088384
ARN/BTC,1586139014573,2020-04-06T02:10:14.573Z,buy,1.381e-05,1438.0,0.01985878
ARN/BTC,1586139025395,2020-04-06T02:10:25.395Z,buy,1.382e-05,1364.0,0.01885048
ARN/BTC,1586139041748,2020-04-06T02:10:41.748Z,buy,1.381e-05,839.0,0.01158659
ARN/BTC,1586139056499,2020-04-06T02:10:56.499Z,buy,1.381e-05,1300.0,0.017953
ARN/BTC,1586139068728,2020-04-06T02:11:08.728Z,buy,1.381e-05,1411.0,0.01948591
ARN/BTC,1586139078957,2020-04-06T02:11:18.957Z,buy,1.381e-05,653.0,0.00901793
ARN/BTC,1586139090309,2020-04-06T02:11:30.309Z,buy,1.381e-05,1868.0,0.02579708
ARN/BTC,1586139101135,2020-04-06T02:11:41.135Z,buy,1.381e-05,1564.0,0.02159884
ARN/BTC,1586139114901,2020-04-06T02:11:54.901Z,buy,1.381e-05,1100.0,0.015191
ARN/BTC,1586139129651,2020-04-06T02:12:09.651Z,buy,1.381e-05,1400.0,0.019334
ARN/BTC,1586139143910,2020-04-06T02:12:23.910Z,buy,1.381e-05,1519.0,0.02097739
ARN/BTC,1586139153606,2020-04-06T02:12:33.606Z,buy,1.381e-05,600.0,0.008286
ARN/BTC,1586139163871,2020-04-06T02:12:43.871Z,buy,1.381e-05,1500.0,0.020715
ARN/BTC,1586139171357,2020-04-06T02:12:51.357Z,buy,1.381e-05,1500.0,0.020715
ARN/BTC,1586139179653,2020-04-06T02:12:59.653Z,buy,1.381e-05,1955.0,0.02699855
ARN/BTC,1586139189991,2020-04-06T02:13:09.991Z,buy,1.381e-05,1000.0,0.01381
ARN/BTC,1586139208234,2020-04-06T02:13:28.234Z,buy,1.381e-05,1141.0,0.01575721
ARN/BTC,1586139219441,2020-04-06T02:13:39.441Z,buy,1.381e-05,1241.0,0.01713821
ARN/BTC,1586139235212,2020-04-06T02:13:55.212Z,buy,1.381e-05,500.0,0.006905
ARN/BTC,1586139247410,2020-04-06T02:14:07.410Z,buy,1.381e-05,1882.0,0.02599042
ARN/BTC,1586139257250,2020-04-06T02:14:17.250Z,buy,1.381e-05,1994.0,0.027537139999999998
ARN/BTC,1586139267871,2020-04-06T02:14:27.871Z,buy,1.381e-05,1802.0,0.02488562
ARN/BTC,1586139278197,2020-04-06T02:14:38.197Z,buy,1.381e-05,1057.0,0.01459717
ARN/BTC,1586139288384,2020-04-06T02:14:48.384Z,buy,1.381e-05,1321.0,0.01824301
ARN/BTC,1586139299182,2020-04-06T02:14:59.182Z,buy,1.381e-05,1975.0,0.02727475
ARN/BTC,1586139312890,2020-04-06T02:15:12.890Z,buy,1.381e-05,1300.0,0.017953
ARN/BTC,1586139322498,2020-04-06T02:15:22.498Z,buy,1.381e-05,1186.0,0.01637866
ARN/BTC,1586139336749,2020-04-06T02:15:36.749Z,buy,1.381e-05,832.0,0.01148992
ARN/BTC,1586139348997,2020-04-06T02:15:48.997Z,buy,1.381e-05,1600.0,0.022096
ARN/BTC,1586139352998,2020-04-06T02:15:52.998Z,sell,1.377e-05,20.0,0.0002754
ARN/BTC,1586139359508,2020-04-06T02:15:59.508Z,buy,1.381e-05,1799.0,0.02484419
ARN/BTC,1586139369670,2020-04-06T02:16:09.670Z,buy,1.381e-05,1723.0,0.02379463
ARN/BTC,1586139380539,2020-04-06T02:16:20.539Z,buy,1.381e-05,1301.0,0.01796681
ARN/BTC,1586139390638,2020-04-06T02:16:30.638Z,buy,1.381e-05,724.0,0.00999844
ARN/BTC,1586139401810,2020-04-06T02:16:41.810Z,buy,1.381e-05,1285.0,0.01774585
ARN/BTC,1586139411932,2020-04-06T02:16:51.932Z,buy,1.381e-05,1480.0,0.0204388
ARN/BTC,1586139424638,2020-04-06T02:17:04.638Z,buy,1.381e-05,761.0,0.01050941
ARN/BTC,1586139435937,2020-04-06T02:17:15.937Z,buy,1.381e-05,900.0,0.012428999999999999
ARN/BTC,1586139447034,2020-04-06T02:17:27.034Z,buy,1.381e-05,1847.0,0.02550707
ARN/BTC,1586139459738,2020-04-06T02:17:39.738Z,buy,1.381e-05,1660.0,0.0229246
ARN/BTC,1586139471000,2020-04-06T02:17:51.000Z,buy,1.381e-05,1400.0,0.019334
ARN/BTC,1586139481749,2020-04-06T02:18:01.749Z,buy,1.381e-05,1445.0,0.01995545
ARN/BTC,1586139497014,2020-04-06T02:18:17.014Z,buy,1.381e-05,971.0,0.01340951
ARN/BTC,1586139508258,2020-04-06T02:18:28.258Z,buy,1.381e-05,1820.0,0.0251342
ARN/BTC,1586139518417,2020-04-06T02:18:38.417Z,buy,1.381e-05,788.0,0.01088228
ARN/BTC,1586139530547,2020-04-06T02:18:50.547Z,buy,1.381e-05,1200.0,0.016572
ARN/BTC,1586139542776,2020-04-06T02:19:02.776Z,buy,1.381e-05,500.0,0.006905
ARN/BTC,1586139552582,2020-04-06T02:19:12.582Z,buy,1.381e-05,1900.0,0.026239
ARN/BTC,1586139565435,2020-04-06T02:19:25.435Z,buy,1.381e-05,601.0,0.00829981
ARN/BTC,1586139576500,2020-04-06T02:19:36.500Z,buy,1.381e-05,1400.0,0.019334
ARN/BTC,1586139588313,2020-04-06T02:19:48.313Z,buy,1.381e-05,1622.0,0.02239982
ARN/BTC,1586139597098,2020-04-06T02:19:57.098Z,buy,1.381e-05,1111.0,0.01534291
ARN/BTC,1586139608778,2020-04-06T02:20:08.778Z,buy,1.381e-05,1400.0,0.019334
ARN/BTC,1586139623094,2020-04-06T02:20:23.094Z,buy,1.381e-05,700.0,0.009667
ARN/BTC,1586139635428,2020-04-06T02:20:35.428Z,buy,1.381e-05,1600.0,0.022096
ARN/BTC,1586139647777,2020-04-06T02:20:47.777Z,buy,1.38e-05,1493.0,0.0206034
ARN/BTC,1586139658034,2020-04-06T02:20:58.034Z,buy,1.38e-05,1360.0,0.018768
ARN/BTC,1586139669832,2020-04-06T02:21:09.832Z,buy,1.38e-05,1700.0,0.02346
ARN/BTC,1586139682138,2020-04-06T02:21:22.138Z,buy,1.381e-05,1978.0,0.02731618
ARN/BTC,1586139696308,2020-04-06T02:21:36.308Z,buy,1.381e-05,1100.0,0.015191
ARN/BTC,1586139706554,2020-04-06T02:21:46.554Z,buy,1.381e-05,1900.0,0.026239
ARN/BTC,1586139721831,2020-04-06T02:22:01.831Z,buy,1.381e-05,1507.0,0.02081167
ARN/BTC,1586139734624,2020-04-06T02:22:14.624Z,buy,1.381e-05,1300.0,0.017953
ARN/BTC,1586139745851,2020-04-06T02:22:25.851Z,buy,1.381e-05,1918.0,0.02648758
ARN/BTC,1586139758180,2020-04-06T02:22:38.180Z,buy,1.381e-05,1745.0,0.02409845
ARN/BTC,1586139769798,2020-04-06T02:22:49.798Z,buy,1.38e-05,1543.0,0.0212934
ARN/BTC,1586139785108,2020-04-06T02:23:05.108Z,buy,1.381e-05,700.0,0.009667
ARN/BTC,1586139796063,2020-04-06T02:23:16.063Z,buy,1.38e-05,2.0,2.76e-05
ARN/BTC,1586139796696,2020-04-06T02:23:16.696Z,buy,1.38e-05,1698.0,0.0234324
ARN/BTC,1586139809410,2020-04-06T02:23:29.410Z,buy,1.38e-05,544.0,0.0075072
ARN/BTC,1586139818841,2020-04-06T02:23:38.841Z,buy,1.38e-05,1376.0,0.0189888
ARN/BTC,1586139831761,2020-04-06T02:23:51.761Z,buy,1.381e-05,1400.0,0.019334
ARN/BTC,1586139841960,2020-04-06T02:24:01.960Z,buy,1.38e-05,830.0,0.011454
ARN/BTC,1586139858927,2020-04-06T02:24:18.927Z,buy,1.381e-05,1500.0,0.020715
ARN/BTC,1586139867637,2020-04-06T02:24:27.637Z,buy,1.381e-05,856.0,0.01182136
ARN/BTC,1586139881844,2020-04-06T02:24:41.844Z,buy,1.381e-05,1364.0,0.01883684
ARN/BTC,1586139893709,2020-04-06T02:24:53.709Z,buy,1.381e-05,679.0,0.00937699
ARN/BTC,1586139904394,2020-04-06T02:25:04.394Z,buy,1.381e-05,769.0,0.01061989
ARN/BTC,1586139918671,2020-04-06T02:25:18.671Z,buy,1.381e-05,1483.0,0.02048023
ARN/BTC,1586139928896,2020-04-06T02:25:28.896Z,buy,1.381e-05,1000.0,0.01381
ARN/BTC,1586139928896,2020-04-06T02:25:28.896Z,buy,1.381e-05,1000.0,0.01381
ARN/BTC,1586139938709,2020-04-06T02:25:38.709Z,buy,1.381e-05,1657.0,0.02288317
ARN/BTC,1586139948477,2020-04-06T02:25:48.477Z,buy,1.381e-05,562.0,0.00776122
ARN/BTC,1586139960185,2020-04-06T02:26:00.185Z,buy,1.381e-05,988.0,0.01364428
ARN/BTC,1586139974967,2020-04-06T02:26:14.967Z,buy,1.381e-05,1100.0,0.015191
ARN/BTC,1586139987700,2020-04-06T02:26:27.700Z,buy,1.381e-05,1300.0,0.017953
ARN/BTC,1586139998624,2020-04-06T02:26:38.624Z,buy,1.381e-05,1511.0,0.02086691
ARN/BTC,1586140008822,2020-04-06T02:26:48.822Z,buy,1.381e-05,1655.0,0.02285555
ARN/BTC,1586140021148,2020-04-06T02:27:01.148Z,buy,1.381e-05,1300.0,0.017953
ARN/BTC,1586140033522,2020-04-06T02:27:13.522Z,buy,1.381e-05,1217.0,0.01680677
ARN/BTC,1586140046597,2020-04-06T02:27:26.597Z,buy,1.381e-05,1800.0,0.024857999999999998
ARN/BTC,1586140058403,2020-04-06T02:27:38.403Z,buy,1.381e-05,1052.0,0.01452812
ARN/BTC,1586140070131,2020-04-06T02:27:50.131Z,buy,1.381e-05,845.0,0.01166945
ARN/BTC,1586140077443,2020-04-06T02:27:57.443Z,buy,1.381e-05,922.0,0.01273282
ARN/BTC,1586140087667,2020-04-06T02:28:07.667Z,buy,1.381e-05,1654.0,0.02284174
ARN/BTC,1586140100960,2020-04-06T02:28:20.960Z,buy,1.381e-05,625.0,0.00863125
ARN/BTC,1586140110686,2020-04-06T02:28:30.686Z,buy,1.381e-05,1393.0,0.01923733
ARN/BTC,1586140122724,2020-04-06T02:28:42.724Z,buy,1.382e-05,596.0,0.00823672
ARN/BTC,1586140135036,2020-04-06T02:28:55.036Z,buy,1.382e-05,500.0,0.0069099999999999995
ARN/BTC,1586140146782,2020-04-06T02:29:06.782Z,buy,1.382e-05,1225.0,0.0169295
ARN/BTC,1586140157942,2020-04-06T02:29:17.942Z,buy,1.382e-05,878.0,0.01213396
ARN/BTC,1586140167289,2020-04-06T02:29:27.289Z,buy,1.382e-05,1534.0,0.02119988
ARN/BTC,1586140179508,2020-04-06T02:29:39.508Z,buy,1.382e-05,694.0,0.00959108
ARN/BTC,1586140189752,2020-04-06T02:29:49.752Z,buy,1.382e-05,748.0,0.01033736
ARN/BTC,1586140203016,2020-04-06T02:30:03.016Z,buy,1.382e-05,845.0,0.0116779
ARN/BTC,1586140215812,2020-04-06T02:30:15.812Z,buy,1.382e-05,1933.0,0.02671406
ARN/BTC,1586140227625,2020-04-06T02:30:27.625Z,buy,1.382e-05,577.0,0.00797414
ARN/BTC,1586140238844,2020-04-06T02:30:38.844Z,buy,1.382e-05,1800.0,0.024876
ARN/BTC,1586140253221,2020-04-06T02:30:53.221Z,buy,1.382e-05,619.0,0.008554579999999999
ARN/BTC,1586140268802,2020-04-06T02:31:08.802Z,buy,1.382e-05,700.0,0.009674
ARN/BTC,1586140284604,2020-04-06T02:31:24.604Z,buy,1.382e-05,900.0,0.012438
ARN/BTC,1586140297401,2020-04-06T02:31:37.401Z,buy,1.382e-05,1900.0,0.026258
ARN/BTC,1586140305772,2020-04-06T02:31:45.772Z,buy,1.382e-05,917.0,0.01267294
ARN/BTC,1586140316511,2020-04-06T02:31:56.511Z,buy,1.382e-05,655.0,0.0090521
ARN/BTC,1586140327288,2020-04-06T02:32:07.288Z,buy,1.382e-05,859.0,0.011871379999999999
ARN/BTC,1586140335692,2020-04-06T02:32:15.692Z,buy,1.382e-05,1711.0,0.02364602
ARN/BTC,1586140346440,2020-04-06T02:32:26.440Z,buy,1.382e-05,521.0,0.00720022
ARN/BTC,1586140358177,2020-04-06T02:32:38.177Z,buy,1.382e-05,1200.0,0.016584
ARN/BTC,1586140373964,2020-04-06T02:32:53.964Z,buy,1.382e-05,1312.0,0.01813184
ARN/BTC,1586140410966,2020-04-06T02:33:30.966Z,buy,1.382e-05,1600.0,0.022112
ARN/BTC,1586140421660,2020-04-06T02:33:41.660Z,buy,1.382e-05,1849.0,0.025553179999999998
ARN/BTC,1586140429834,2020-04-06T02:33:49.834Z,sell,1.379e-05,43.0,0.00059297
ARN/BTC,1586140435934,2020-04-06T02:33:55.934Z,buy,1.382e-05,1732.0,0.02393624
ARN/BTC,1586140447224,2020-04-06T02:34:07.224Z,buy,1.382e-05,1900.0,0.026258
ARN/BTC,1586140457910,2020-04-06T02:34:17.910Z,buy,1.382e-05,563.0,0.00778066
ARN/BTC,1586140467132,2020-04-06T02:34:27.132Z,buy,1.382e-05,700.0,0.009674
ARN/BTC,1586140475523,2020-04-06T02:34:35.523Z,buy,1.382e-05,1141.0,0.01576862
ARN/BTC,1586140484307,2020-04-06T02:34:44.307Z,buy,1.382e-05,695.0,0.0096049
ARN/BTC,1586140498080,2020-04-06T02:34:58.080Z,buy,1.382e-05,1097.0,0.01516054
ARN/BTC,1586140507844,2020-04-06T02:35:07.844Z,buy,1.382e-05,1172.0,0.01619704
ARN/BTC,1586140520951,2020-04-06T02:35:20.951Z,buy,1.382e-05,1600.0,0.022112
ARN/BTC,1586140531714,2020-04-06T02:35:31.714Z,buy,1.382e-05,905.0,0.0125071
ARN/BTC,1586140538602,2020-04-06T02:35:38.602Z,buy,1.384e-05,8.0,0.00011072
ARN/BTC,1586140546826,2020-04-06T02:35:46.826Z,buy,1.382e-05,832.0,0.01149824
ARN/BTC,1586140557157,2020-04-06T02:35:57.157Z,buy,1.382e-05,1423.0,0.01966586
ARN/BTC,1586140572755,2020-04-06T02:36:12.755Z,buy,1.382e-05,994.0,0.01373708
ARN/BTC,1586140587928,2020-04-06T02:36:27.928Z,buy,1.382e-05,1009.0,0.01394438
ARN/BTC,1586140597207,2020-04-06T02:36:37.207Z,buy,1.382e-05,683.0,0.009439059999999999
ARN/BTC,1586140607898,2020-04-06T02:36:47.898Z,buy,1.382e-05,1717.0,0.02372894
ARN/BTC,1586140619352,2020-04-06T02:36:59.352Z,buy,1.382e-05,1800.0,0.024876
ARN/BTC,1586140630237,2020-04-06T02:37:10.237Z,buy,1.382e-05,1016.0,0.01404112
ARN/BTC,1586140642903,2020-04-06T02:37:22.903Z,buy,1.382e-05,800.0,0.011056
ARN/BTC,1586140656152,2020-04-06T02:37:36.152Z,buy,1.382e-05,1010.0,0.0139582
ARN/BTC,1586140668345,2020-04-06T02:37:48.345Z,buy,1.382e-05,1500.0,0.02073
ARN/BTC,1586140681429,2020-04-06T02:38:01.429Z,buy,1.382e-05,1946.0,0.02689372
ARN/BTC,1586140692636,2020-04-06T02:38:12.636Z,buy,1.382e-05,800.0,0.011056
ARN/BTC,1586140702862,2020-04-06T02:38:22.862Z,buy,1.382e-05,1561.0,0.02157302
ARN/BTC,1586140713097,2020-04-06T02:38:33.097Z,buy,1.382e-05,1084.0,0.01498088
ARN/BTC,1586140722795,2020-04-06T02:38:42.795Z,buy,1.382e-05,1102.0,0.01522964
ARN/BTC,1586140734610,2020-04-06T02:38:54.610Z,buy,1.382e-05,1489.0,0.02057798
ARN/BTC,1586140744328,2020-04-06T02:39:04.328Z,buy,1.382e-05,673.0,0.00930086
ARN/BTC,1586140755945,2020-04-06T02:39:15.945Z,buy,1.382e-05,1522.0,0.02103404
ARN/BTC,1586140766190,2020-04-06T02:39:26.190Z,buy,1.382e-05,1741.0,0.02406062
ARN/BTC,1586140777493,2020-04-06T02:39:37.493Z,buy,1.382e-05,844.0,0.01166408
ARN/BTC,1586140789838,2020-04-06T02:39:49.838Z,buy,1.382e-05,1960.0,0.0270872
ARN/BTC,1586140803215,2020-04-06T02:40:03.215Z,buy,1.382e-05,1880.0,0.0259816
ARN/BTC,1586140814854,2020-04-06T02:40:14.854Z,buy,1.382e-05,700.0,0.009674
ARN/BTC,1586140826464,2020-04-06T02:40:26.464Z,buy,1.382e-05,1133.0,0.01565806
ARN/BTC,1586140836222,2020-04-06T02:40:36.222Z,buy,1.382e-05,1355.0,0.0187261
ARN/BTC,1586140846430,2020-04-06T02:40:46.430Z,buy,1.382e-05,1537.0,0.02124134
ARN/BTC,1586140859211,2020-04-06T02:40:59.211Z,buy,1.382e-05,856.0,0.01182992
ARN/BTC,1586140870466,2020-04-06T02:41:10.466Z,buy,1.382e-05,1177.0,0.01626614
ARN/BTC,1586140882226,2020-04-06T02:41:22.226Z,buy,1.382e-05,1500.0,0.02073
ARN/BTC,1586140889988,2020-04-06T02:41:29.988Z,buy,1.382e-05,1052.0,0.01453864
ARN/BTC,1586140899766,2020-04-06T02:41:39.766Z,buy,1.382e-05,1200.0,0.016584
ARN/BTC,1586140911987,2020-04-06T02:41:51.987Z,buy,1.382e-05,1300.0,0.017966
ARN/BTC,1586140927847,2020-04-06T02:42:07.847Z,buy,1.382e-05,1400.0,0.019348
ARN/BTC,1586140937358,2020-04-06T02:42:17.358Z,buy,1.382e-05,1274.0,0.01760668
ARN/BTC,1586140947974,2020-04-06T02:42:27.974Z,buy,1.382e-05,1200.0,0.016584
ARN/BTC,1586140957319,2020-04-06T02:42:37.319Z,buy,1.382e-05,1304.0,0.01802128
ARN/BTC,1586140971656,2020-04-06T02:42:51.656Z,buy,1.382e-05,500.0,0.0069099999999999995
ARN/BTC,1586140984890,2020-04-06T02:43:04.890Z,buy,1.382e-05,1991.0,0.02751562
ARN/BTC,1586140996690,2020-04-06T02:43:16.690Z,buy,1.382e-05,1309.0,0.01809038
ARN/BTC,1586141005947,2020-04-06T02:43:25.947Z,buy,1.382e-05,1115.0,0.015409299999999999
ARN/BTC,1586141017775,2020-04-06T02:43:37.775Z,buy,1.382e-05,1900.0,0.026258
ARN/BTC,1586141027343,2020-04-06T02:43:47.343Z,buy,1.382e-05,1500.0,0.02073
ARN/BTC,1586141037282,2020-04-06T02:43:57.282Z,buy,1.382e-05,1640.0,0.0226648
ARN/BTC,1586141045260,2020-04-06T02:44:05.260Z,buy,1.384e-05,62.0,0.00085808
ARN/BTC,1586141045260,2020-04-06T02:44:05.260Z,buy,1.385e-05,38.0,0.0005262999999999999
ARN/BTC,1586141050996,2020-04-06T02:44:10.996Z,buy,1.383e-05,614.0,0.00849162
ARN/BTC,1586141064266,2020-04-06T02:44:24.266Z,buy,1.383e-05,1100.0,0.015212999999999999
ARN/BTC,1586141081947,2020-04-06T02:44:41.947Z,buy,1.383e-05,1427.0,0.01973541
ARN/BTC,1586141094130,2020-04-06T02:44:54.130Z,buy,1.383e-05,1534.0,0.02121522
ARN/BTC,1586141506946,2020-04-06T02:51:46.946Z,sell,1.38e-05,15.0,0.000207
ARN/BTC,1586142107242,2020-04-06T03:01:47.242Z,sell,1.38e-05,20.0,0.000276
ARN/BTC,1586142108250,2020-04-06T03:01:48.250Z,sell,1.379e-05,1407.0,0.01940253
ARN/BTC,1586142109251,2020-04-06T03:01:49.251Z,sell,1.378e-05,8300.0,0.114374
ARN/BTC,1586142110259,2020-04-06T03:01:50.259Z,sell,1.377e-05,6203.0,0.08541531000000001
ARN/BTC,1586142111264,2020-04-06T03:01:51.264Z,sell,1.376e-05,1405.0,0.0193328
ARN/BTC,1586142114742,2020-04-06T03:01:54.742Z,buy,1.379e-05,1619.0,0.02232601
ARN/BTC,1586142126523,2020-04-06T03:02:06.523Z,buy,1.379e-05,1466.0,0.02021614
ARN/BTC,1586142138437,2020-04-06T03:02:18.437Z,buy,1.379e-05,551.0,0.00759829
ARN/BTC,1586142149059,2020-04-06T03:02:29.059Z,buy,1.379e-05,1136.0,0.01566544
ARN/BTC,1586142159769,2020-04-06T03:02:39.769Z,buy,1.379e-05,1117.0,0.015403430000000001
ARN/BTC,1586142173494,2020-04-06T03:02:53.494Z,buy,1.379e-05,629.0,0.00867391
ARN/BTC,1586142187731,2020-04-06T03:03:07.731Z,buy,1.379e-05,1852.0,0.02553908
ARN/BTC,1586142199380,2020-04-06T03:03:19.380Z,buy,1.379e-05,955.0,0.013169450000000001
ARN/BTC,1586142209248,2020-04-06T03:03:29.248Z,buy,1.378e-05,1900.0,0.026182
ARN/BTC,1586142224560,2020-04-06T03:03:44.560Z,buy,1.378e-05,1200.0,0.016536
ARN/BTC,1586142234886,2020-04-06T03:03:54.886Z,buy,1.378e-05,1471.0,0.02027038
ARN/BTC,1586142248295,2020-04-06T03:04:08.295Z,buy,1.378e-05,1054.0,0.01452412
ARN/BTC,1586142263828,2020-04-06T03:04:23.828Z,buy,1.378e-05,1435.0,0.0197743
ARN/BTC,1586142278139,2020-04-06T03:04:38.139Z,buy,1.378e-05,1436.0,0.01978808
ARN/BTC,1586142293400,2020-04-06T03:04:53.400Z,buy,1.378e-05,1846.0,0.02543788
ARN/BTC,1586142302607,2020-04-06T03:05:02.607Z,buy,1.378e-05,1700.0,0.023426
ARN/BTC,1586142312838,2020-04-06T03:05:12.838Z,buy,1.378e-05,643.0,0.00886054
ARN/BTC,1586142323615,2020-04-06T03:05:23.615Z,buy,1.378e-05,900.0,0.012402
ARN/BTC,1586142340357,2020-04-06T03:05:40.357Z,buy,1.378e-05,1559.0,0.021483020000000002
ARN/BTC,1586142356619,2020-04-06T03:05:56.619Z,buy,1.378e-05,1207.0,0.01663246
ARN/BTC,1586142369035,2020-04-06T03:06:09.035Z,buy,1.379e-05,920.0,0.0126868
ARN/BTC,1586142378783,2020-04-06T03:06:18.783Z,buy,1.378e-05,1900.0,0.026182
ARN/BTC,1586142388972,2020-04-06T03:06:28.972Z,buy,1.378e-05,900.0,0.012402
ARN/BTC,1586142400761,2020-04-06T03:06:40.761Z,buy,1.378e-05,1840.0,0.0253552
ARN/BTC,1586142414052,2020-04-06T03:06:54.052Z,buy,1.378e-05,1361.0,0.01875458
ARN/BTC,1586142425218,2020-04-06T03:07:05.218Z,buy,1.378e-05,1103.0,0.01519934
ARN/BTC,1586142439582,2020-04-06T03:07:19.582Z,buy,1.378e-05,1366.0,0.01882348
ARN/BTC,1586142451256,2020-04-06T03:07:31.256Z,buy,1.378e-05,862.0,0.011878360000000001
ARN/BTC,1586142458559,2020-04-06T03:07:38.559Z,buy,1.378e-05,778.0,0.01072084
ARN/BTC,1586142468727,2020-04-06T03:07:48.727Z,buy,1.378e-05,514.0,0.00708292
ARN/BTC,1586142477731,2020-04-06T03:07:57.731Z,buy,1.378e-05,1262.0,0.01739036
ARN/BTC,1586142489368,2020-04-06T03:08:09.368Z,buy,1.378e-05,1210.0,0.0166738
ARN/BTC,1586142507187,2020-04-06T03:08:27.187Z,buy,1.378e-05,900.0,0.012402
ARN/BTC,1586142520879,2020-04-06T03:08:40.879Z,buy,1.378e-05,1837.0,0.02531386
ARN/BTC,1586142535552,2020-04-06T03:08:55.552Z,buy,1.378e-05,782.0,0.01077596
ARN/BTC,1586142550827,2020-04-06T03:09:10.827Z,buy,1.378e-05,641.0,0.00883298
ARN/BTC,1586142569698,2020-04-06T03:09:29.698Z,sell,1.375e-05,100.0,0.0013750000000000001
ARN/BTC,1586142618846,2020-04-06T03:10:18.846Z,buy,1.379e-05,8.0,0.00011032
ARN/BTC,1586142718609,2020-04-06T03:11:58.609Z,buy,1.378e-05,659.0,0.00908102
ARN/BTC,1586142905967,2020-04-06T03:15:05.967Z,buy,1.379e-05,900.0,0.012411
ARN/BTC,1586142915705,2020-04-06T03:15:15.705Z,buy,1.379e-05,1000.0,0.01379
ARN/BTC,1586142928869,2020-04-06T03:15:28.869Z,buy,1.379e-05,600.0,0.008274
ARN/BTC,1586142944122,2020-04-06T03:15:44.122Z,buy,1.379e-05,900.0,0.012411
ARN/BTC,1586142958795,2020-04-06T03:15:58.795Z,buy,1.378e-05,1297.0,0.01787266
ARN/BTC,1586142973424,2020-04-06T03:16:13.424Z,buy,1.378e-05,1400.0,0.019292
ARN/BTC,1586142982667,2020-04-06T03:16:22.667Z,buy,1.378e-05,1502.0,0.02069756
ARN/BTC,1586142992783,2020-04-06T03:16:32.783Z,buy,1.378e-05,500.0,0.00689
ARN/BTC,1586143005048,2020-04-06T03:16:45.048Z,buy,1.378e-05,1700.0,0.023426
ARN/BTC,1586143018756,2020-04-06T03:16:58.756Z,buy,1.379e-05,1487.0,0.02050573
ARN/BTC,1586143030097,2020-04-06T03:17:10.097Z,buy,1.379e-05,800.0,0.011032
ARN/BTC,1586143042910,2020-04-06T03:17:22.910Z,buy,1.379e-05,1193.0,0.01645147
ARN/BTC,1586143057227,2020-04-06T03:17:37.227Z,buy,1.378e-05,1355.0,0.0186719
ARN/BTC,1586143068306,2020-04-06T03:17:48.306Z,buy,1.378e-05,1784.0,0.02458352
ARN/BTC,1586143192308,2020-04-06T03:19:52.308Z,buy,1.378e-05,1067.0,0.014703260000000001
ARN/BTC,1586143222606,2020-04-06T03:20:22.606Z,buy,1.379e-05,12.0,0.00016548
ARN/BTC,1586143245712,2020-04-06T03:20:45.712Z,buy,1.379e-05,866.0,0.01194214
ARN/BTC,1586143256437,2020-04-06T03:20:56.437Z,buy,1.379e-05,900.0,0.012411
ARN/BTC,1586143266649,2020-04-06T03:21:06.649Z,buy,1.379e-05,934.0,0.01287986
ARN/BTC,1586143273720,2020-04-06T03:21:13.720Z,buy,1.379e-05,1106.0,0.01525174
ARN/BTC,1586143283823,2020-04-06T03:21:23.823Z,buy,1.379e-05,1400.0,0.019306
ARN/BTC,1586143294431,2020-04-06T03:21:34.431Z,buy,1.379e-05,1393.0,0.01920947
ARN/BTC,1586143303734,2020-04-06T03:21:43.734Z,buy,1.379e-05,512.0,0.00706048
ARN/BTC,1586143414618,2020-04-06T03:23:34.618Z,buy,1.379e-05,1000.0,0.01379
ARN/BTC,1586143464915,2020-04-06T03:24:24.915Z,buy,1.379e-05,674.0,0.009294460000000001
ARN/BTC,1586143505209,2020-04-06T03:25:05.209Z,buy,1.379e-05,700.0,0.009653
ARN/BTC,1586143505209,2020-04-06T03:25:05.209Z,buy,1.379e-05,700.0,0.009653
ARN/BTC,1586143545654,2020-04-06T03:25:45.654Z,buy,1.383e-05,23.0,0.00031809
ARN/BTC,1586143545747,2020-04-06T03:25:45.747Z,sell,1.383e-05,2921.0,0.04039743
ARN/BTC,1586144212361,2020-04-06T03:36:52.361Z,buy,1.383e-05,8.0,0.00011064
ARN/BTC,1586144883157,2020-04-06T03:48:03.157Z,buy,1.383e-05,2.0,2.766e-05
ARN/BTC,1586144991029,2020-04-06T03:49:51.029Z,buy,1.382e-05,2.0,2.764e-05
ARN/BTC,1586146492541,2020-04-06T04:14:52.541Z,buy,1.382e-05,2.0,2.764e-05
ARN/BTC,1586146620309,2020-04-06T04:17:00.309Z,buy,1.382e-05,10.0,0.0001382
ARN/BTC,1586146893478,2020-04-06T04:21:33.478Z,buy,1.381e-05,30.0,0.0004143
ARN/BTC,1586146893587,2020-04-06T04:21:33.587Z,buy,1.381e-05,31.0,0.00042811
ARN/BTC,1586146893687,2020-04-06T04:21:33.687Z,buy,1.381e-05,155.0,0.00214055
ARN/BTC,1586146893693,2020-04-06T04:21:33.693Z,buy,1.381e-05,384.0,0.00530304
ARN/BTC,1586147016971,2020-04-06T04:23:36.971Z,buy,1.382e-05,8.0,0.00011056
ARN/BTC,1586147062705,2020-04-06T04:24:22.705Z,buy,1.383e-05,8.0,0.00011064
ARN/BTC,1586147071953,2020-04-06T04:24:31.953Z,buy,1.383e-05,31.0,0.00042873
ARN/BTC,1586147072169,2020-04-06T04:24:32.169Z,buy,1.383e-05,31.0,0.00042873
ARN/BTC,1586147075640,2020-04-06T04:24:35.640Z,buy,1.383e-05,62.0,0.00085746
ARN/BTC,1586147075640,2020-04-06T04:24:35.640Z,buy,1.383e-05,62.0,0.00085746
ARN/BTC,1586147119219,2020-04-06T04:25:19.219Z,buy,1.382e-05,145.0,0.0020039
ARN/BTC,1586147119219,2020-04-06T04:25:19.219Z,buy,1.383e-05,1326.0,0.01833858
ARN/BTC,1586147140529,2020-04-06T04:25:40.529Z,sell,1.383e-05,13.0,0.00017978999999999998
ARN/BTC,1586147229256,2020-04-06T04:27:09.256Z,sell,1.383e-05,5759.0,0.07964697
ARN/BTC,1586147349858,2020-04-06T04:29:09.858Z,sell,1.383e-05,12.0,0.00016596
ARN/BTC,1586147420602,2020-04-06T04:30:20.602Z,sell,1.383e-05,50.0,0.0006915
ARN/BTC,1586147610632,2020-04-06T04:33:30.632Z,buy,1.384e-05,35.0,0.0004844
ARN/BTC,1586147610632,2020-04-06T04:33:30.632Z,buy,1.385e-05,50.0,0.0006925
ARN/BTC,1586147610632,2020-04-06T04:33:30.632Z,buy,1.386e-05,160.0,0.0022176
ARN/BTC,1586147610632,2020-04-06T04:33:30.632Z,buy,1.387e-05,21.0,0.00029127
ARN/BTC,1586147610632,2020-04-06T04:33:30.632Z,buy,1.388e-05,34.0,0.00047191999999999997
ARN/BTC,1586147610632,2020-04-06T04:33:30.632Z,buy,1.389e-05,1297.0,0.01801533
ARN/BTC,1586147610632,2020-04-06T04:33:30.632Z,buy,1.39e-05,696.0,0.0096744
ARN/BTC,1586147612467,2020-04-06T04:33:32.467Z,buy,1.39e-05,1319.0,0.018334100000000002
ARN/BTC,1586147713167,2020-04-06T04:35:13.167Z,buy,1.39e-05,8.0,0.0001112
ARN/BTC,1586147713167,2020-04-06T04:35:13.167Z,buy,1.391e-05,25.0,0.00034775
ARN/BTC,1586147713167,2020-04-06T04:35:13.167Z,buy,1.392e-05,10131.0,0.14102352
ARN/BTC,1586147713167,2020-04-06T04:35:13.167Z,buy,1.393e-05,6692.0,0.09321956
