symbol,timestamp,datetime,side,price,amount,btc_volume
ATM/BTC,1631116817174,2021-09-08T16:00:17.174Z,buy,0.0003194,6.2,0.00198028
ATM/BTC,1631116817229,2021-09-08T16:00:17.229Z,buy,0.0003195,4.0,0.001278
ATM/BTC,1631116836676,2021-09-08T16:00:36.676Z,buy,0.0003196,20.0,0.006392
ATM/BTC,1631117072256,2021-09-08T16:04:32.256Z,buy,0.0003199,0.53,0.000169547
ATM/BTC,1631117431761,2021-09-08T16:10:31.761Z,buy,0.0003199,0.32,0.000102368
ATM/BTC,1631117431761,2021-09-08T16:10:31.761Z,buy,0.00032,33.6,0.010752000000000001
ATM/BTC,1631117440496,2021-09-08T16:10:40.496Z,buy,0.0003199,8.46,0.0027063540000000007
ATM/BTC,1631117440496,2021-09-08T16:10:40.496Z,buy,0.00032,17.71,0.005667200000000001
ATM/BTC,1631117604183,2021-09-08T16:13:24.183Z,sell,0.0003175,29.57,0.009388475
ATM/BTC,1631117704459,2021-09-08T16:15:04.459Z,sell,0.0003175,23.21,0.007369175
ATM/BTC,1631117941570,2021-09-08T16:19:01.570Z,buy,0.0003195,20.0,0.00639
ATM/BTC,1631117941571,2021-09-08T16:19:01.571Z,buy,0.0003197,1.77,0.000565869
ATM/BTC,1631117942583,2021-09-08T16:19:02.583Z,buy,0.00032,19.59,0.006268800000000001
ATM/BTC,1631118015717,2021-09-08T16:20:15.717Z,sell,0.0003178,3.86,0.001226708
ATM/BTC,1631118393547,2021-09-08T16:26:33.547Z,buy,0.00032,0.11,3.52e-05
ATM/BTC,1631118438356,2021-09-08T16:27:18.356Z,sell,0.0003186,0.69,0.00021983399999999997
ATM/BTC,1631118737881,2021-09-08T16:32:17.881Z,buy,0.0003198,0.32,0.000102336
ATM/BTC,1631118783046,2021-09-08T16:33:03.046Z,sell,0.0003186,0.86,0.000273996
ATM/BTC,1631118929864,2021-09-08T16:35:29.864Z,buy,0.0003198,0.33,0.00010553400000000001
ATM/BTC,1631119070521,2021-09-08T16:37:50.521Z,buy,0.0003199,0.32,0.000102368
ATM/BTC,1631119673572,2021-09-08T16:47:53.572Z,sell,0.0003186,4.28,0.001363608
ATM/BTC,1631119771033,2021-09-08T16:49:31.033Z,sell,0.0003184,1.19,0.000378896
ATM/BTC,1631119807764,2021-09-08T16:50:07.764Z,sell,0.0003184,0.32,0.000101888
ATM/BTC,1631119809391,2021-09-08T16:50:09.391Z,sell,0.0003184,0.93,0.000296112
ATM/BTC,1631119829374,2021-09-08T16:50:29.374Z,buy,0.000319,0.89,0.00028391
ATM/BTC,1631119954449,2021-09-08T16:52:34.449Z,buy,0.000319,3.13,0.00099847
ATM/BTC,1631120222054,2021-09-08T16:57:02.054Z,buy,0.000319,8.15,0.0025998500000000003
ATM/BTC,1631120278667,2021-09-08T16:57:58.667Z,buy,0.0003198,0.32,0.000102336
ATM/BTC,1631120278667,2021-09-08T16:57:58.667Z,buy,0.0003198,0.32,0.000102336
ATM/BTC,1631120594088,2021-09-08T17:03:14.088Z,sell,0.0003191,0.98,0.000312718
ATM/BTC,1631120731193,2021-09-08T17:05:31.193Z,buy,0.0003198,9.69,0.003098862
ATM/BTC,1631120923864,2021-09-08T17:08:43.864Z,buy,0.0003199,9.07,0.002901493
ATM/BTC,1631121315850,2021-09-08T17:15:15.850Z,buy,0.0003198,39.61,0.012667278
ATM/BTC,1631121415668,2021-09-08T17:16:55.668Z,buy,0.0003198,2.71,0.0008666580000000001
ATM/BTC,1631121698126,2021-09-08T17:21:38.126Z,buy,0.0003198,171.19,0.054746562000000006
ATM/BTC,1631121698173,2021-09-08T17:21:38.173Z,buy,0.0003198,153.76,0.049172448
ATM/BTC,1631121739326,2021-09-08T17:22:19.326Z,buy,0.0003198,5.78,0.0018484440000000003
ATM/BTC,1631121868288,2021-09-08T17:24:28.288Z,sell,0.0003188,4.45,0.00141866
ATM/BTC,1631121868559,2021-09-08T17:24:28.559Z,sell,0.0003188,47.3,0.015079239999999999
ATM/BTC,1631121868588,2021-09-08T17:24:28.588Z,sell,0.0003178,3.49,0.0011091220000000001
ATM/BTC,1631122305781,2021-09-08T17:31:45.781Z,buy,0.0003196,0.32,0.00010227200000000001
ATM/BTC,1631122307225,2021-09-08T17:31:47.225Z,buy,0.0003198,6.25,0.00199875
ATM/BTC,1631122310721,2021-09-08T17:31:50.721Z,buy,0.0003198,20.94,0.006696612000000001
ATM/BTC,1631122366750,2021-09-08T17:32:46.750Z,sell,0.000319,0.84,0.00026796
ATM/BTC,1631122848517,2021-09-08T17:40:48.517Z,buy,0.0003197,0.32,0.000102304
ATM/BTC,1631122848620,2021-09-08T17:40:48.620Z,buy,0.0003199,10.17,0.0032533830000000003
ATM/BTC,1631122859477,2021-09-08T17:40:59.477Z,buy,0.0003199,458.2,0.14657818
ATM/BTC,1631122859477,2021-09-08T17:40:59.477Z,buy,0.0003199,458.2,0.14657818
ATM/BTC,1631122859478,2021-09-08T17:40:59.478Z,buy,0.0003199,0.01,3.199e-06
ATM/BTC,1631123241528,2021-09-08T17:47:21.528Z,buy,0.0003203,6.46,0.002069138
ATM/BTC,1631123313862,2021-09-08T17:48:33.862Z,buy,0.0003204,2.57,0.0008234279999999999
ATM/BTC,1631123399973,2021-09-08T17:49:59.973Z,buy,0.0003204,0.95,0.00030438
ATM/BTC,1631123405145,2021-09-08T17:50:05.145Z,buy,0.0003204,0.95,0.00030438
ATM/BTC,1631123412971,2021-09-08T17:50:12.971Z,buy,0.0003204,0.95,0.00030438
ATM/BTC,1631123440602,2021-09-08T17:50:40.602Z,sell,0.0003204,0.94,0.00030117599999999995
ATM/BTC,1631123501041,2021-09-08T17:51:41.041Z,sell,0.0003204,0.94,0.00030117599999999995
ATM/BTC,1631123512807,2021-09-08T17:51:52.807Z,sell,0.0003204,0.95,0.00030438
ATM/BTC,1631123536688,2021-09-08T17:52:16.688Z,buy,0.0003212,0.35,0.00011242
ATM/BTC,1631123536690,2021-09-08T17:52:16.690Z,buy,0.0003213,0.35,0.00011245499999999999
ATM/BTC,1631123536703,2021-09-08T17:52:16.703Z,buy,0.0003213,1.41,0.000453033
ATM/BTC,1631123546017,2021-09-08T17:52:26.017Z,buy,0.0003213,0.94,0.000302022
ATM/BTC,1631123547132,2021-09-08T17:52:27.132Z,buy,0.0003213,0.94,0.000302022
ATM/BTC,1631123549309,2021-09-08T17:52:29.309Z,buy,0.0003213,0.94,0.000302022
ATM/BTC,1631123619022,2021-09-08T17:53:39.022Z,sell,0.0003207,1.17,0.000375219
ATM/BTC,1631123657979,2021-09-08T17:54:17.979Z,buy,0.0003213,0.32,0.000102816
ATM/BTC,1631123679858,2021-09-08T17:54:39.858Z,buy,0.0003218,0.33,0.00010619400000000001
ATM/BTC,1631123681074,2021-09-08T17:54:41.074Z,buy,0.0003219,0.32,0.00010300800000000001
ATM/BTC,1631123681087,2021-09-08T17:54:41.087Z,buy,0.000322,2.56,0.00082432
ATM/BTC,1631123681097,2021-09-08T17:54:41.097Z,buy,0.0003222,1.0,0.0003222
ATM/BTC,1631123687748,2021-09-08T17:54:47.748Z,buy,0.0003223,0.33,0.000106359
ATM/BTC,1631123687748,2021-09-08T17:54:47.748Z,buy,0.0003224,0.48,0.00015475199999999997
ATM/BTC,1631123687748,2021-09-08T17:54:47.748Z,buy,0.0003227,0.12,3.8724e-05
ATM/BTC,1631123693225,2021-09-08T17:54:53.225Z,buy,0.0003227,1.26,0.000406602
ATM/BTC,1631123693332,2021-09-08T17:54:53.332Z,buy,0.0003228,4.33,0.001397724
ATM/BTC,1631123693823,2021-09-08T17:54:53.823Z,buy,0.0003227,0.94,0.00030333799999999995
ATM/BTC,1631123700177,2021-09-08T17:55:00.177Z,buy,0.0003229,1.75,0.000565075
ATM/BTC,1631123705284,2021-09-08T17:55:05.284Z,buy,0.0003233,0.31,0.00010022299999999999
ATM/BTC,1631123705284,2021-09-08T17:55:05.284Z,buy,0.0003236,2.55,0.0008251799999999999
ATM/BTC,1631123705284,2021-09-08T17:55:05.284Z,buy,0.000324,0.47,0.00015228
ATM/BTC,1631123705284,2021-09-08T17:55:05.284Z,buy,0.0003241,0.66,0.000213906
ATM/BTC,1631123705284,2021-09-08T17:55:05.284Z,buy,0.0003243,1.19,0.000385917
ATM/BTC,1631123705284,2021-09-08T17:55:05.284Z,buy,0.0003245,2.75,0.0008923749999999999
ATM/BTC,1631123705284,2021-09-08T17:55:05.284Z,buy,0.0003247,0.96,0.00031171199999999996
ATM/BTC,1631123705284,2021-09-08T17:55:05.284Z,buy,0.0003248,299.25,0.09719639999999999
ATM/BTC,1631123705576,2021-09-08T17:55:05.576Z,buy,0.0003248,0.69,0.00022411199999999997
ATM/BTC,1631123729745,2021-09-08T17:55:29.745Z,sell,0.0003225,12.74,0.00410865
ATM/BTC,1631123729982,2021-09-08T17:55:29.982Z,sell,0.0003224,0.62,0.00019988799999999998
ATM/BTC,1631123731146,2021-09-08T17:55:31.146Z,sell,0.0003224,0.76,0.000245024
ATM/BTC,1631123781081,2021-09-08T17:56:21.081Z,sell,0.0003224,18.62,0.006003088
ATM/BTC,1631123796040,2021-09-08T17:56:36.040Z,sell,0.0003223,19.42,0.006259066
ATM/BTC,1631123796046,2021-09-08T17:56:36.046Z,sell,0.0003223,2.33,0.0007509589999999999
ATM/BTC,1631123859269,2021-09-08T17:57:39.269Z,sell,0.0003223,3.86,0.0012440779999999998
ATM/BTC,1631123859269,2021-09-08T17:57:39.269Z,sell,0.0003223,3.86,0.0012440779999999998
ATM/BTC,1631123894022,2021-09-08T17:58:14.022Z,buy,0.0003236,0.7,0.00022652
ATM/BTC,1631123949088,2021-09-08T17:59:09.088Z,sell,0.0003227,1.41,0.00045500699999999995
ATM/BTC,1631123953937,2021-09-08T17:59:13.937Z,sell,0.0003227,0.7,0.00022588999999999997
ATM/BTC,1631123955021,2021-09-08T17:59:15.021Z,buy,0.0003236,12.36,0.003999696
ATM/BTC,1631123998316,2021-09-08T17:59:58.316Z,sell,0.0003229,2.87,0.000926723
ATM/BTC,1631124025674,2021-09-08T18:00:25.674Z,buy,0.0003239,0.32,0.00010364800000000001
ATM/BTC,1631124028663,2021-09-08T18:00:28.663Z,buy,0.000324,0.32,0.00010368000000000001
ATM/BTC,1631124067512,2021-09-08T18:01:07.512Z,buy,0.0003244,0.34,0.00011029600000000002
ATM/BTC,1631124067512,2021-09-08T18:01:07.512Z,buy,0.0003245,1.75,0.0005678749999999999
ATM/BTC,1631124067512,2021-09-08T18:01:07.512Z,buy,0.0003246,0.32,0.000103872
ATM/BTC,1631124067512,2021-09-08T18:01:07.512Z,buy,0.0003247,7.36,0.002389792
ATM/BTC,1631124081652,2021-09-08T18:01:21.652Z,buy,0.0003252,0.09,2.9267999999999998e-05
ATM/BTC,1631124081682,2021-09-08T18:01:21.682Z,buy,0.0003252,2.36,0.000767472
ATM/BTC,1631124084585,2021-09-08T18:01:24.585Z,sell,0.0003238,3.0,0.0009714000000000001
ATM/BTC,1631124088013,2021-09-08T18:01:28.013Z,buy,0.0003252,0.09,2.9267999999999998e-05
ATM/BTC,1631124088029,2021-09-08T18:01:28.029Z,sell,0.0003252,0.95,0.00030893999999999995
ATM/BTC,1631124088039,2021-09-08T18:01:28.039Z,sell,0.0003252,8.18,0.002660136
ATM/BTC,1631124093404,2021-09-08T18:01:33.404Z,sell,0.0003242,2.47,0.0008007740000000001
ATM/BTC,1631124107724,2021-09-08T18:01:47.724Z,buy,0.0003253,0.33,0.000107349
ATM/BTC,1631124142700,2021-09-08T18:02:22.700Z,sell,0.0003251,0.92,0.000299092
ATM/BTC,1631124170497,2021-09-08T18:02:50.497Z,sell,0.0003247,1.96,0.0006364119999999999
ATM/BTC,1631124190404,2021-09-08T18:03:10.404Z,sell,0.0003246,0.59,0.00019151399999999997
ATM/BTC,1631124264799,2021-09-08T18:04:24.799Z,sell,0.0003247,0.93,0.000301971
ATM/BTC,1631124267721,2021-09-08T18:04:27.721Z,sell,0.0003247,7.07,0.002295629
ATM/BTC,1631124317415,2021-09-08T18:05:17.415Z,buy,0.0003252,0.31,0.000100812
ATM/BTC,1631124317431,2021-09-08T18:05:17.431Z,buy,0.0003254,0.33,0.00010738200000000001
ATM/BTC,1631124317442,2021-09-08T18:05:17.442Z,buy,0.0003255,0.39,0.000126945
ATM/BTC,1631124317460,2021-09-08T18:05:17.460Z,buy,0.0003256,0.47,0.000153032
ATM/BTC,1631124320975,2021-09-08T18:05:20.975Z,buy,0.0003258,0.34,0.00011077200000000002
ATM/BTC,1631124320992,2021-09-08T18:05:20.992Z,buy,0.0003258,2.47,0.0008047260000000001
ATM/BTC,1631124320992,2021-09-08T18:05:20.992Z,buy,0.0003259,3.29,0.001072211
ATM/BTC,1631124321008,2021-09-08T18:05:21.008Z,buy,0.000326,0.32,0.00010432
ATM/BTC,1631124321073,2021-09-08T18:05:21.073Z,buy,0.0003261,2.43,0.0007924230000000001
ATM/BTC,1631124321226,2021-09-08T18:05:21.226Z,buy,0.0003262,4.23,0.0013798260000000002
ATM/BTC,1631124321233,2021-09-08T18:05:21.233Z,buy,0.0003262,8.43,0.002749866
ATM/BTC,1631124321648,2021-09-08T18:05:21.648Z,buy,0.0003266,0.34,0.00011104400000000002
ATM/BTC,1631124322253,2021-09-08T18:05:22.253Z,buy,0.0003267,0.32,0.00010454400000000001
ATM/BTC,1631124329524,2021-09-08T18:05:29.524Z,buy,0.0003268,7.42,0.002424856
ATM/BTC,1631124334464,2021-09-08T18:05:34.464Z,sell,0.0003267,0.37,0.000120879
ATM/BTC,1631124345431,2021-09-08T18:05:45.431Z,buy,0.0003266,0.93,0.000303738
ATM/BTC,1631124350045,2021-09-08T18:05:50.045Z,sell,0.0003256,2.58,0.000840048
ATM/BTC,1631124359707,2021-09-08T18:05:59.707Z,buy,0.0003268,32.81,0.010722308
ATM/BTC,1631124360104,2021-09-08T18:06:00.104Z,buy,0.000327,0.31,0.00010136999999999999
ATM/BTC,1631124360945,2021-09-08T18:06:00.945Z,buy,0.0003273,0.32,0.000104736
ATM/BTC,1631124362584,2021-09-08T18:06:02.584Z,buy,0.0003274,0.47,0.00015387799999999998
ATM/BTC,1631124362615,2021-09-08T18:06:02.615Z,buy,0.0003275,2.72,0.0008908000000000001
ATM/BTC,1631124363124,2021-09-08T18:06:03.124Z,buy,0.0003274,1.37,0.000448538
ATM/BTC,1631124372702,2021-09-08T18:06:12.702Z,buy,0.0003275,6.47,0.002118925
ATM/BTC,1631124374721,2021-09-08T18:06:14.721Z,sell,0.0003265,2.76,0.00090114
ATM/BTC,1631124378158,2021-09-08T18:06:18.158Z,sell,0.0003266,9.9,0.0032333400000000003
ATM/BTC,1631124378171,2021-09-08T18:06:18.171Z,sell,0.0003264,9.9,0.0032313600000000004
ATM/BTC,1631124378172,2021-09-08T18:06:18.172Z,sell,0.0003264,10.1,0.00329664
ATM/BTC,1631124417927,2021-09-08T18:06:57.927Z,buy,0.0003277,3.95,0.0012944150000000001
ATM/BTC,1631124426477,2021-09-08T18:07:06.477Z,sell,0.0003269,23.1,0.00755139
ATM/BTC,1631124426646,2021-09-08T18:07:06.646Z,buy,0.0003273,0.32,0.000104736
ATM/BTC,1631124426698,2021-09-08T18:07:06.698Z,sell,0.0003269,2.49,0.000813981
ATM/BTC,1631124426909,2021-09-08T18:07:06.909Z,sell,0.0003269,23.1,0.00755139
ATM/BTC,1631124426932,2021-09-08T18:07:06.932Z,sell,0.0003269,0.48,0.000156912
ATM/BTC,1631124452183,2021-09-08T18:07:32.183Z,buy,0.0003284,1.73,0.0005681320000000001
ATM/BTC,1631124455058,2021-09-08T18:07:35.058Z,buy,0.0003276,3.82,0.001251432
ATM/BTC,1631124458050,2021-09-08T18:07:38.050Z,buy,0.0003286,1.31,0.00043046600000000006
ATM/BTC,1631124495338,2021-09-08T18:08:15.338Z,buy,0.0003288,0.61,0.000200568
ATM/BTC,1631124528225,2021-09-08T18:08:48.225Z,sell,0.0003281,0.45,0.00014764500000000001
ATM/BTC,1631124541945,2021-09-08T18:09:01.945Z,sell,0.0003274,20.0,0.006548
ATM/BTC,1631124541953,2021-09-08T18:09:01.953Z,sell,0.0003272,20.0,0.0065439999999999995
ATM/BTC,1631124541985,2021-09-08T18:09:01.985Z,sell,0.0003267,20.0,0.006534000000000001
ATM/BTC,1631124542057,2021-09-08T18:09:02.057Z,sell,0.0003266,20.0,0.0065320000000000005
ATM/BTC,1631124542357,2021-09-08T18:09:02.357Z,sell,0.0003265,20.0,0.00653
ATM/BTC,1631124542593,2021-09-08T18:09:02.593Z,sell,0.0003264,20.0,0.006528000000000001
ATM/BTC,1631124546328,2021-09-08T18:09:06.328Z,sell,0.0003264,19.49,0.006361536
ATM/BTC,1631124546328,2021-09-08T18:09:06.328Z,sell,0.0003263,4.46,0.001455298
ATM/BTC,1631124547776,2021-09-08T18:09:07.776Z,sell,0.0003263,0.33,0.00010767900000000001
ATM/BTC,1631124599806,2021-09-08T18:09:59.806Z,sell,0.0003264,20.0,0.006528000000000001
ATM/BTC,1631124599807,2021-09-08T18:09:59.807Z,sell,0.0003263,4.55,0.001484665
ATM/BTC,1631124599831,2021-09-08T18:09:59.831Z,sell,0.0003263,10.66,0.0034783580000000004
ATM/BTC,1631124599831,2021-09-08T18:09:59.831Z,sell,0.0003262,20.0,0.006524
ATM/BTC,1631124599857,2021-09-08T18:09:59.857Z,sell,0.0003262,11.23,0.0036632260000000003
ATM/BTC,1631124599880,2021-09-08T18:09:59.880Z,sell,0.0003262,158.43,0.051679866000000005
ATM/BTC,1631124607942,2021-09-08T18:10:07.942Z,sell,0.0003262,0.89,0.000290318
ATM/BTC,1631124607944,2021-09-08T18:10:07.944Z,sell,0.0003262,0.89,0.000290318
ATM/BTC,1631124608190,2021-09-08T18:10:08.190Z,sell,0.0003262,0.73,0.00023812600000000002
ATM/BTC,1631124609194,2021-09-08T18:10:09.194Z,sell,0.0003255,1.73,0.000563115
ATM/BTC,1631124609194,2021-09-08T18:10:09.194Z,sell,0.0003247,2.1,0.00068187
ATM/BTC,1631124674972,2021-09-08T18:11:14.972Z,sell,0.0003248,10.47,0.003400656
ATM/BTC,1631124913591,2021-09-08T18:15:13.591Z,sell,0.0003253,0.36,0.00011710799999999999
ATM/BTC,1631124929212,2021-09-08T18:15:29.212Z,sell,0.0003253,0.62,0.000201686
ATM/BTC,1631125116821,2021-09-08T18:18:36.821Z,buy,0.0003254,12.05,0.0039210700000000005
ATM/BTC,1631125116821,2021-09-08T18:18:36.821Z,buy,0.0003255,0.78,0.00025389
ATM/BTC,1631125162733,2021-09-08T18:19:22.733Z,sell,0.0003247,21.55,0.006997285
ATM/BTC,1631125179250,2021-09-08T18:19:39.250Z,buy,0.000326,7.56,0.0024645599999999998
ATM/BTC,1631125214636,2021-09-08T18:20:14.636Z,buy,0.000326,1.11,0.00036186000000000004
ATM/BTC,1631125290210,2021-09-08T18:21:30.210Z,sell,0.0003246,2.52,0.0008179919999999999
ATM/BTC,1631125321747,2021-09-08T18:22:01.747Z,sell,0.0003245,1.0,0.0003245
ATM/BTC,1631125397878,2021-09-08T18:23:17.878Z,sell,0.0003239,1.47,0.000476133
ATM/BTC,1631125635929,2021-09-08T18:27:15.929Z,buy,0.0003267,0.69,0.000225423
ATM/BTC,1631125742529,2021-09-08T18:29:02.529Z,buy,0.0003268,3.52,0.0011503359999999998
ATM/BTC,1631125759169,2021-09-08T18:29:19.169Z,buy,0.0003277,1.73,0.000566921
ATM/BTC,1631125765125,2021-09-08T18:29:25.125Z,buy,0.0003279,11.19,0.003669201
ATM/BTC,1631125765125,2021-09-08T18:29:25.125Z,buy,0.0003279,11.19,0.003669201
ATM/BTC,1631125765128,2021-09-08T18:29:25.128Z,buy,0.0003279,11.19,0.003669201
ATM/BTC,1631125765129,2021-09-08T18:29:25.129Z,buy,0.0003279,11.19,0.003669201
ATM/BTC,1631125765163,2021-09-08T18:29:25.163Z,buy,0.0003279,11.19,0.003669201
ATM/BTC,1631125765170,2021-09-08T18:29:25.170Z,buy,0.0003279,11.19,0.003669201
ATM/BTC,1631125765173,2021-09-08T18:29:25.173Z,buy,0.0003279,5.12,0.0016788480000000001
ATM/BTC,1631125765174,2021-09-08T18:29:25.174Z,buy,0.0003279,11.19,0.003669201
ATM/BTC,1631125765177,2021-09-08T18:29:25.177Z,buy,0.0003279,11.19,0.003669201
ATM/BTC,1631125766167,2021-09-08T18:29:26.167Z,buy,0.0003279,6.07,0.0019903530000000003
ATM/BTC,1631125766172,2021-09-08T18:29:26.172Z,buy,0.0003279,6.58,0.002157582
ATM/BTC,1631125766178,2021-09-08T18:29:26.178Z,buy,0.0003279,4.54,0.001488666
ATM/BTC,1631125775843,2021-09-08T18:29:35.843Z,sell,0.000327,6.57,0.00214839
ATM/BTC,1631125775878,2021-09-08T18:29:35.878Z,sell,0.000327,5.12,0.00167424
ATM/BTC,1631125829935,2021-09-08T18:30:29.935Z,sell,0.0003276,1.32,0.000432432
ATM/BTC,1631125849574,2021-09-08T18:30:49.574Z,sell,0.0003276,5.35,0.0017526599999999999
ATM/BTC,1631125849581,2021-09-08T18:30:49.581Z,buy,0.0003273,230.0,0.075279
ATM/BTC,1631125849581,2021-09-08T18:30:49.581Z,buy,0.0003273,21.15,0.006922395
ATM/BTC,1631125849584,2021-09-08T18:30:49.584Z,buy,0.0003273,11.16,0.003652668
ATM/BTC,1631125849618,2021-09-08T18:30:49.618Z,buy,0.0003273,53.94,0.017654562
ATM/BTC,1631125849661,2021-09-08T18:30:49.661Z,buy,0.0003273,11.37,0.0037214009999999996
ATM/BTC,1631125849674,2021-09-08T18:30:49.674Z,buy,0.0003273,9.88,0.0032337240000000003
ATM/BTC,1631125849676,2021-09-08T18:30:49.676Z,buy,0.0003273,9.89,0.003236997
ATM/BTC,1631125849737,2021-09-08T18:30:49.737Z,buy,0.0003273,9.89,0.003236997
ATM/BTC,1631125849775,2021-09-08T18:30:49.775Z,buy,0.0003273,15.75,0.005154975
ATM/BTC,1631125891995,2021-09-08T18:31:31.995Z,buy,0.0003268,11.68,0.0038170239999999996
ATM/BTC,1631125943158,2021-09-08T18:32:23.158Z,sell,0.0003267,25.0,0.008167500000000001
ATM/BTC,1631125943277,2021-09-08T18:32:23.277Z,sell,0.0003255,1.73,0.000563115
ATM/BTC,1631125943277,2021-09-08T18:32:23.277Z,sell,0.0003247,20.0,0.006494
ATM/BTC,1631125943277,2021-09-08T18:32:23.277Z,sell,0.0003246,2.52,0.0008179919999999999
ATM/BTC,1631125943277,2021-09-08T18:32:23.277Z,sell,0.0003245,1.0,0.0003245
ATM/BTC,1631125943277,2021-09-08T18:32:23.277Z,sell,0.0003239,0.27,8.7453e-05
ATM/BTC,1631125943277,2021-09-08T18:32:23.277Z,sell,0.0003237,8.12,0.0026284439999999997
ATM/BTC,1631125943277,2021-09-08T18:32:23.277Z,sell,0.0003235,21.53,0.006964955
ATM/BTC,1631125943277,2021-09-08T18:32:23.277Z,sell,0.0003235,2.93,0.000947855
ATM/BTC,1631125948909,2021-09-08T18:32:28.909Z,buy,0.0003261,1.74,0.000567414
ATM/BTC,1631125951321,2021-09-08T18:32:31.321Z,sell,0.0003245,4.94,0.00160303
ATM/BTC,1631125967574,2021-09-08T18:32:47.574Z,buy,0.0003259,2.66,0.0008668940000000001
ATM/BTC,1631126010033,2021-09-08T18:33:30.033Z,sell,0.0003253,20.0,0.006506
ATM/BTC,1631126010837,2021-09-08T18:33:30.837Z,sell,0.0003239,1.74,0.000563586
ATM/BTC,1631126012510,2021-09-08T18:33:32.510Z,sell,0.000325,1.53,0.00049725
ATM/BTC,1631126012531,2021-09-08T18:33:32.531Z,sell,0.0003234,0.47,0.000151998
ATM/BTC,1631126012531,2021-09-08T18:33:32.531Z,sell,0.000323,1.06,0.00034238
ATM/BTC,1631126058523,2021-09-08T18:34:18.523Z,buy,0.0003247,5.35,0.0017371449999999998
ATM/BTC,1631126066676,2021-09-08T18:34:26.676Z,buy,0.000326,0.11,3.586e-05
ATM/BTC,1631126115597,2021-09-08T18:35:15.597Z,buy,0.0003257,1.21,0.000394097
ATM/BTC,1631126115597,2021-09-08T18:35:15.597Z,buy,0.0003258,0.46,0.000149868
ATM/BTC,1631126269358,2021-09-08T18:37:49.358Z,sell,0.000325,1.0,0.000325
ATM/BTC,1631126269388,2021-09-08T18:37:49.388Z,sell,0.0003235,1.0,0.0003235
ATM/BTC,1631126764334,2021-09-08T18:46:04.334Z,sell,0.0003236,6.18,0.001999848
ATM/BTC,1631126767099,2021-09-08T18:46:07.099Z,sell,0.0003235,0.31,0.000100285
ATM/BTC,1631126767133,2021-09-08T18:46:07.133Z,sell,0.0003234,20.0,0.006468
ATM/BTC,1631126767179,2021-09-08T18:46:07.179Z,sell,0.0003233,20.0,0.0064659999999999995
ATM/BTC,1631126767234,2021-09-08T18:46:07.234Z,sell,0.0003232,112.82,0.036463423999999994
ATM/BTC,1631126914304,2021-09-08T18:48:34.304Z,sell,0.000323,1.48,0.00047804
ATM/BTC,1631126914304,2021-09-08T18:48:34.304Z,sell,0.0003223,1.75,0.0005640249999999999
ATM/BTC,1631126914304,2021-09-08T18:48:34.304Z,sell,0.0003222,1.0,0.0003222
ATM/BTC,1631126914304,2021-09-08T18:48:34.304Z,sell,0.0003218,1.96,0.000630728
ATM/BTC,1631126914429,2021-09-08T18:48:34.429Z,buy,0.0003244,15.02,0.004872488
ATM/BTC,1631127014358,2021-09-08T18:50:14.358Z,buy,0.0003241,1.38,0.00044725799999999997
ATM/BTC,1631127226898,2021-09-08T18:53:46.898Z,buy,0.0003236,20.0,0.006472
ATM/BTC,1631127226924,2021-09-08T18:53:46.924Z,buy,0.0003237,5.74,0.001858038
ATM/BTC,1631127226931,2021-09-08T18:53:46.931Z,buy,0.0003237,14.26,0.004615962
ATM/BTC,1631127400959,2021-09-08T18:56:40.959Z,buy,0.0003236,0.92,0.000297712
ATM/BTC,1631127400959,2021-09-08T18:56:40.959Z,buy,0.0003236,0.92,0.000297712
ATM/BTC,1631127695259,2021-09-08T19:01:35.259Z,sell,0.0003231,1.2,0.00038772
ATM/BTC,1631127912071,2021-09-08T19:05:12.071Z,sell,0.0003231,1.2,0.00038772
ATM/BTC,1631127946792,2021-09-08T19:05:46.792Z,buy,0.0003231,0.9,0.00029079
ATM/BTC,1631127946792,2021-09-08T19:05:46.792Z,buy,0.0003234,68.79,0.022246686
ATM/BTC,1631128075813,2021-09-08T19:07:55.813Z,buy,0.0003235,20.0,0.00647
ATM/BTC,1631128075836,2021-09-08T19:07:55.836Z,buy,0.0003236,20.0,0.006472
ATM/BTC,1631128075854,2021-09-08T19:07:55.854Z,buy,0.0003237,20.0,0.006474000000000001
ATM/BTC,1631128075875,2021-09-08T19:07:55.875Z,buy,0.0003238,20.0,0.006476
ATM/BTC,1631128093905,2021-09-08T19:08:13.905Z,buy,0.0003245,21.32,0.006918339999999999
ATM/BTC,1631128093905,2021-09-08T19:08:13.905Z,buy,0.0003246,3.11,0.0010095059999999999
ATM/BTC,1631128104059,2021-09-08T19:08:24.059Z,sell,0.0003231,20.0,0.006462
ATM/BTC,1631128104129,2021-09-08T19:08:24.129Z,sell,0.0003225,16.14,0.0052051499999999995
ATM/BTC,1631128104130,2021-09-08T19:08:24.130Z,sell,0.0003225,76.88,0.024793799999999998
ATM/BTC,1631128105985,2021-09-08T19:08:25.985Z,sell,0.0003224,1.14,0.00036753599999999996
ATM/BTC,1631128106587,2021-09-08T19:08:26.587Z,sell,0.0003223,1.75,0.0005640249999999999
ATM/BTC,1631128114257,2021-09-08T19:08:34.257Z,sell,0.0003222,1.0,0.0003222
ATM/BTC,1631128147206,2021-09-08T19:09:07.206Z,sell,0.0003219,23.2,0.00746808
ATM/BTC,1631128170311,2021-09-08T19:09:30.311Z,buy,0.000323,1.14,0.00036821999999999994
ATM/BTC,1631128170343,2021-09-08T19:09:30.343Z,buy,0.0003245,2.75,0.0008923749999999999
ATM/BTC,1631128170343,2021-09-08T19:09:30.343Z,buy,0.0003248,11.81,0.003835888
ATM/BTC,1631128170518,2021-09-08T19:09:30.518Z,buy,0.0003248,12.65,0.00410872
ATM/BTC,1631128171615,2021-09-08T19:09:31.615Z,buy,0.0003252,2.54,0.000826008
ATM/BTC,1631128197239,2021-09-08T19:09:57.239Z,sell,0.0003244,13.76,0.004463744
ATM/BTC,1631128213609,2021-09-08T19:10:13.609Z,buy,0.0003242,1.13,0.000366346
ATM/BTC,1631128213609,2021-09-08T19:10:13.609Z,buy,0.0003243,12.63,0.004095909000000001
ATM/BTC,1631128213609,2021-09-08T19:10:13.609Z,buy,0.0003244,10.67,0.0034613480000000004
ATM/BTC,1631128250129,2021-09-08T19:10:50.129Z,buy,0.0003261,0.11,3.5871e-05
ATM/BTC,1631128338181,2021-09-08T19:12:18.181Z,buy,0.0003252,0.34,0.000110568
ATM/BTC,1631128507229,2021-09-08T19:15:07.229Z,buy,0.0003247,1.4,0.00045457999999999995
ATM/BTC,1631128713094,2021-09-08T19:18:33.094Z,buy,0.0003243,20.0,0.0064860000000000004
ATM/BTC,1631128713249,2021-09-08T19:18:33.249Z,buy,0.0003244,20.0,0.006488000000000001
ATM/BTC,1631128794997,2021-09-08T19:19:54.997Z,sell,0.000323,2.54,0.00082042
ATM/BTC,1631128982948,2021-09-08T19:23:02.948Z,sell,0.000323,1.68,0.0005426399999999999
ATM/BTC,1631128982980,2021-09-08T19:23:02.980Z,sell,0.0003224,65.56,0.021136544
ATM/BTC,1631128982990,2021-09-08T19:23:02.990Z,sell,0.0003224,27.49,0.008862776
ATM/BTC,1631128982999,2021-09-08T19:23:02.999Z,sell,0.0003223,1.75,0.0005640249999999999
ATM/BTC,1631128983003,2021-09-08T19:23:03.003Z,sell,0.0003222,1.0,0.0003222
ATM/BTC,1631128983003,2021-09-08T19:23:03.003Z,sell,0.0003217,3.1,0.00099727
ATM/BTC,1631128983003,2021-09-08T19:23:03.003Z,sell,0.0003216,0.47,0.000151152
ATM/BTC,1631128983003,2021-09-08T19:23:03.003Z,sell,0.0003214,5.15,0.00165521
ATM/BTC,1631128983003,2021-09-08T19:23:03.003Z,sell,0.0003212,16.42,0.005274104000000001
ATM/BTC,1631129046809,2021-09-08T19:24:06.809Z,sell,0.0003215,7.55,0.002427325
ATM/BTC,1631129195297,2021-09-08T19:26:35.297Z,buy,0.0003236,0.32,0.000103552
ATM/BTC,1631129201077,2021-09-08T19:26:41.077Z,buy,0.0003236,0.61,0.000197396
ATM/BTC,1631129258632,2021-09-08T19:27:38.632Z,buy,0.0003236,1.62,0.000524232
ATM/BTC,1631129258673,2021-09-08T19:27:38.673Z,buy,0.0003237,16.42,0.005315154000000001
ATM/BTC,1631129339432,2021-09-08T19:28:59.432Z,sell,0.0003237,0.89,0.000288093
ATM/BTC,1631129339433,2021-09-08T19:28:59.433Z,sell,0.0003237,0.03,9.711e-06
ATM/BTC,1631129464501,2021-09-08T19:31:04.501Z,buy,0.0003236,0.89,0.000288004
ATM/BTC,1631129464501,2021-09-08T19:31:04.501Z,buy,0.0003237,3.04,0.000984048
ATM/BTC,1631129464501,2021-09-08T19:31:04.501Z,buy,0.0003244,20.0,0.006488000000000001
ATM/BTC,1631129464501,2021-09-08T19:31:04.501Z,buy,0.0003245,2.75,0.0008923749999999999
ATM/BTC,1631129464501,2021-09-08T19:31:04.501Z,buy,0.0003247,4.63,0.001503361
ATM/BTC,1631129464501,2021-09-08T19:31:04.501Z,buy,0.0003252,2.54,0.000826008
ATM/BTC,1631129464501,2021-09-08T19:31:04.501Z,buy,0.0003256,0.47,0.000153032
ATM/BTC,1631129464501,2021-09-08T19:31:04.501Z,buy,0.0003257,112.06,0.036497942
ATM/BTC,1631129464501,2021-09-08T19:31:04.501Z,buy,0.0003259,2.6,0.00084734
ATM/BTC,1631129464501,2021-09-08T19:31:04.501Z,buy,0.000326,93.05,0.0303343
ATM/BTC,1631129464501,2021-09-08T19:31:04.501Z,buy,0.0003261,1.63,0.000531543
ATM/BTC,1631129464501,2021-09-08T19:31:04.501Z,buy,0.0003263,232.69,0.075926747
ATM/BTC,1631129464501,2021-09-08T19:31:04.501Z,buy,0.0003266,2.66,0.0008687560000000002
ATM/BTC,1631129464501,2021-09-08T19:31:04.501Z,buy,0.0003267,24.65,0.008053155
ATM/BTC,1631129464501,2021-09-08T19:31:04.501Z,buy,0.0003268,4.13,0.0013496839999999999
ATM/BTC,1631129464501,2021-09-08T19:31:04.501Z,buy,0.000327,0.29,9.482999999999998e-05
ATM/BTC,1631129464513,2021-09-08T19:31:04.513Z,buy,0.000327,1.79,0.00058533
ATM/BTC,1631129464514,2021-09-08T19:31:04.514Z,buy,0.0003275,0.47,0.000153925
ATM/BTC,1631129464514,2021-09-08T19:31:04.514Z,buy,0.0003277,1.73,0.000566921
ATM/BTC,1631129464514,2021-09-08T19:31:04.514Z,buy,0.000328,2.08,0.0006822400000000001
ATM/BTC,1631129464514,2021-09-08T19:31:04.514Z,buy,0.0003284,2.51,0.000824284
ATM/BTC,1631129464514,2021-09-08T19:31:04.514Z,buy,0.0003286,1.31,0.00043046600000000006
ATM/BTC,1631129464514,2021-09-08T19:31:04.514Z,buy,0.0003291,1.47,0.00048377699999999996
ATM/BTC,1631129464514,2021-09-08T19:31:04.514Z,buy,0.0003292,0.33,0.000108636
ATM/BTC,1631129464514,2021-09-08T19:31:04.514Z,buy,0.0003293,23.85,0.007853805
ATM/BTC,1631129464514,2021-09-08T19:31:04.514Z,buy,0.0003294,1.72,0.0005665679999999999
ATM/BTC,1631129464514,2021-09-08T19:31:04.514Z,buy,0.0003295,24.23,0.007983785
ATM/BTC,1631129464514,2021-09-08T19:31:04.514Z,buy,0.0003296,0.65,0.00021424
ATM/BTC,1631129464514,2021-09-08T19:31:04.514Z,buy,0.0003299,101.77,0.033573923
ATM/BTC,1631129465510,2021-09-08T19:31:05.510Z,buy,0.0003291,13.37,0.004400067
ATM/BTC,1631129470190,2021-09-08T19:31:10.190Z,sell,0.0003272,1.72,0.000562784
ATM/BTC,1631129470190,2021-09-08T19:31:10.190Z,sell,0.0003268,1.0,0.0003268
ATM/BTC,1631129470190,2021-09-08T19:31:10.190Z,sell,0.0003262,2.49,0.0008122380000000001
ATM/BTC,1631129491398,2021-09-08T19:31:31.398Z,sell,0.0003262,0.02,6.5240000000000006e-06
ATM/BTC,1631129491477,2021-09-08T19:31:31.477Z,sell,0.0003255,1.73,0.000563115
ATM/BTC,1631129585450,2021-09-08T19:33:05.450Z,buy,0.0003277,0.46,0.00015074200000000001
ATM/BTC,1631129586524,2021-09-08T19:33:06.524Z,sell,0.0003272,0.46,0.000150512
ATM/BTC,1631129587292,2021-09-08T19:33:07.292Z,sell,0.0003265,1.02,0.00033303
ATM/BTC,1631129592966,2021-09-08T19:33:12.966Z,sell,0.0003248,12.6,0.00409248
ATM/BTC,1631129592966,2021-09-08T19:33:12.966Z,sell,0.0003247,1.31,0.000425357
ATM/BTC,1631129592966,2021-09-08T19:33:12.966Z,sell,0.0003246,2.52,0.0008179919999999999
ATM/BTC,1631129599701,2021-09-08T19:33:19.701Z,sell,0.0003245,1.0,0.0003245
ATM/BTC,1631129615467,2021-09-08T19:33:35.467Z,sell,0.0003243,6.66,0.0021598380000000003
ATM/BTC,1631129615467,2021-09-08T19:33:35.467Z,sell,0.0003243,6.7,0.0021728100000000003
ATM/BTC,1631129615469,2021-09-08T19:33:35.469Z,sell,0.0003243,6.64,0.002153352
ATM/BTC,1631129615476,2021-09-08T19:33:35.476Z,sell,0.0003243,6.66,0.0021598380000000003
ATM/BTC,1631129615476,2021-09-08T19:33:35.476Z,sell,0.0003243,2.58,0.0008366940000000001
ATM/BTC,1631129615478,2021-09-08T19:33:35.478Z,sell,0.0003243,1.54,0.000499422
ATM/BTC,1631129615478,2021-09-08T19:33:35.478Z,sell,0.0003239,1.54,0.0004988060000000001
ATM/BTC,1631129718255,2021-09-08T19:35:18.255Z,sell,0.0003239,0.2,6.478e-05
ATM/BTC,1631129718372,2021-09-08T19:35:18.372Z,buy,0.0003239,0.78,0.000252642
ATM/BTC,1631129728652,2021-09-08T19:35:28.652Z,sell,0.000325,0.47,0.00015274999999999997
ATM/BTC,1631129819120,2021-09-08T19:36:59.120Z,sell,0.0003235,0.65,0.000210275
ATM/BTC,1631129820385,2021-09-08T19:37:00.385Z,buy,0.0003235,0.02,6.47e-06
ATM/BTC,1631129915531,2021-09-08T19:38:35.531Z,sell,0.0003236,0.48,0.000155328
ATM/BTC,1631130053317,2021-09-08T19:40:53.317Z,buy,0.0003246,11.69,0.0037945739999999993
ATM/BTC,1631130223698,2021-09-08T19:43:43.698Z,sell,0.0003234,0.47,0.000151998
ATM/BTC,1631130312973,2021-09-08T19:45:12.973Z,buy,0.0003259,2.89,0.0009418510000000001
ATM/BTC,1631130314916,2021-09-08T19:45:14.916Z,sell,0.0003234,4.59,0.001484406
ATM/BTC,1631130318626,2021-09-08T19:45:18.626Z,buy,0.0003259,1.93,0.000628987
ATM/BTC,1631130320575,2021-09-08T19:45:20.575Z,buy,0.0003259,1.34,0.00043670600000000003
ATM/BTC,1631130331313,2021-09-08T19:45:31.313Z,sell,0.0003235,11.99,0.003878765
ATM/BTC,1631130334085,2021-09-08T19:45:34.085Z,buy,0.0003259,6.63,0.002160717
ATM/BTC,1631130334180,2021-09-08T19:45:34.180Z,buy,0.0003259,6.63,0.002160717
ATM/BTC,1631130334451,2021-09-08T19:45:34.451Z,buy,0.0003259,2.61,0.000850599
ATM/BTC,1631130335321,2021-09-08T19:45:35.321Z,buy,0.0003259,2.61,0.000850599
ATM/BTC,1631130335391,2021-09-08T19:45:35.391Z,buy,0.0003259,3.08,0.001003772
ATM/BTC,1631130335420,2021-09-08T19:45:35.420Z,buy,0.0003259,2.31,0.000752829
ATM/BTC,1631130335450,2021-09-08T19:45:35.450Z,buy,0.0003259,0.75,0.000244425
ATM/BTC,1631130338717,2021-09-08T19:45:38.717Z,buy,0.0003261,1.74,0.000567414
ATM/BTC,1631130370786,2021-09-08T19:46:10.786Z,buy,0.0003262,12.63,0.0041199060000000004
ATM/BTC,1631130371789,2021-09-08T19:46:11.789Z,buy,0.0003268,3.52,0.0011503359999999998
ATM/BTC,1631130371789,2021-09-08T19:46:11.789Z,buy,0.0003275,0.47,0.000153925
ATM/BTC,1631130371789,2021-09-08T19:46:11.789Z,buy,0.0003277,1.27,0.00041617900000000003
ATM/BTC,1631130371789,2021-09-08T19:46:11.789Z,buy,0.0003284,2.51,0.000824284
ATM/BTC,1631130371789,2021-09-08T19:46:11.789Z,buy,0.0003286,1.31,0.00043046600000000006
ATM/BTC,1631130371789,2021-09-08T19:46:11.789Z,buy,0.0003291,1.47,0.00048377699999999996
ATM/BTC,1631130371789,2021-09-08T19:46:11.789Z,buy,0.0003294,1.37,0.000451278
ATM/BTC,1631130376203,2021-09-08T19:46:16.203Z,sell,0.0003268,1.0,0.0003268
ATM/BTC,1631130428731,2021-09-08T19:47:08.731Z,sell,0.0003262,2.51,0.000818762
ATM/BTC,1631130435450,2021-09-08T19:47:15.450Z,sell,0.0003255,1.73,0.000563115
ATM/BTC,1631130442357,2021-09-08T19:47:22.357Z,sell,0.0003247,1.31,0.000425357
ATM/BTC,1631130442383,2021-09-08T19:47:22.383Z,sell,0.0003246,1.31,0.000425226
ATM/BTC,1631130456464,2021-09-08T19:47:36.464Z,sell,0.0003246,0.78,0.000253188
ATM/BTC,1631130464174,2021-09-08T19:47:44.174Z,sell,0.0003246,0.43,0.00013957799999999998
ATM/BTC,1631130464180,2021-09-08T19:47:44.180Z,sell,0.0003245,1.0,0.0003245
ATM/BTC,1631130464422,2021-09-08T19:47:44.422Z,sell,0.0003239,1.74,0.000563586
ATM/BTC,1631130464604,2021-09-08T19:47:44.604Z,sell,0.0003235,1.97,0.000637295
ATM/BTC,1631130646993,2021-09-08T19:50:46.993Z,sell,0.000325,0.47,0.00015274999999999997
ATM/BTC,1631130646993,2021-09-08T19:50:46.993Z,sell,0.000325,0.47,0.00015274999999999997
ATM/BTC,1631131060771,2021-09-08T19:57:40.771Z,buy,0.0003244,0.35,0.00011354
ATM/BTC,1631131060778,2021-09-08T19:57:40.778Z,sell,0.000325,1.18,0.00038349999999999994
ATM/BTC,1631131305151,2021-09-08T20:01:45.151Z,buy,0.000325,0.92,0.000299
ATM/BTC,1631131345981,2021-09-08T20:02:25.981Z,buy,0.0003247,8.19,0.0026592929999999996
ATM/BTC,1631131445360,2021-09-08T20:04:05.360Z,sell,0.0003235,0.84,0.00027173999999999997
ATM/BTC,1631131445360,2021-09-08T20:04:05.360Z,sell,0.0003234,0.47,0.000151998
ATM/BTC,1631131445360,2021-09-08T20:04:05.360Z,sell,0.0003231,0.07,2.2617e-05
ATM/BTC,1631131460736,2021-09-08T20:04:20.736Z,sell,0.0003233,35.5,0.01147715
ATM/BTC,1631131460742,2021-09-08T20:04:20.742Z,sell,0.0003233,57.22,0.018499226
ATM/BTC,1631131477514,2021-09-08T20:04:37.514Z,sell,0.000323,2.54,0.00082042
ATM/BTC,1631131537549,2021-09-08T20:05:37.549Z,buy,0.000325,3.81,0.00123825
ATM/BTC,1631131537581,2021-09-08T20:05:37.581Z,buy,0.0003252,2.54,0.000826008
ATM/BTC,1631131568873,2021-09-08T20:06:08.873Z,buy,0.0003251,6.82,0.002217182
ATM/BTC,1631131749500,2021-09-08T20:09:09.500Z,sell,0.000323,2.54,0.00082042
ATM/BTC,1631131773144,2021-09-08T20:09:33.144Z,sell,0.0003223,1.75,0.0005640249999999999
ATM/BTC,1631131775872,2021-09-08T20:09:35.872Z,sell,0.0003222,1.0,0.0003222
ATM/BTC,1631131806546,2021-09-08T20:10:06.546Z,buy,0.000324,0.09,2.916e-05
ATM/BTC,1631132266793,2021-09-08T20:17:46.793Z,buy,0.000324,3.15,0.0010206
ATM/BTC,1631132344715,2021-09-08T20:19:04.715Z,buy,0.0003245,2.75,0.0008923749999999999
ATM/BTC,1631132397330,2021-09-08T20:19:57.330Z,buy,0.0003252,1.38,0.00044877599999999996
ATM/BTC,1631132409748,2021-09-08T20:20:09.748Z,buy,0.0003252,0.71,0.00023089199999999998
ATM/BTC,1631132592550,2021-09-08T20:23:12.550Z,buy,0.0003252,0.7,0.00022763999999999998
ATM/BTC,1631132700723,2021-09-08T20:25:00.723Z,sell,0.0003225,12.35,0.0039828749999999994
ATM/BTC,1631133012455,2021-09-08T20:30:12.455Z,buy,0.0003225,4.48,0.0014448
ATM/BTC,1631133543748,2021-09-08T20:39:03.748Z,sell,0.0003225,0.68,0.0002193
ATM/BTC,1631133557708,2021-09-08T20:39:17.708Z,sell,0.0003223,1.75,0.0005640249999999999
ATM/BTC,1631133560079,2021-09-08T20:39:20.079Z,sell,0.0003222,0.34,0.00010954800000000002
ATM/BTC,1631133592699,2021-09-08T20:39:52.699Z,sell,0.0003222,2.99,0.0009633780000000002
ATM/BTC,1631133641091,2021-09-08T20:40:41.091Z,buy,0.0003236,0.62,0.000200632
ATM/BTC,1631133682167,2021-09-08T20:41:22.167Z,buy,0.0003245,1.27,0.00041211499999999995
ATM/BTC,1631133700315,2021-09-08T20:41:40.315Z,buy,0.0003245,0.47,0.00015251499999999999
ATM/BTC,1631133714284,2021-09-08T20:41:54.284Z,buy,0.0003245,5.69,0.001846405
ATM/BTC,1631133810313,2021-09-08T20:43:30.313Z,sell,0.0003223,1.75,0.0005640249999999999
ATM/BTC,1631133810320,2021-09-08T20:43:30.320Z,sell,0.0003222,1.0,0.0003222
ATM/BTC,1631134149356,2021-09-08T20:49:09.356Z,buy,0.0003238,10.38,0.0033610440000000005
ATM/BTC,1631134149357,2021-09-08T20:49:09.357Z,buy,0.0003238,9.62,0.003114956
ATM/BTC,1631134149357,2021-09-08T20:49:09.357Z,buy,0.0003238,9.62,0.003114956
ATM/BTC,1631134341482,2021-09-08T20:52:21.482Z,buy,0.0003236,20.0,0.006472
ATM/BTC,1631134341482,2021-09-08T20:52:21.482Z,buy,0.0003238,20.0,0.006476
ATM/BTC,1631134341482,2021-09-08T20:52:21.482Z,buy,0.0003239,26.46,0.008570394
ATM/BTC,1631134371601,2021-09-08T20:52:51.601Z,buy,0.0003236,4.18,0.001352648
ATM/BTC,1631134388693,2021-09-08T20:53:08.693Z,sell,0.0003216,0.47,0.000151152
ATM/BTC,1631134402274,2021-09-08T20:53:22.274Z,sell,0.0003214,5.15,0.00165521
ATM/BTC,1631134736956,2021-09-08T20:58:56.956Z,buy,0.0003215,0.35,0.000112525
ATM/BTC,1631134750633,2021-09-08T20:59:10.633Z,buy,0.0003227,20.0,0.006454
ATM/BTC,1631134913032,2021-09-08T21:01:53.032Z,buy,0.0003234,20.0,0.006468
ATM/BTC,1631134999917,2021-09-08T21:03:19.917Z,sell,0.0003216,20.93,0.0067310880000000005
ATM/BTC,1631135010745,2021-09-08T21:03:30.745Z,sell,0.0003212,10.05,0.00322806
ATM/BTC,1631135010745,2021-09-08T21:03:30.745Z,sell,0.0003211,8.34,0.002677974
ATM/BTC,1631135010752,2021-09-08T21:03:30.752Z,sell,0.0003211,11.66,0.003744026
ATM/BTC,1631135010752,2021-09-08T21:03:30.752Z,sell,0.0003209,2.75,0.000882475
ATM/BTC,1631135010761,2021-09-08T21:03:30.761Z,sell,0.0003209,4.0,0.0012836
ATM/BTC,1631135015887,2021-09-08T21:03:35.887Z,buy,0.0003212,19.79,0.006356548
ATM/BTC,1631135066877,2021-09-08T21:04:26.877Z,sell,0.0003218,1.34,0.00043121200000000004
ATM/BTC,1631135066897,2021-09-08T21:04:26.897Z,sell,0.0003217,9.34,0.003004678
ATM/BTC,1631135076081,2021-09-08T21:04:36.081Z,sell,0.0003217,10.66,0.0034293220000000003
ATM/BTC,1631135192344,2021-09-08T21:06:32.344Z,sell,0.0003217,0.48,0.000154416
ATM/BTC,1631135495731,2021-09-08T21:11:35.731Z,buy,0.0003233,1.34,0.00043322200000000003
ATM/BTC,1631135495731,2021-09-08T21:11:35.731Z,buy,0.0003234,1.75,0.00056595
ATM/BTC,1631135573899,2021-09-08T21:12:53.899Z,buy,0.0003234,0.92,0.00029752800000000003
ATM/BTC,1631135660180,2021-09-08T21:14:20.180Z,sell,0.0003214,4.67,0.001500938
ATM/BTC,1631135660180,2021-09-08T21:14:20.180Z,sell,0.0003214,15.33,0.004927062
ATM/BTC,1631135871830,2021-09-08T21:17:51.830Z,buy,0.0003214,1.53,0.000491742
ATM/BTC,1631136128875,2021-09-08T21:22:08.875Z,sell,0.0003214,0.32,0.000102848
ATM/BTC,1631136128886,2021-09-08T21:22:08.886Z,buy,0.0003214,1.21,0.000388894
ATM/BTC,1631136211668,2021-09-08T21:23:31.668Z,sell,0.0003209,12.92,0.0041460279999999995
ATM/BTC,1631136211668,2021-09-08T21:23:31.668Z,sell,0.0003207,1.75,0.0005612249999999999
ATM/BTC,1631136211668,2021-09-08T21:23:31.668Z,sell,0.0003202,10.08,0.003227616
ATM/BTC,1631136211668,2021-09-08T21:23:31.668Z,sell,0.0003201,1.55,0.000496155
ATM/BTC,1631136332436,2021-09-08T21:25:32.436Z,buy,0.0003229,1.75,0.000565075
ATM/BTC,1631136332442,2021-09-08T21:25:32.442Z,sell,0.0003229,0.11,3.5518999999999997e-05
ATM/BTC,1631136336385,2021-09-08T21:25:36.385Z,sell,0.0003229,2.87,0.000926723
ATM/BTC,1631136341729,2021-09-08T21:25:41.729Z,sell,0.0003229,3.09,0.000997761
ATM/BTC,1631136353905,2021-09-08T21:25:53.905Z,buy,0.000323,2.82,0.0009108599999999999
ATM/BTC,1631136911714,2021-09-08T21:35:11.714Z,buy,0.0003224,0.49,0.000157976
ATM/BTC,1631136947485,2021-09-08T21:35:47.485Z,sell,0.0003207,1.75,0.0005612249999999999
ATM/BTC,1631137513305,2021-09-08T21:45:13.305Z,sell,0.0003213,1.52,0.000488376
ATM/BTC,1631137513305,2021-09-08T21:45:13.305Z,sell,0.0003213,1.52,0.000488376
ATM/BTC,1631138413239,2021-09-08T22:00:13.239Z,sell,0.0003213,0.65,0.000208845
ATM/BTC,1631138413248,2021-09-08T22:00:13.248Z,buy,0.0003213,0.9,0.00028917
ATM/BTC,1631138500767,2021-09-08T22:01:40.767Z,buy,0.0003227,1.55,0.000500185
ATM/BTC,1631138688397,2021-09-08T22:04:48.397Z,buy,0.0003222,1.86,0.0005992920000000001
ATM/BTC,1631139191166,2021-09-08T22:13:11.166Z,sell,0.0003205,5.0,0.0016025
ATM/BTC,1631139622173,2021-09-08T22:20:22.173Z,sell,0.0003205,0.93,0.000298065
ATM/BTC,1631139622287,2021-09-08T22:20:22.287Z,buy,0.0003205,0.83,0.000266015
ATM/BTC,1631139685901,2021-09-08T22:21:25.901Z,buy,0.0003228,1.55,0.0005003399999999999
ATM/BTC,1631139686296,2021-09-08T22:21:26.296Z,buy,0.0003229,1.75,0.000565075
ATM/BTC,1631139737865,2021-09-08T22:22:17.865Z,buy,0.0003236,2.55,0.0008251799999999999
ATM/BTC,1631139791179,2021-09-08T22:23:11.179Z,sell,0.0003215,5.87,0.001887205
ATM/BTC,1631140524755,2021-09-08T22:35:24.755Z,sell,0.0003218,0.42,0.000135156
ATM/BTC,1631140827375,2021-09-08T22:40:27.375Z,buy,0.0003233,0.11,3.5563e-05
ATM/BTC,1631140867757,2021-09-08T22:41:07.757Z,buy,0.0003233,0.32,0.00010345600000000001
ATM/BTC,1631141103783,2021-09-08T22:45:03.783Z,buy,0.0003239,10.4,0.00336856
ATM/BTC,1631141103792,2021-09-08T22:45:03.792Z,buy,0.0003239,0.55,0.00017814500000000002
ATM/BTC,1631141104064,2021-09-08T22:45:04.064Z,sell,0.0003239,10.95,0.003546705
ATM/BTC,1631141104064,2021-09-08T22:45:04.064Z,sell,0.0003239,10.95,0.003546705
ATM/BTC,1631141147411,2021-09-08T22:45:47.411Z,sell,0.0003221,1.31,0.00042195100000000005
ATM/BTC,1631141147411,2021-09-08T22:45:47.411Z,sell,0.000322,0.75,0.00024150000000000002
ATM/BTC,1631141419046,2021-09-08T22:50:19.046Z,buy,0.000322,0.41,0.00013202
ATM/BTC,1631142068255,2021-09-08T23:01:08.255Z,sell,0.0003218,0.32,0.00010297600000000001
ATM/BTC,1631142244741,2021-09-08T23:04:04.741Z,buy,0.0003244,1.31,0.00042496400000000006
ATM/BTC,1631142244756,2021-09-08T23:04:04.756Z,buy,0.0003245,2.75,0.0008923749999999999
ATM/BTC,1631142300946,2021-09-08T23:05:00.946Z,buy,0.000325,0.68,0.000221
ATM/BTC,1631142443189,2021-09-08T23:07:23.189Z,sell,0.0003223,1.75,0.0005640249999999999
ATM/BTC,1631143222759,2021-09-08T23:20:22.759Z,sell,0.0003223,3.43,0.0011054889999999999
ATM/BTC,1631143363715,2021-09-08T23:22:43.715Z,buy,0.0003243,2.0,0.0006486
ATM/BTC,1631143378976,2021-09-08T23:22:58.976Z,sell,0.0003222,1.0,0.0003222
ATM/BTC,1631143523629,2021-09-08T23:25:23.629Z,sell,0.0003214,2.55,0.0008195699999999999
ATM/BTC,1631143523629,2021-09-08T23:25:23.629Z,sell,0.0003207,1.75,0.0005612249999999999
ATM/BTC,1631143523629,2021-09-08T23:25:23.629Z,sell,0.00032,1.47,0.00047040000000000005
ATM/BTC,1631143523629,2021-09-08T23:25:23.629Z,sell,0.0003199,1.26,0.000403074
ATM/BTC,1631143523629,2021-09-08T23:25:23.629Z,sell,0.0003198,2.56,0.000818688
ATM/BTC,1631143523629,2021-09-08T23:25:23.629Z,sell,0.0003196,3.59,0.0011473640000000001
ATM/BTC,1631143523629,2021-09-08T23:25:23.629Z,sell,0.0003192,5.19,0.0016566480000000001
ATM/BTC,1631143525911,2021-09-08T23:25:25.911Z,sell,0.0003192,6.02,0.0019215839999999998
ATM/BTC,1631144121215,2021-09-08T23:35:21.215Z,sell,0.0003208,2.49,0.0007987920000000001
ATM/BTC,1631144154214,2021-09-08T23:35:54.214Z,buy,0.0003219,13.69,0.004406811
ATM/BTC,1631144248721,2021-09-08T23:37:28.721Z,buy,0.000322,2.56,0.00082432
ATM/BTC,1631144263236,2021-09-08T23:37:43.236Z,sell,0.0003219,2.98,0.000959262
ATM/BTC,1631144368810,2021-09-08T23:39:28.810Z,buy,0.0003222,1.0,0.0003222
ATM/BTC,1631144661366,2021-09-08T23:44:21.366Z,buy,0.0003228,0.08,2.5824e-05
ATM/BTC,1631144661366,2021-09-08T23:44:21.366Z,buy,0.0003228,0.08,2.5824e-05
ATM/BTC,1631145747231,2021-09-09T00:02:27.231Z,buy,0.0003228,2.09,0.000674652
ATM/BTC,1631145747231,2021-09-09T00:02:27.231Z,buy,0.0003229,1.75,0.000565075
ATM/BTC,1631145747231,2021-09-09T00:02:27.231Z,buy,0.0003236,3.7,0.00119732
ATM/BTC,1631145894319,2021-09-09T00:04:54.319Z,buy,0.0003236,0.32,0.000103552
ATM/BTC,1631145894319,2021-09-09T00:04:54.319Z,buy,0.000324,0.47,0.00015228
ATM/BTC,1631145894319,2021-09-09T00:04:54.319Z,buy,0.0003245,0.74,0.00024012999999999997
ATM/BTC,1631146132491,2021-09-09T00:08:52.491Z,sell,0.0003214,2.55,0.0008195699999999999
ATM/BTC,1631146695037,2021-09-09T00:18:15.037Z,sell,0.0003214,0.32,0.000102848
ATM/BTC,1631146820246,2021-09-09T00:20:20.246Z,sell,0.0003216,2.89,0.0009294240000000001
ATM/BTC,1631147442314,2021-09-09T00:30:42.314Z,sell,0.0003207,2.18,0.000699126
ATM/BTC,1631147455984,2021-09-09T00:30:55.984Z,sell,0.00032,1.31,0.00041920000000000005
ATM/BTC,1631147721439,2021-09-09T00:35:21.439Z,sell,0.00032,0.48,0.00015360000000000002
ATM/BTC,1631147732102,2021-09-09T00:35:32.102Z,buy,0.00032,0.17,5.440000000000001e-05
ATM/BTC,1631147830845,2021-09-09T00:37:10.845Z,buy,0.0003222,1.0,0.0003222
ATM/BTC,1631147830845,2021-09-09T00:37:10.845Z,buy,0.0003228,29.98,0.009677544
ATM/BTC,1631147993661,2021-09-09T00:39:53.661Z,buy,0.0003228,0.32,0.000103296
ATM/BTC,1631148008732,2021-09-09T00:40:08.732Z,buy,0.0003229,1.75,0.000565075
ATM/BTC,1631148008732,2021-09-09T00:40:08.732Z,buy,0.0003229,1.75,0.000565075
ATM/BTC,1631148816227,2021-09-09T00:53:36.227Z,buy,0.0003227,12.71,0.004101517
ATM/BTC,1631148816241,2021-09-09T00:53:36.241Z,buy,0.0003227,3.51,0.001132677
ATM/BTC,1631149179701,2021-09-09T00:59:39.701Z,sell,0.0003227,0.45,0.000145215
ATM/BTC,1631149273692,2021-09-09T01:01:13.692Z,buy,0.0003229,0.32,0.000103328
ATM/BTC,1631149478195,2021-09-09T01:04:38.195Z,sell,0.0003231,1.42,0.00045880199999999996
ATM/BTC,1631149482499,2021-09-09T01:04:42.499Z,buy,0.0003231,0.9,0.00029079
ATM/BTC,1631149482499,2021-09-09T01:04:42.499Z,buy,0.0003234,0.17,5.4978e-05
ATM/BTC,1631150330709,2021-09-09T01:18:50.709Z,sell,0.0003207,1.75,0.0005612249999999999
ATM/BTC,1631150330738,2021-09-09T01:18:50.738Z,sell,0.00032,1.0,0.00032
ATM/BTC,1631150330738,2021-09-09T01:18:50.738Z,sell,0.0003198,0.75,0.00023985
ATM/BTC,1631150330805,2021-09-09T01:18:50.805Z,sell,0.0003198,1.81,0.000578838
ATM/BTC,1631150423807,2021-09-09T01:20:23.807Z,sell,0.0003198,0.32,0.000102336
ATM/BTC,1631150431253,2021-09-09T01:20:31.253Z,buy,0.0003198,0.38,0.00012152400000000001
ATM/BTC,1631150500856,2021-09-09T01:21:40.856Z,sell,0.0003191,1.76,0.000561616
ATM/BTC,1631150500856,2021-09-09T01:21:40.856Z,sell,0.0003187,0.11,3.5057e-05
ATM/BTC,1631151151008,2021-09-09T01:32:31.008Z,buy,0.0003212,5.99,0.0019239880000000002
ATM/BTC,1631151247241,2021-09-09T01:34:07.241Z,buy,0.0003212,46.01,0.014778412
ATM/BTC,1631151271457,2021-09-09T01:34:31.457Z,buy,0.0003213,0.08,2.5704e-05
ATM/BTC,1631151436377,2021-09-09T01:37:16.377Z,buy,0.0003205,9.3,0.00298065
ATM/BTC,1631151436384,2021-09-09T01:37:16.384Z,sell,0.0003205,0.06,1.9229999999999997e-05
ATM/BTC,1631151436384,2021-09-09T01:37:16.384Z,sell,0.0003205,0.06,1.9229999999999997e-05
ATM/BTC,1631152777490,2021-09-09T01:59:37.490Z,buy,0.0003205,2.06,0.0006602299999999999
ATM/BTC,1631152777570,2021-09-09T01:59:37.570Z,sell,0.0003205,0.38,0.00012179
ATM/BTC,1631152983698,2021-09-09T02:03:03.698Z,sell,0.0003205,1.5,0.00048074999999999995
ATM/BTC,1631153357875,2021-09-09T02:09:17.875Z,buy,0.0003205,1.97,0.0006313849999999999
ATM/BTC,1631153357900,2021-09-09T02:09:17.900Z,sell,0.0003205,7.39,0.002368495
ATM/BTC,1631153981360,2021-09-09T02:19:41.360Z,buy,0.0003213,1.68,0.000539784
ATM/BTC,1631153997639,2021-09-09T02:19:57.639Z,sell,0.0003213,3.0,0.0009639
ATM/BTC,1631154007768,2021-09-09T02:20:07.768Z,sell,0.0003213,0.32,0.000102816
ATM/BTC,1631154055315,2021-09-09T02:20:55.315Z,buy,0.0003213,2.1,0.00067473
ATM/BTC,1631154084366,2021-09-09T02:21:24.366Z,sell,0.0003213,7.23,0.002322999
ATM/BTC,1631154259489,2021-09-09T02:24:19.489Z,buy,0.000322,2.56,0.00082432
ATM/BTC,1631154259513,2021-09-09T02:24:19.513Z,buy,0.0003222,1.0,0.0003222
ATM/BTC,1631154384338,2021-09-09T02:26:24.338Z,buy,0.0003229,0.32,0.000103328
ATM/BTC,1631154573876,2021-09-09T02:29:33.876Z,sell,0.00032,1.0,0.00032
ATM/BTC,1631154579978,2021-09-09T02:29:39.978Z,sell,0.0003198,2.56,0.000818688
ATM/BTC,1631154631337,2021-09-09T02:30:31.337Z,sell,0.0003217,33.57,0.010799469
ATM/BTC,1631154631337,2021-09-09T02:30:31.337Z,sell,0.0003217,33.57,0.010799469
ATM/BTC,1631154631337,2021-09-09T02:30:31.337Z,sell,0.0003217,33.57,0.010799469
ATM/BTC,1631154631339,2021-09-09T02:30:31.339Z,sell,0.0003217,238.66,0.076776922
ATM/BTC,1631154658739,2021-09-09T02:30:58.739Z,sell,0.0003199,0.32,0.000102368
ATM/BTC,1631154819025,2021-09-09T02:33:39.025Z,sell,0.0003193,0.63,0.00020115900000000002
ATM/BTC,1631154921832,2021-09-09T02:35:21.832Z,buy,0.0003193,2.5,0.00079825
ATM/BTC,1631155008857,2021-09-09T02:36:48.857Z,sell,0.0003191,1.76,0.000561616
ATM/BTC,1631155010091,2021-09-09T02:36:50.091Z,buy,0.0003191,1.76,0.000561616
ATM/BTC,1631155010091,2021-09-09T02:36:50.091Z,buy,0.0003191,1.76,0.000561616
ATM/BTC,1631155700474,2021-09-09T02:48:20.474Z,sell,0.0003191,0.32,0.000102112
ATM/BTC,1631155819171,2021-09-09T02:50:19.171Z,buy,0.0003191,1.53,0.00048822300000000003
ATM/BTC,1631156418561,2021-09-09T03:00:18.561Z,sell,0.0003184,0.48,0.000152832
ATM/BTC,1631156418565,2021-09-09T03:00:18.565Z,sell,0.0003182,0.48,0.000152736
ATM/BTC,1631156418597,2021-09-09T03:00:18.597Z,sell,0.0003182,2.09,0.000665038
ATM/BTC,1631156418610,2021-09-09T03:00:18.610Z,sell,0.0003181,3.79,0.001205599
ATM/BTC,1631156418611,2021-09-09T03:00:18.611Z,sell,0.0003177,13.75,0.004368375000000001
ATM/BTC,1631156418663,2021-09-09T03:00:18.663Z,buy,0.000318,2.09,0.0006646199999999999
ATM/BTC,1631156418812,2021-09-09T03:00:18.812Z,sell,0.0003177,147.37,0.046819449000000006
ATM/BTC,1631156418813,2021-09-09T03:00:18.813Z,sell,0.0003177,147.37,0.046819449000000006
ATM/BTC,1631156418814,2021-09-09T03:00:18.814Z,sell,0.0003177,67.85,0.021555945
ATM/BTC,1631156418821,2021-09-09T03:00:18.821Z,sell,0.0003176,9.46,0.0030044960000000006
ATM/BTC,1631156418840,2021-09-09T03:00:18.840Z,sell,0.0003176,1.27,0.00040335200000000005
ATM/BTC,1631156418846,2021-09-09T03:00:18.846Z,sell,0.0003176,1.27,0.00040335200000000005
ATM/BTC,1631156418851,2021-09-09T03:00:18.851Z,sell,0.0003176,1.27,0.00040335200000000005
ATM/BTC,1631156419096,2021-09-09T03:00:19.096Z,sell,0.0003176,1.27,0.00040335200000000005
ATM/BTC,1631156420181,2021-09-09T03:00:20.181Z,sell,0.0003177,1.37,0.0004352490000000001
ATM/BTC,1631156420181,2021-09-09T03:00:20.181Z,sell,0.0003176,3.39,0.0010766640000000002
ATM/BTC,1631156439192,2021-09-09T03:00:39.192Z,buy,0.0003203,0.62,0.000198586
ATM/BTC,1631156682704,2021-09-09T03:04:42.704Z,buy,0.0003203,0.41,0.00013132299999999998
ATM/BTC,1631157047931,2021-09-09T03:10:47.931Z,sell,0.0003181,0.41,0.00013042099999999998
ATM/BTC,1631157047931,2021-09-09T03:10:47.931Z,sell,0.000318,6.4,0.0020352
ATM/BTC,1631157310213,2021-09-09T03:15:10.213Z,buy,0.000318,1.49,0.00047381999999999996
ATM/BTC,1631157353902,2021-09-09T03:15:53.902Z,sell,0.0003177,7.54,0.002395458
ATM/BTC,1631157576334,2021-09-09T03:19:36.334Z,buy,0.0003201,1.37,0.000438537
ATM/BTC,1631157576334,2021-09-09T03:19:36.334Z,buy,0.0003202,6.11,0.0019564219999999998
ATM/BTC,1631157787851,2021-09-09T03:23:07.851Z,sell,0.0003189,11.93,0.003804477
ATM/BTC,1631157788077,2021-09-09T03:23:08.077Z,buy,0.0003201,0.09,2.8808999999999998e-05
ATM/BTC,1631158168561,2021-09-09T03:29:28.561Z,buy,0.0003202,3.37,0.001079074
ATM/BTC,1631158168561,2021-09-09T03:29:28.561Z,buy,0.0003203,12.87,0.0041222609999999995
ATM/BTC,1631158168561,2021-09-09T03:29:28.561Z,buy,0.0003202,3.37,0.001079074
ATM/BTC,1631158168561,2021-09-09T03:29:28.561Z,buy,0.0003203,12.87,0.0041222609999999995
ATM/BTC,1631158831626,2021-09-09T03:40:31.626Z,buy,0.0003203,14.71,0.004711613
ATM/BTC,1631158831987,2021-09-09T03:40:31.987Z,buy,0.0003203,14.62,0.0046827859999999995
ATM/BTC,1631158832049,2021-09-09T03:40:32.049Z,buy,0.0003203,13.57,0.004346471
ATM/BTC,1631158832081,2021-09-09T03:40:32.081Z,buy,0.0003203,3.49,0.001117847
ATM/BTC,1631158832131,2021-09-09T03:40:32.131Z,buy,0.0003203,3.49,0.001117847
ATM/BTC,1631159325520,2021-09-09T03:48:45.520Z,sell,0.0003186,0.69,0.00021983399999999997
ATM/BTC,1631159418303,2021-09-09T03:50:18.303Z,buy,0.0003186,5.61,0.001787346
ATM/BTC,1631159878621,2021-09-09T03:57:58.621Z,buy,0.0003201,2.42,0.0007746419999999999
ATM/BTC,1631160632736,2021-09-09T04:10:32.736Z,buy,0.0003201,0.09,2.8808999999999998e-05
ATM/BTC,1631160640702,2021-09-09T04:10:40.702Z,buy,0.00032,0.94,0.0003008
ATM/BTC,1631160642871,2021-09-09T04:10:42.871Z,buy,0.00032,3.48,0.0011136000000000002
ATM/BTC,1631160642881,2021-09-09T04:10:42.881Z,buy,0.00032,18.72,0.0059904
ATM/BTC,1631160642965,2021-09-09T04:10:42.965Z,buy,0.0003201,2.79,0.000893079
ATM/BTC,1631160936347,2021-09-09T04:15:36.347Z,buy,0.0003204,2.57,0.0008234279999999999
ATM/BTC,1631161220966,2021-09-09T04:20:20.966Z,buy,0.0003204,3.24,0.001038096
ATM/BTC,1631161473224,2021-09-09T04:24:33.224Z,buy,0.0003213,1.76,0.0005654880000000001
ATM/BTC,1631161547478,2021-09-09T04:25:47.478Z,buy,0.0003213,0.32,0.000102816
ATM/BTC,1631161547478,2021-09-09T04:25:47.478Z,buy,0.0003213,0.32,0.000102816
ATM/BTC,1631162204619,2021-09-09T04:36:44.619Z,buy,0.0003213,0.85,0.000273105
ATM/BTC,1631162418463,2021-09-09T04:40:18.463Z,buy,0.000322,2.56,0.00082432
ATM/BTC,1631162418471,2021-09-09T04:40:18.471Z,sell,0.000322,0.85,0.0002737
ATM/BTC,1631162418471,2021-09-09T04:40:18.471Z,sell,0.000322,5.19,0.0016711800000000002
ATM/BTC,1631162418472,2021-09-09T04:40:18.472Z,sell,0.000322,1.4,0.0004508
ATM/BTC,1631162430090,2021-09-09T04:40:30.090Z,buy,0.000321,0.91,0.00029211
ATM/BTC,1631162430090,2021-09-09T04:40:30.090Z,buy,0.0003222,1.0,0.0003222
ATM/BTC,1631162430095,2021-09-09T04:40:30.095Z,sell,0.0003222,103.76,0.033431472000000004
ATM/BTC,1631162430096,2021-09-09T04:40:30.096Z,sell,0.0003222,103.76,0.033431472000000004
ATM/BTC,1631162430097,2021-09-09T04:40:30.097Z,sell,0.0003222,55.81,0.017981982
ATM/BTC,1631162430099,2021-09-09T04:40:30.099Z,sell,0.0003222,33.78,0.010883916
ATM/BTC,1631162430099,2021-09-09T04:40:30.099Z,sell,0.0003222,28.64,0.009227808
ATM/BTC,1631162549756,2021-09-09T04:42:29.756Z,buy,0.0003224,0.48,0.00015475199999999997
ATM/BTC,1631162561222,2021-09-09T04:42:41.222Z,buy,0.0003228,0.11,3.5508e-05
ATM/BTC,1631163291517,2021-09-09T04:54:51.517Z,sell,0.0003224,1.42,0.0004578079999999999
ATM/BTC,1631163297387,2021-09-09T04:54:57.387Z,buy,0.0003223,0.09,2.9006999999999995e-05
ATM/BTC,1631163307769,2021-09-09T04:55:07.769Z,sell,0.0003223,0.32,0.000103136
ATM/BTC,1631163342669,2021-09-09T04:55:42.669Z,buy,0.0003222,0.33,0.00010632600000000001
ATM/BTC,1631163342680,2021-09-09T04:55:42.680Z,sell,0.0003222,0.37,0.00011921400000000001
ATM/BTC,1631163432425,2021-09-09T04:57:12.425Z,buy,0.0003226,7.8,0.0025162799999999996
ATM/BTC,1631163846153,2021-09-09T05:04:06.153Z,sell,0.0003208,1.73,0.000554984
ATM/BTC,1631163917605,2021-09-09T05:05:17.605Z,sell,0.0003208,2.46,0.0007891679999999999
ATM/BTC,1631163979224,2021-09-09T05:06:19.224Z,sell,0.0003209,1.37,0.00043963300000000004
ATM/BTC,1631164255546,2021-09-09T05:10:55.546Z,buy,0.0003228,1.26,0.00040672799999999997
ATM/BTC,1631164264574,2021-09-09T05:11:04.574Z,buy,0.0003229,1.43,0.000461747
ATM/BTC,1631164332692,2021-09-09T05:12:12.692Z,buy,0.0003235,92.79,0.030017565000000003
ATM/BTC,1631164332699,2021-09-09T05:12:12.699Z,sell,0.0003235,42.14,0.01363229
ATM/BTC,1631164332702,2021-09-09T05:12:12.702Z,sell,0.0003235,155.73,0.050378654999999994
ATM/BTC,1631164386536,2021-09-09T05:13:06.536Z,sell,0.0003222,9.5,0.0030609
ATM/BTC,1631164992604,2021-09-09T05:23:12.604Z,sell,0.0003222,5.14,0.001656108
ATM/BTC,1631164992604,2021-09-09T05:23:12.604Z,sell,0.0003222,5.14,0.001656108
ATM/BTC,1631165510055,2021-09-09T05:31:50.055Z,buy,0.0003222,1.57,0.000505854
ATM/BTC,1631165539955,2021-09-09T05:32:19.955Z,buy,0.0003222,1.92,0.000618624
ATM/BTC,1631165540507,2021-09-09T05:32:20.507Z,sell,0.0003222,1.92,0.000618624
ATM/BTC,1631165540517,2021-09-09T05:32:20.517Z,buy,0.0003222,35.33,0.011383326000000001
ATM/BTC,1631165726271,2021-09-09T05:35:26.271Z,buy,0.0003222,2.08,0.0006701760000000001
ATM/BTC,1631165788267,2021-09-09T05:36:28.267Z,buy,0.0003236,2.55,0.0008251799999999999
ATM/BTC,1631167128907,2021-09-09T05:58:48.907Z,buy,0.0003236,0.09,2.9124e-05
ATM/BTC,1631167249253,2021-09-09T06:00:49.253Z,buy,0.0003236,0.65,0.00021034000000000002
ATM/BTC,1631167285984,2021-09-09T06:01:25.984Z,buy,0.000324,0.47,0.00015228
ATM/BTC,1631167286024,2021-09-09T06:01:26.024Z,buy,0.0003241,0.66,0.000213906
ATM/BTC,1631167336501,2021-09-09T06:02:16.501Z,sell,0.0003236,13.05,0.00422298
ATM/BTC,1631167336515,2021-09-09T06:02:16.515Z,sell,0.0003234,12.74,0.004120116
ATM/BTC,1631167547601,2021-09-09T06:05:47.601Z,buy,0.0003234,0.42,0.000135828
ATM/BTC,1631167722257,2021-09-09T06:08:42.257Z,buy,0.0003242,2.65,0.00085913
ATM/BTC,1631167813909,2021-09-09T06:10:13.909Z,buy,0.0003242,7.5,0.0024315
ATM/BTC,1631167884736,2021-09-09T06:11:24.736Z,sell,0.0003242,1.2,0.00038904
ATM/BTC,1631167932705,2021-09-09T06:12:12.705Z,buy,0.0003245,2.01,0.0006522449999999999
ATM/BTC,1631167935740,2021-09-09T06:12:15.740Z,buy,0.0003247,6.22,0.0020196339999999998
ATM/BTC,1631167945209,2021-09-09T06:12:25.209Z,buy,0.0003252,3.72,0.001209744
ATM/BTC,1631167945275,2021-09-09T06:12:25.275Z,buy,0.0003254,0.69,0.00022452599999999998
ATM/BTC,1631167974837,2021-09-09T06:12:54.837Z,buy,0.0003255,0.62,0.00020181
ATM/BTC,1631167989963,2021-09-09T06:13:09.963Z,sell,0.0003241,0.62,0.00020094200000000002
ATM/BTC,1631168039154,2021-09-09T06:13:59.154Z,sell,0.0003244,2.84,0.000921296
ATM/BTC,1631168234777,2021-09-09T06:17:14.777Z,buy,0.0003255,1.34,0.00043617000000000005
ATM/BTC,1631168234780,2021-09-09T06:17:14.780Z,buy,0.0003255,0.13,4.2315000000000004e-05
ATM/BTC,1631168234874,2021-09-09T06:17:14.874Z,buy,0.0003256,0.47,0.000153032
ATM/BTC,1631168249506,2021-09-09T06:17:29.506Z,sell,0.0003243,1.25,0.00040537500000000003
ATM/BTC,1631168249870,2021-09-09T06:17:29.870Z,sell,0.0003244,0.95,0.00030818
ATM/BTC,1631168252894,2021-09-09T06:17:32.894Z,sell,0.0003246,15.48,0.0050248079999999995
ATM/BTC,1631168272631,2021-09-09T06:17:52.631Z,sell,0.0003241,92.56,0.029998696000000002
ATM/BTC,1631168275067,2021-09-09T06:17:55.067Z,sell,0.0003234,1.24,0.000401016
ATM/BTC,1631168275780,2021-09-09T06:17:55.780Z,sell,0.000323,2.54,0.00082042
ATM/BTC,1631168275780,2021-09-09T06:17:55.780Z,sell,0.000323,2.54,0.00082042
ATM/BTC,1631168766995,2021-09-09T06:26:06.995Z,buy,0.0003251,0.62,0.000201562
ATM/BTC,1631169021123,2021-09-09T06:30:21.123Z,buy,0.000325,0.11,3.575e-05
ATM/BTC,1631169314624,2021-09-09T06:35:14.624Z,buy,0.0003248,0.39,0.000126672
ATM/BTC,1631170082123,2021-09-09T06:48:02.123Z,sell,0.0003245,0.66,0.00021417
ATM/BTC,1631170082383,2021-09-09T06:48:02.383Z,sell,0.0003245,76.3,0.024759349999999996
ATM/BTC,1631170096227,2021-09-09T06:48:16.227Z,buy,0.0003247,0.7,0.00022728999999999997
ATM/BTC,1631170100925,2021-09-09T06:48:20.925Z,sell,0.0003245,15.01,0.004870744999999999
ATM/BTC,1631170170832,2021-09-09T06:49:30.832Z,sell,0.0003245,0.47,0.00015251499999999999
ATM/BTC,1631170223722,2021-09-09T06:50:23.722Z,buy,0.0003245,0.86,0.00027906999999999997
ATM/BTC,1631170278877,2021-09-09T06:51:18.877Z,buy,0.0003247,4.87,0.0015812889999999998
ATM/BTC,1631170354007,2021-09-09T06:52:34.007Z,buy,0.0003248,0.68,0.000220864
ATM/BTC,1631170367520,2021-09-09T06:52:47.520Z,buy,0.0003251,27.8,0.00903778
ATM/BTC,1631170390606,2021-09-09T06:53:10.606Z,buy,0.0003252,2.54,0.000826008
ATM/BTC,1631170536110,2021-09-09T06:55:36.110Z,buy,0.0003257,1.86,0.000605802
ATM/BTC,1631170601486,2021-09-09T06:56:41.486Z,buy,0.0003257,0.93,0.000302901
ATM/BTC,1631170794717,2021-09-09T06:59:54.717Z,buy,0.0003259,2.6,0.00084734
ATM/BTC,1631170929874,2021-09-09T07:02:09.874Z,sell,0.0003238,92.64,0.029996832
ATM/BTC,1631170939964,2021-09-09T07:02:19.964Z,sell,0.000323,2.54,0.00082042
ATM/BTC,1631170999640,2021-09-09T07:03:19.640Z,sell,0.000323,6.71,0.00216733
ATM/BTC,1631171002772,2021-09-09T07:03:22.772Z,sell,0.0003223,1.75,0.0005640249999999999
ATM/BTC,1631171003051,2021-09-09T07:03:23.051Z,sell,0.0003222,1.0,0.0003222
ATM/BTC,1631171056628,2021-09-09T07:04:16.628Z,sell,0.0003225,0.32,0.0001032
ATM/BTC,1631171056628,2021-09-09T07:04:16.628Z,sell,0.0003217,1.09,0.00035065300000000003
ATM/BTC,1631171122076,2021-09-09T07:05:22.076Z,sell,0.0003218,0.42,0.000135156
ATM/BTC,1631171275549,2021-09-09T07:07:55.549Z,buy,0.0003245,2.75,0.0008923749999999999
ATM/BTC,1631171640345,2021-09-09T07:14:00.345Z,buy,0.0003252,2.54,0.000826008
ATM/BTC,1631171752877,2021-09-09T07:15:52.877Z,sell,0.000323,2.54,0.00082042
ATM/BTC,1631171752877,2021-09-09T07:15:52.877Z,sell,0.0003224,5.3,0.0017087199999999997
ATM/BTC,1631171752877,2021-09-09T07:15:52.877Z,sell,0.0003223,1.75,0.0005640249999999999
ATM/BTC,1631171752877,2021-09-09T07:15:52.877Z,sell,0.0003222,1.0,0.0003222
ATM/BTC,1631171752881,2021-09-09T07:15:52.881Z,buy,0.0003222,18.47,0.005951034
ATM/BTC,1631171782518,2021-09-09T07:16:22.518Z,buy,0.0003245,2.75,0.0008923749999999999
ATM/BTC,1631171852382,2021-09-09T07:17:32.382Z,buy,0.0003252,2.86,0.0009300719999999999
ATM/BTC,1631171852382,2021-09-09T07:17:32.382Z,buy,0.0003252,2.86,0.0009300719999999999
ATM/BTC,1631171887662,2021-09-09T07:18:07.662Z,sell,0.0003243,7.49,0.0024290070000000004
ATM/BTC,1631171992159,2021-09-09T07:19:52.159Z,buy,0.0003261,0.1,3.261e-05
ATM/BTC,1631172364269,2021-09-09T07:26:04.269Z,buy,0.0003261,3.42,0.0011152620000000001
ATM/BTC,1631172374886,2021-09-09T07:26:14.886Z,buy,0.0003267,0.34,0.00011107800000000002
ATM/BTC,1631172532778,2021-09-09T07:28:52.778Z,buy,0.0003268,3.52,0.0011503359999999998
ATM/BTC,1631172535577,2021-09-09T07:28:55.577Z,buy,0.000327,3.79,0.0012393299999999999
ATM/BTC,1631172535583,2021-09-09T07:28:55.583Z,buy,0.000327,5.54,0.00181158
ATM/BTC,1631172535628,2021-09-09T07:28:55.628Z,buy,0.0003271,13.23,0.004327533
ATM/BTC,1631172535682,2021-09-09T07:28:55.682Z,buy,0.0003271,79.41,0.025975010999999996
ATM/BTC,1631172535720,2021-09-09T07:28:55.720Z,buy,0.0003272,13.23,0.004328856
ATM/BTC,1631172535727,2021-09-09T07:28:55.727Z,buy,0.0003272,1.42,0.00046462399999999996
ATM/BTC,1631172547527,2021-09-09T07:29:07.527Z,buy,0.0003275,7.93,0.002597075
ATM/BTC,1631172548657,2021-09-09T07:29:08.657Z,buy,0.0003275,1.7,0.00055675
ATM/BTC,1631172562601,2021-09-09T07:29:22.601Z,buy,0.0003277,1.73,0.000566921
ATM/BTC,1631172568672,2021-09-09T07:29:28.672Z,buy,0.0003284,2.51,0.000824284
ATM/BTC,1631172571430,2021-09-09T07:29:31.430Z,buy,0.0003286,1.31,0.00043046600000000006
ATM/BTC,1631172572155,2021-09-09T07:29:32.155Z,sell,0.0003285,2.5,0.00082125
ATM/BTC,1631172572837,2021-09-09T07:29:32.837Z,sell,0.0003264,0.47,0.000153408
ATM/BTC,1631172619426,2021-09-09T07:30:19.426Z,sell,0.0003264,1.86,0.000607104
ATM/BTC,1631172768930,2021-09-09T07:32:48.930Z,buy,0.0003291,1.47,0.00048377699999999996
ATM/BTC,1631172780423,2021-09-09T07:33:00.423Z,buy,0.0003294,0.35,0.00011528999999999999
ATM/BTC,1631172810931,2021-09-09T07:33:30.931Z,buy,0.0003296,0.65,0.00021424
ATM/BTC,1631172947721,2021-09-09T07:35:47.721Z,buy,0.0003296,0.31,0.00010217599999999999
ATM/BTC,1631172952106,2021-09-09T07:35:52.106Z,buy,0.0003299,51.75,0.017072325
ATM/BTC,1631172952106,2021-09-09T07:35:52.106Z,buy,0.00033,12.82,0.0042306
ATM/BTC,1631172952106,2021-09-09T07:35:52.106Z,buy,0.0003301,2.5,0.00082525
ATM/BTC,1631172952106,2021-09-09T07:35:52.106Z,buy,0.0003302,0.85,0.00028067
ATM/BTC,1631172952106,2021-09-09T07:35:52.106Z,buy,0.0003304,2.6,0.00085904
ATM/BTC,1631172952106,2021-09-09T07:35:52.106Z,buy,0.0003305,1.2,0.0003966
ATM/BTC,1631172952106,2021-09-09T07:35:52.106Z,buy,0.0003306,2.53,0.000836418
ATM/BTC,1631172952106,2021-09-09T07:35:52.106Z,buy,0.0003308,0.39,0.00012901200000000002
ATM/BTC,1631172952106,2021-09-09T07:35:52.106Z,buy,0.000331,1.15,0.00038065
ATM/BTC,1631172952106,2021-09-09T07:35:52.106Z,buy,0.0003311,2.24,0.0007416640000000002
ATM/BTC,1631172952106,2021-09-09T07:35:52.106Z,buy,0.0003311,0.03,9.933e-06
ATM/BTC,1631172953121,2021-09-09T07:35:53.121Z,buy,0.0003314,1.0,0.0003314
ATM/BTC,1631172953121,2021-09-09T07:35:53.121Z,buy,0.0003318,28.29,0.009386621999999999
ATM/BTC,1631172953554,2021-09-09T07:35:53.554Z,buy,0.0003318,4.53,0.001503054
ATM/BTC,1631172953938,2021-09-09T07:35:53.938Z,buy,0.0003318,28.87,0.009579066
ATM/BTC,1631172953940,2021-09-09T07:35:53.940Z,buy,0.0003318,28.87,0.009579066
ATM/BTC,1631172953941,2021-09-09T07:35:53.941Z,buy,0.0003318,28.87,0.009579066
ATM/BTC,1631172953941,2021-09-09T07:35:53.941Z,buy,0.0003318,28.87,0.009579066
ATM/BTC,1631172953944,2021-09-09T07:35:53.944Z,buy,0.0003318,28.87,0.009579066
ATM/BTC,1631172955706,2021-09-09T07:35:55.706Z,sell,0.0003302,1.94,0.000640588
ATM/BTC,1631172955761,2021-09-09T07:35:55.761Z,sell,0.0003302,3.08,0.001017016
ATM/BTC,1631172972143,2021-09-09T07:36:12.143Z,buy,0.0003318,0.32,0.000106176
ATM/BTC,1631173026492,2021-09-09T07:37:06.492Z,sell,0.0003308,9.09,0.003006972
ATM/BTC,1631173026492,2021-09-09T07:37:06.492Z,sell,0.0003307,16.57,0.005479699
ATM/BTC,1631173027369,2021-09-09T07:37:07.369Z,sell,0.0003296,21.81,0.0071885759999999995
ATM/BTC,1631173027844,2021-09-09T07:37:07.844Z,sell,0.0003298,0.34,0.000112132
ATM/BTC,1631173099090,2021-09-09T07:38:19.090Z,buy,0.0003324,1.31,0.000435444
ATM/BTC,1631173101877,2021-09-09T07:38:21.877Z,buy,0.0003325,0.39,0.000129675
ATM/BTC,1631173104628,2021-09-09T07:38:24.628Z,buy,0.0003327,3.7,0.0012309900000000002
ATM/BTC,1631173111552,2021-09-09T07:38:31.552Z,buy,0.0003335,2.47,0.000823745
ATM/BTC,1631173111564,2021-09-09T07:38:31.564Z,buy,0.0003337,1.0,0.0003337
ATM/BTC,1631173111763,2021-09-09T07:38:31.763Z,buy,0.0003339,14.98,0.0050018219999999995
ATM/BTC,1631173111769,2021-09-09T07:38:31.769Z,buy,0.0003339,14.98,0.0050018219999999995
ATM/BTC,1631173111769,2021-09-09T07:38:31.769Z,buy,0.0003339,14.98,0.0050018219999999995
ATM/BTC,1631173111771,2021-09-09T07:38:31.771Z,buy,0.0003339,14.98,0.0050018219999999995
ATM/BTC,1631173111772,2021-09-09T07:38:31.772Z,buy,0.0003339,14.98,0.0050018219999999995
ATM/BTC,1631173111841,2021-09-09T07:38:31.841Z,buy,0.0003339,9.56,0.003192084
ATM/BTC,1631173111843,2021-09-09T07:38:31.843Z,buy,0.0003339,9.56,0.003192084
ATM/BTC,1631173111845,2021-09-09T07:38:31.845Z,buy,0.0003339,9.56,0.003192084
ATM/BTC,1631173111849,2021-09-09T07:38:31.849Z,buy,0.0003339,9.56,0.003192084
ATM/BTC,1631173111851,2021-09-09T07:38:31.851Z,buy,0.0003339,6.02,0.0020100779999999998
ATM/BTC,1631173111856,2021-09-09T07:38:31.856Z,buy,0.0003342,14.28,0.004772376
ATM/BTC,1631173111865,2021-09-09T07:38:31.865Z,buy,0.0003342,132.86,0.044401812000000006
ATM/BTC,1631173111865,2021-09-09T07:38:31.865Z,sell,0.0003339,9.56,0.003192084
ATM/BTC,1631173111972,2021-09-09T07:38:31.972Z,buy,0.0003343,6.4,0.0021395200000000002
ATM/BTC,1631173112074,2021-09-09T07:38:32.074Z,buy,0.0003344,1.69,0.0005651359999999999
ATM/BTC,1631173112413,2021-09-09T07:38:32.413Z,buy,0.0003349,15.4,0.00515746
ATM/BTC,1631173112467,2021-09-09T07:38:32.467Z,buy,0.0003351,3.75,0.0012566250000000001
ATM/BTC,1631173112483,2021-09-09T07:38:32.483Z,buy,0.0003354,17.89,0.006000306
ATM/BTC,1631173112691,2021-09-09T07:38:32.691Z,buy,0.0003359,116.37,0.039088683
ATM/BTC,1631173114886,2021-09-09T07:38:34.886Z,sell,0.0003331,0.76,0.00025315600000000004
ATM/BTC,1631173115303,2021-09-09T07:38:35.303Z,sell,0.0003333,0.75,0.00024997500000000005
ATM/BTC,1631173116075,2021-09-09T07:38:36.075Z,sell,0.0003336,19.53,0.006515208
ATM/BTC,1631173116075,2021-09-09T07:38:36.075Z,sell,0.0003336,30.99,0.010338263999999998
ATM/BTC,1631173116089,2021-09-09T07:38:36.089Z,buy,0.000336,40.65,0.0136584
ATM/BTC,1631173116090,2021-09-09T07:38:36.090Z,buy,0.000336,0.01,3.36e-06
ATM/BTC,1631173117096,2021-09-09T07:38:37.096Z,buy,0.0003362,0.38,0.000127756
ATM/BTC,1631173117096,2021-09-09T07:38:37.096Z,buy,0.0003363,13.38,0.004499694
ATM/BTC,1631173117096,2021-09-09T07:38:37.096Z,buy,0.0003364,11.52,0.003875328
ATM/BTC,1631173117656,2021-09-09T07:38:37.656Z,sell,0.0003337,0.43,0.00014349099999999999
ATM/BTC,1631173130623,2021-09-09T07:38:50.623Z,sell,0.0003342,0.6,0.00020051999999999998
ATM/BTC,1631173204787,2021-09-09T07:40:04.787Z,buy,0.0003363,0.6,0.00020177999999999998
ATM/BTC,1631173215922,2021-09-09T07:40:15.922Z,buy,0.0003364,86.04,0.028943856
ATM/BTC,1631173215937,2021-09-09T07:40:15.937Z,buy,0.0003364,50.12,0.016860367999999997
ATM/BTC,1631173252150,2021-09-09T07:40:52.150Z,buy,0.0003364,50.0,0.016819999999999998
ATM/BTC,1631173252161,2021-09-09T07:40:52.161Z,buy,0.0003364,30.0,0.010092
ATM/BTC,1631173254581,2021-09-09T07:40:54.581Z,buy,0.0003364,82.78,0.027847192
ATM/BTC,1631173507153,2021-09-09T07:45:07.153Z,buy,0.0003364,1.52,0.000511328
ATM/BTC,1631173676432,2021-09-09T07:47:56.432Z,buy,0.0003363,4.0,0.0013452
ATM/BTC,1631173812930,2021-09-09T07:50:12.930Z,sell,0.0003363,1.16,0.00039010799999999996
ATM/BTC,1631173814271,2021-09-09T07:50:14.271Z,sell,0.0003347,3.32,0.001111204
ATM/BTC,1631173814271,2021-09-09T07:50:14.271Z,sell,0.0003346,1.6,0.00053536
ATM/BTC,1631173815827,2021-09-09T07:50:15.827Z,buy,0.0003363,173.34,0.058294241999999996
ATM/BTC,1631173815837,2021-09-09T07:50:15.837Z,buy,0.0003364,272.44,0.091648816
ATM/BTC,1631173849689,2021-09-09T07:50:49.689Z,buy,0.0003367,20.78,0.006996626000000001
ATM/BTC,1631173867783,2021-09-09T07:51:07.783Z,buy,0.000336,0.31,0.00010415999999999999
ATM/BTC,1631173894931,2021-09-09T07:51:34.931Z,buy,0.0003367,12.77,0.004299659
ATM/BTC,1631173895670,2021-09-09T07:51:35.670Z,buy,0.0003367,12.87,0.0043333289999999995
ATM/BTC,1631173895677,2021-09-09T07:51:35.677Z,buy,0.0003367,277.28,0.09336017599999999
ATM/BTC,1631173895680,2021-09-09T07:51:35.680Z,buy,0.0003367,47.15,0.015875405
ATM/BTC,1631173896817,2021-09-09T07:51:36.817Z,buy,0.0003368,2.45,0.00082516
ATM/BTC,1631173905207,2021-09-09T07:51:45.207Z,buy,0.0003377,2.06,0.0006956620000000001
ATM/BTC,1631173912267,2021-09-09T07:51:52.267Z,buy,0.0003378,2.01,0.000678978
ATM/BTC,1631173912276,2021-09-09T07:51:52.276Z,buy,0.0003379,36.28,0.012259012
ATM/BTC,1631173912402,2021-09-09T07:51:52.402Z,buy,0.0003379,23.6,0.00797444
ATM/BTC,1631173915750,2021-09-09T07:51:55.750Z,buy,0.0003383,1.0,0.0003383
ATM/BTC,1631173915782,2021-09-09T07:51:55.782Z,sell,0.0003379,21.65,0.007315534999999999
ATM/BTC,1631173915783,2021-09-09T07:51:55.783Z,sell,0.0003379,20.74,0.007008045999999999
ATM/BTC,1631173915829,2021-09-09T07:51:55.829Z,sell,0.0003378,275.45,0.09304701
ATM/BTC,1631173915836,2021-09-09T07:51:55.836Z,sell,0.0003378,336.26,0.11358862800000001
ATM/BTC,1631173915847,2021-09-09T07:51:55.847Z,buy,0.0003383,6.43,0.0021752689999999996
ATM/BTC,1631173921567,2021-09-09T07:52:01.567Z,sell,0.0003378,0.85,0.00028713
ATM/BTC,1631173921736,2021-09-09T07:52:01.736Z,sell,0.0003378,0.31,0.00010471800000000001
ATM/BTC,1631173923473,2021-09-09T07:52:03.473Z,buy,0.0003382,1.16,0.00039231199999999997
ATM/BTC,1631173933691,2021-09-09T07:52:13.691Z,sell,0.0003378,1.38,0.000466164
ATM/BTC,1631173935529,2021-09-09T07:52:15.529Z,sell,0.0003377,8.67,0.002927859
ATM/BTC,1631173950671,2021-09-09T07:52:30.671Z,sell,0.0003361,5.99,0.002013239
ATM/BTC,1631173986845,2021-09-09T07:53:06.845Z,sell,0.000336,1.0,0.000336
ATM/BTC,1631173986845,2021-09-09T07:53:06.845Z,sell,0.0003354,1.68,0.000563472
ATM/BTC,1631173986845,2021-09-09T07:53:06.845Z,sell,0.0003347,4.83,0.001616601
ATM/BTC,1631173986890,2021-09-09T07:53:06.890Z,sell,0.0003347,1.81,0.000605807
ATM/BTC,1631173987561,2021-09-09T07:53:07.561Z,sell,0.000335,5.85,0.00195975
ATM/BTC,1631173987865,2021-09-09T07:53:07.865Z,sell,0.000335,27.79,0.00930965
ATM/BTC,1631173988051,2021-09-09T07:53:08.051Z,sell,0.000335,2.23,0.00074705
ATM/BTC,1631173991402,2021-09-09T07:53:11.402Z,buy,0.0003376,0.11,3.7136000000000005e-05
ATM/BTC,1631173991417,2021-09-09T07:53:11.417Z,buy,0.0003376,1.27,0.000428752
ATM/BTC,1631173991437,2021-09-09T07:53:11.437Z,buy,0.0003377,1.68,0.000567336
ATM/BTC,1631174030006,2021-09-09T07:53:50.006Z,sell,0.0003367,0.59,0.000198653
ATM/BTC,1631174035420,2021-09-09T07:53:55.420Z,buy,0.0003383,1.0,0.0003383
ATM/BTC,1631174035428,2021-09-09T07:53:55.428Z,buy,0.0003384,0.85,0.00028764
ATM/BTC,1631174035433,2021-09-09T07:53:55.433Z,buy,0.0003385,22.31,0.007551934999999999
ATM/BTC,1631174035454,2021-09-09T07:53:55.454Z,buy,0.0003386,0.62,0.000209932
ATM/BTC,1631174181804,2021-09-09T07:56:21.804Z,buy,0.0003377,2.76,0.0009320519999999999
ATM/BTC,1631174213642,2021-09-09T07:56:53.642Z,buy,0.0003386,0.31,0.000104966
ATM/BTC,1631174222245,2021-09-09T07:57:02.245Z,buy,0.0003391,0.31,0.000105121
ATM/BTC,1631174222245,2021-09-09T07:57:02.245Z,buy,0.0003394,4.65,0.0015782100000000002
ATM/BTC,1631174234851,2021-09-09T07:57:14.851Z,sell,0.0003378,16.22,0.005479116
ATM/BTC,1631174243125,2021-09-09T07:57:23.125Z,buy,0.00034,1.36,0.00046240000000000007
ATM/BTC,1631174243199,2021-09-09T07:57:23.199Z,buy,0.00034,1.1,0.00037400000000000004
ATM/BTC,1631174260863,2021-09-09T07:57:40.863Z,buy,0.0003401,0.3,0.00010203000000000001
ATM/BTC,1631174261827,2021-09-09T07:57:41.827Z,buy,0.0003402,2.42,0.0008232839999999999
ATM/BTC,1631174271455,2021-09-09T07:57:51.455Z,buy,0.0003406,1.0,0.0003406
ATM/BTC,1631174298914,2021-09-09T07:58:18.914Z,sell,0.0003388,24.92,0.008442896
ATM/BTC,1631174337233,2021-09-09T07:58:57.233Z,sell,0.0003392,1.52,0.000515584
ATM/BTC,1631174349459,2021-09-09T07:59:09.459Z,buy,0.0003411,2.68,0.000914148
ATM/BTC,1631174350570,2021-09-09T07:59:10.570Z,buy,0.0003417,16.5,0.00563805
ATM/BTC,1631174350589,2021-09-09T07:59:10.589Z,buy,0.0003418,3.52,0.001203136
ATM/BTC,1631174350594,2021-09-09T07:59:10.594Z,buy,0.0003419,3.67,0.001254773
ATM/BTC,1631174398614,2021-09-09T07:59:58.614Z,buy,0.000342,0.1,3.4200000000000005e-05
ATM/BTC,1631174407913,2021-09-09T08:00:07.913Z,buy,0.000342,29.28,0.010013760000000002
ATM/BTC,1631174410310,2021-09-09T08:00:10.310Z,sell,0.0003396,1.87,0.0006350520000000001
ATM/BTC,1631174422202,2021-09-09T08:00:22.202Z,sell,0.0003396,1.06,0.000359976
ATM/BTC,1631174426716,2021-09-09T08:00:26.716Z,buy,0.0003417,0.3,0.00010251
ATM/BTC,1631174427325,2021-09-09T08:00:27.325Z,buy,0.0003419,2.41,0.0008239790000000001
ATM/BTC,1631174445220,2021-09-09T08:00:45.220Z,buy,0.0003428,2.36,0.000809008
ATM/BTC,1631174461476,2021-09-09T08:01:01.476Z,buy,0.0003429,1.0,0.0003429
ATM/BTC,1631174538552,2021-09-09T08:02:18.552Z,buy,0.0003429,5.74,0.001968246
ATM/BTC,1631174618543,2021-09-09T08:03:38.543Z,sell,0.0003407,20.79,0.007083152999999999
ATM/BTC,1631174729173,2021-09-09T08:05:29.173Z,sell,0.0003417,5.0,0.0017085
ATM/BTC,1631174782690,2021-09-09T08:06:22.690Z,sell,0.0003409,20.11,0.006855498999999999
ATM/BTC,1631174782692,2021-09-09T08:06:22.692Z,sell,0.0003409,39.87,0.013591682999999999
ATM/BTC,1631174782696,2021-09-09T08:06:22.696Z,sell,0.0003407,1.16,0.000395212
ATM/BTC,1631174783695,2021-09-09T08:06:23.695Z,sell,0.0003406,1.0,0.0003406
ATM/BTC,1631174783695,2021-09-09T08:06:23.695Z,sell,0.0003405,1.65,0.000561825
ATM/BTC,1631174783695,2021-09-09T08:06:23.695Z,sell,0.0003396,14.1,0.00478836
ATM/BTC,1631174783695,2021-09-09T08:06:23.695Z,sell,0.0003388,1.66,0.0005624079999999999
ATM/BTC,1631174783695,2021-09-09T08:06:23.695Z,sell,0.0003386,6.21,0.0021027059999999998
ATM/BTC,1631174783695,2021-09-09T08:06:23.695Z,sell,0.0003385,3.95,0.001337075
ATM/BTC,1631174792087,2021-09-09T08:06:32.087Z,sell,0.0003391,1.05,0.00035605500000000003
ATM/BTC,1631174820540,2021-09-09T08:07:00.540Z,sell,0.0003386,0.61,0.000206546
ATM/BTC,1631174823736,2021-09-09T08:07:03.736Z,sell,0.0003387,1.69,0.000572403
ATM/BTC,1631174879557,2021-09-09T08:07:59.557Z,sell,0.0003385,12.55,0.004248175
ATM/BTC,1631174879572,2021-09-09T08:07:59.572Z,sell,0.0003383,1.0,0.0003383
ATM/BTC,1631174879572,2021-09-09T08:07:59.572Z,sell,0.0003379,3.68,0.001243472
ATM/BTC,1631174879572,2021-09-09T08:07:59.572Z,sell,0.0003371,1.67,0.000562957
ATM/BTC,1631174879572,2021-09-09T08:07:59.572Z,sell,0.0003369,0.38,0.00012802200000000002
ATM/BTC,1631174879572,2021-09-09T08:07:59.572Z,sell,0.0003365,5.82,0.00195843
ATM/BTC,1631174889356,2021-09-09T08:08:09.356Z,sell,0.0003367,0.84,0.000282828
ATM/BTC,1631174894439,2021-09-09T08:08:14.439Z,sell,0.0003373,4.17,0.001406541
ATM/BTC,1631174908118,2021-09-09T08:08:28.118Z,sell,0.0003372,0.54,0.000182088
ATM/BTC,1631175230933,2021-09-09T08:13:50.933Z,sell,0.0003366,11.77,0.003961782
ATM/BTC,1631175378394,2021-09-09T08:16:18.394Z,sell,0.0003366,1.35,0.00045441000000000004
ATM/BTC,1631175378394,2021-09-09T08:16:18.394Z,sell,0.0003366,1.35,0.00045441000000000004
ATM/BTC,1631175378394,2021-09-09T08:16:18.394Z,sell,0.0003366,1.35,0.00045441000000000004
ATM/BTC,1631175378394,2021-09-09T08:16:18.394Z,sell,0.0003366,1.35,0.00045441000000000004
ATM/BTC,1631175378394,2021-09-09T08:16:18.394Z,sell,0.0003366,1.35,0.00045441000000000004
ATM/BTC,1631175378394,2021-09-09T08:16:18.394Z,sell,0.0003366,1.35,0.00045441000000000004
ATM/BTC,1631175378395,2021-09-09T08:16:18.395Z,sell,0.0003366,1.35,0.00045441000000000004
ATM/BTC,1631175378395,2021-09-09T08:16:18.395Z,sell,0.0003366,1.35,0.00045441000000000004
ATM/BTC,1631175378396,2021-09-09T08:16:18.396Z,sell,0.0003366,1.35,0.00045441000000000004
ATM/BTC,1631175378396,2021-09-09T08:16:18.396Z,sell,0.0003366,1.35,0.00045441000000000004
ATM/BTC,1631175378396,2021-09-09T08:16:18.396Z,sell,0.0003366,1.35,0.00045441000000000004
ATM/BTC,1631175378396,2021-09-09T08:16:18.396Z,sell,0.0003366,1.35,0.00045441000000000004
ATM/BTC,1631175378396,2021-09-09T08:16:18.396Z,sell,0.0003366,1.35,0.00045441000000000004
ATM/BTC,1631175378397,2021-09-09T08:16:18.397Z,sell,0.0003366,1.35,0.00045441000000000004
ATM/BTC,1631175378397,2021-09-09T08:16:18.397Z,sell,0.0003366,1.35,0.00045441000000000004
ATM/BTC,1631175378397,2021-09-09T08:16:18.397Z,sell,0.0003366,1.35,0.00045441000000000004
ATM/BTC,1631175378397,2021-09-09T08:16:18.397Z,sell,0.0003366,1.35,0.00045441000000000004
ATM/BTC,1631175378397,2021-09-09T08:16:18.397Z,sell,0.0003366,1.35,0.00045441000000000004
ATM/BTC,1631175378397,2021-09-09T08:16:18.397Z,sell,0.0003366,1.35,0.00045441000000000004
ATM/BTC,1631175378397,2021-09-09T08:16:18.397Z,sell,0.0003366,1.35,0.00045441000000000004
ATM/BTC,1631175378397,2021-09-09T08:16:18.397Z,sell,0.0003366,1.35,0.00045441000000000004
ATM/BTC,1631175378397,2021-09-09T08:16:18.397Z,sell,0.0003366,1.35,0.00045441000000000004
ATM/BTC,1631175378398,2021-09-09T08:16:18.398Z,sell,0.0003366,1.35,0.00045441000000000004
ATM/BTC,1631175378398,2021-09-09T08:16:18.398Z,sell,0.0003366,1.35,0.00045441000000000004
ATM/BTC,1631175378398,2021-09-09T08:16:18.398Z,sell,0.0003366,1.35,0.00045441000000000004
ATM/BTC,1631175378398,2021-09-09T08:16:18.398Z,sell,0.0003366,1.35,0.00045441000000000004
ATM/BTC,1631175378398,2021-09-09T08:16:18.398Z,sell,0.0003366,1.35,0.00045441000000000004
ATM/BTC,1631175378398,2021-09-09T08:16:18.398Z,sell,0.0003366,1.35,0.00045441000000000004
ATM/BTC,1631175378398,2021-09-09T08:16:18.398Z,sell,0.0003366,1.35,0.00045441000000000004
ATM/BTC,1631175378398,2021-09-09T08:16:18.398Z,sell,0.0003366,1.35,0.00045441000000000004
ATM/BTC,1631175378399,2021-09-09T08:16:18.399Z,sell,0.0003366,1.35,0.00045441000000000004
ATM/BTC,1631175378399,2021-09-09T08:16:18.399Z,sell,0.0003366,1.35,0.00045441000000000004
ATM/BTC,1631175378399,2021-09-09T08:16:18.399Z,sell,0.0003366,1.35,0.00045441000000000004
ATM/BTC,1631175378399,2021-09-09T08:16:18.399Z,sell,0.0003366,1.35,0.00045441000000000004
ATM/BTC,1631175378399,2021-09-09T08:16:18.399Z,sell,0.0003366,370.68,0.124770888
ATM/BTC,1631175378399,2021-09-09T08:16:18.399Z,sell,0.0003366,1.35,0.00045441000000000004
ATM/BTC,1631175378399,2021-09-09T08:16:18.399Z,sell,0.0003366,1.35,0.00045441000000000004
ATM/BTC,1631175378399,2021-09-09T08:16:18.399Z,sell,0.0003366,3.66,0.001231956
ATM/BTC,1631175378401,2021-09-09T08:16:18.401Z,sell,0.0003366,1.35,0.00045441000000000004
ATM/BTC,1631175378401,2021-09-09T08:16:18.401Z,sell,0.0003366,1.35,0.00045441000000000004
ATM/BTC,1631175378401,2021-09-09T08:16:18.401Z,sell,0.0003366,15.04,0.005062464
ATM/BTC,1631175378402,2021-09-09T08:16:18.402Z,sell,0.0003366,1.35,0.00045441000000000004
ATM/BTC,1631175378402,2021-09-09T08:16:18.402Z,sell,0.0003366,22.34,0.007519644
ATM/BTC,1631175378405,2021-09-09T08:16:18.405Z,sell,0.0003366,1.35,0.00045441000000000004
ATM/BTC,1631175378408,2021-09-09T08:16:18.408Z,sell,0.0003366,23.87,0.008034642
ATM/BTC,1631175378417,2021-09-09T08:16:18.417Z,sell,0.0003366,310.64,0.104561424
ATM/BTC,1631175378420,2021-09-09T08:16:18.420Z,sell,0.0003366,1.35,0.00045441000000000004
ATM/BTC,1631175378423,2021-09-09T08:16:18.423Z,sell,0.0003366,1.35,0.00045441000000000004
ATM/BTC,1631175378424,2021-09-09T08:16:18.424Z,sell,0.0003366,1.35,0.00045441000000000004
ATM/BTC,1631175378425,2021-09-09T08:16:18.425Z,sell,0.0003366,1.35,0.00045441000000000004
ATM/BTC,1631175378433,2021-09-09T08:16:18.433Z,sell,0.0003366,4.79,0.0016123139999999999
ATM/BTC,1631175378462,2021-09-09T08:16:18.462Z,sell,0.0003366,1.94,0.000653004
ATM/BTC,1631175388389,2021-09-09T08:16:28.389Z,sell,0.0003366,2.15,0.0007236899999999999
ATM/BTC,1631175391454,2021-09-09T08:16:31.454Z,sell,0.0003366,5.61,0.001888326
ATM/BTC,1631175391461,2021-09-09T08:16:31.461Z,sell,0.0003366,5.44,0.001831104
ATM/BTC,1631175391468,2021-09-09T08:16:31.468Z,sell,0.0003366,72.07,0.024258761999999996
ATM/BTC,1631175391468,2021-09-09T08:16:31.468Z,sell,0.0003366,72.07,0.024258761999999996
ATM/BTC,1631175597958,2021-09-09T08:19:57.958Z,sell,0.0003366,0.6,0.00020196
ATM/BTC,1631175900662,2021-09-09T08:25:00.662Z,sell,0.0003366,7.47,0.0025144019999999998
ATM/BTC,1631175991389,2021-09-09T08:26:31.389Z,sell,0.0003366,14.0,0.0047124
ATM/BTC,1631176038867,2021-09-09T08:27:18.867Z,sell,0.0003366,17.73,0.005967918
ATM/BTC,1631176674907,2021-09-09T08:37:54.907Z,sell,0.0003366,3.09,0.0010400939999999999
ATM/BTC,1631176720198,2021-09-09T08:38:40.198Z,sell,0.0003366,0.62,0.000208692
ATM/BTC,1631176731880,2021-09-09T08:38:51.880Z,sell,0.0003366,4.75,0.00159885
ATM/BTC,1631176750210,2021-09-09T08:39:10.210Z,sell,0.0003366,17.33,0.005833277999999999
ATM/BTC,1631176816320,2021-09-09T08:40:16.320Z,sell,0.0003366,1.46,0.0004914359999999999
ATM/BTC,1631176833228,2021-09-09T08:40:33.228Z,sell,0.0003366,0.39,0.000131274
ATM/BTC,1631176887073,2021-09-09T08:41:27.073Z,sell,0.0003366,26.3,0.00885258
ATM/BTC,1631176887091,2021-09-09T08:41:27.091Z,sell,0.0003366,11.37,0.0038271419999999995
ATM/BTC,1631176887168,2021-09-09T08:41:27.168Z,sell,0.0003366,11.37,0.0038271419999999995
ATM/BTC,1631176887186,2021-09-09T08:41:27.186Z,sell,0.0003366,17.08,0.005749127999999999
ATM/BTC,1631176887186,2021-09-09T08:41:27.186Z,sell,0.0003366,9.01,0.003032766
ATM/BTC,1631176887229,2021-09-09T08:41:27.229Z,sell,0.0003366,7.45,0.00250767
ATM/BTC,1631176887252,2021-09-09T08:41:27.252Z,sell,0.0003366,3.3,0.00111078
ATM/BTC,1631176887260,2021-09-09T08:41:27.260Z,sell,0.0003366,12.79,0.004305114
ATM/BTC,1631176887283,2021-09-09T08:41:27.283Z,sell,0.0003366,2.38,0.0008011079999999999
ATM/BTC,1631176887366,2021-09-09T08:41:27.366Z,sell,0.0003366,1.23,0.000414018
ATM/BTC,1631176887371,2021-09-09T08:41:27.371Z,sell,0.0003366,1.23,0.000414018
ATM/BTC,1631176887767,2021-09-09T08:41:27.767Z,sell,0.0003366,1.23,0.000414018
ATM/BTC,1631176887826,2021-09-09T08:41:27.826Z,sell,0.0003366,1.23,0.000414018
ATM/BTC,1631176887984,2021-09-09T08:41:27.984Z,sell,0.0003366,1.04,0.00035006400000000003
ATM/BTC,1631176888061,2021-09-09T08:41:28.061Z,sell,0.0003366,7.41,0.002494206
ATM/BTC,1631176888067,2021-09-09T08:41:28.067Z,sell,0.0003366,83.34,0.028052244
ATM/BTC,1631176888070,2021-09-09T08:41:28.070Z,sell,0.0003362,2.44,0.0008203279999999999
ATM/BTC,1631176888070,2021-09-09T08:41:28.070Z,sell,0.000336,1.0,0.000336
ATM/BTC,1631176888070,2021-09-09T08:41:28.070Z,sell,0.0003354,18.18,0.006097572
ATM/BTC,1631176888070,2021-09-09T08:41:28.070Z,sell,0.0003352,0.38,0.000127376
ATM/BTC,1631176888070,2021-09-09T08:41:28.070Z,sell,0.0003349,2.6,0.0008707400000000001
ATM/BTC,1631176888070,2021-09-09T08:41:28.070Z,sell,0.0003347,0.62,0.000207514
ATM/BTC,1631176888070,2021-09-09T08:41:28.070Z,sell,0.0003345,3.72,0.00124434
ATM/BTC,1631176888070,2021-09-09T08:41:28.070Z,sell,0.0003339,18.83,0.006287336999999999
ATM/BTC,1631176888070,2021-09-09T08:41:28.070Z,sell,0.0003338,11.98,0.003998924
ATM/BTC,1631176888070,2021-09-09T08:41:28.070Z,sell,0.0003337,2.26,0.0007541619999999998
ATM/BTC,1631176888070,2021-09-09T08:41:28.070Z,sell,0.0003335,0.38,0.00012673
ATM/BTC,1631176888070,2021-09-09T08:41:28.070Z,sell,0.0003332,0.18,5.9976e-05
ATM/BTC,1631176888070,2021-09-09T08:41:28.070Z,sell,0.0003332,6.65,0.00221578
ATM/BTC,1631176888078,2021-09-09T08:41:28.078Z,sell,0.0003332,18.33,0.006107556
ATM/BTC,1631176888078,2021-09-09T08:41:28.078Z,sell,0.000333,2.09,0.00069597
ATM/BTC,1631176888078,2021-09-09T08:41:28.078Z,sell,0.0003328,9.3,0.0030950400000000003
ATM/BTC,1631176888079,2021-09-09T08:41:28.079Z,buy,0.0003364,15.75,0.0052983
ATM/BTC,1631176888083,2021-09-09T08:41:28.083Z,sell,0.0003333,3.29,0.0010965570000000002
ATM/BTC,1631176889197,2021-09-09T08:41:29.197Z,sell,0.0003334,22.58,0.007528172
ATM/BTC,1631176892630,2021-09-09T08:41:32.630Z,buy,0.0003359,0.11,3.6948999999999995e-05
ATM/BTC,1631176892635,2021-09-09T08:41:32.635Z,buy,0.0003359,1.28,0.000429952
ATM/BTC,1631176894215,2021-09-09T08:41:34.215Z,sell,0.0003338,1.39,0.00046398199999999994
ATM/BTC,1631176894215,2021-09-09T08:41:34.215Z,sell,0.0003337,2.58,0.000860946
ATM/BTC,1631176894223,2021-09-09T08:41:34.223Z,buy,0.0003333,1.87,0.0006232710000000001
ATM/BTC,1631176896837,2021-09-09T08:41:36.837Z,buy,0.0003333,0.92,0.00030663600000000005
ATM/BTC,1631176897480,2021-09-09T08:41:37.480Z,buy,0.0003333,0.92,0.00030663600000000005
ATM/BTC,1631176898154,2021-09-09T08:41:38.154Z,buy,0.0003351,2.46,0.000824346
ATM/BTC,1631176898683,2021-09-09T08:41:38.683Z,buy,0.0003333,0.92,0.00030663600000000005
ATM/BTC,1631176902638,2021-09-09T08:41:42.638Z,buy,0.0003333,0.92,0.00030663600000000005
ATM/BTC,1631177089607,2021-09-09T08:44:49.607Z,buy,0.0003354,2.09,0.000700986
ATM/BTC,1631177218121,2021-09-09T08:46:58.121Z,buy,0.0003347,0.09,3.0123e-05
ATM/BTC,1631177398364,2021-09-09T08:49:58.364Z,sell,0.0003333,0.31,0.00010332300000000001
ATM/BTC,1631177398526,2021-09-09T08:49:58.526Z,sell,0.0003328,2.46,0.000818688
ATM/BTC,1631177470746,2021-09-09T08:51:10.746Z,sell,0.0003328,0.46,0.000153088
ATM/BTC,1631177470769,2021-09-09T08:51:10.769Z,buy,0.0003328,0.98,0.000326144
ATM/BTC,1631177470788,2021-09-09T08:51:10.788Z,buy,0.0003328,50.0,0.016640000000000002
ATM/BTC,1631177470790,2021-09-09T08:51:10.790Z,buy,0.0003328,12.56,0.004179968
ATM/BTC,1631177470797,2021-09-09T08:51:10.797Z,buy,0.0003328,20.0,0.0066560000000000005
ATM/BTC,1631177470798,2021-09-09T08:51:10.798Z,buy,0.0003328,20.0,0.0066560000000000005
ATM/BTC,1631177470804,2021-09-09T08:51:10.804Z,buy,0.0003328,10.0,0.0033280000000000002
ATM/BTC,1631177470805,2021-09-09T08:51:10.805Z,buy,0.0003328,10.0,0.0033280000000000002
ATM/BTC,1631177470811,2021-09-09T08:51:10.811Z,buy,0.0003328,10.0,0.0033280000000000002
ATM/BTC,1631177470816,2021-09-09T08:51:10.816Z,buy,0.0003328,10.0,0.0033280000000000002
ATM/BTC,1631177470823,2021-09-09T08:51:10.823Z,buy,0.0003328,10.0,0.0033280000000000002
ATM/BTC,1631177470830,2021-09-09T08:51:10.830Z,buy,0.0003328,20.0,0.0066560000000000005
ATM/BTC,1631177470836,2021-09-09T08:51:10.836Z,buy,0.0003328,20.0,0.0066560000000000005
ATM/BTC,1631177493132,2021-09-09T08:51:33.132Z,sell,0.0003322,18.79,0.006242038
ATM/BTC,1631177496614,2021-09-09T08:51:36.614Z,sell,0.0003321,1.69,0.000561249
ATM/BTC,1631177496614,2021-09-09T08:51:36.614Z,sell,0.000332,0.38,0.00012616
ATM/BTC,1631177496614,2021-09-09T08:51:36.614Z,sell,0.0003316,12.91,0.004280956
ATM/BTC,1631177496614,2021-09-09T08:51:36.614Z,sell,0.0003315,10.24,0.00339456
ATM/BTC,1631177504176,2021-09-09T08:51:44.176Z,sell,0.0003315,80.25,0.026602874999999998
ATM/BTC,1631177532982,2021-09-09T08:52:12.982Z,sell,0.0003314,3.0,0.0009942
ATM/BTC,1631177572519,2021-09-09T08:52:52.519Z,buy,0.0003324,1.5,0.0004986
ATM/BTC,1631177572587,2021-09-09T08:52:52.587Z,buy,0.0003325,12.91,0.004292575
ATM/BTC,1631177574968,2021-09-09T08:52:54.968Z,buy,0.0003328,50.0,0.016640000000000002
ATM/BTC,1631177666890,2021-09-09T08:54:26.890Z,sell,0.0003316,47.88,0.015877008
ATM/BTC,1631177666893,2021-09-09T08:54:26.893Z,sell,0.0003316,55.77,0.018493332
ATM/BTC,1631177920655,2021-09-09T08:58:40.655Z,sell,0.0003312,3.76,0.0012453119999999997
ATM/BTC,1631177949492,2021-09-09T08:59:09.492Z,sell,0.0003312,0.31,0.000102672
ATM/BTC,1631178209278,2021-09-09T09:03:29.278Z,sell,0.0003323,0.91,0.00030239300000000003
ATM/BTC,1631178209734,2021-09-09T09:03:29.734Z,sell,0.0003323,0.71,0.000235933
ATM/BTC,1631178275134,2021-09-09T09:04:35.134Z,sell,0.0003319,1.0,0.0003319
ATM/BTC,1631178376780,2021-09-09T09:06:16.780Z,sell,0.0003319,12.64,0.004195216
ATM/BTC,1631178490908,2021-09-09T09:08:10.908Z,sell,0.0003315,14.35,0.004757025
ATM/BTC,1631178490908,2021-09-09T09:08:10.908Z,sell,0.0003314,20.67,0.006850038
ATM/BTC,1631178502214,2021-09-09T09:08:22.214Z,sell,0.0003313,3.09,0.001023717
ATM/BTC,1631178574952,2021-09-09T09:09:34.952Z,buy,0.0003335,2.47,0.000823745
ATM/BTC,1631178576051,2021-09-09T09:09:36.051Z,buy,0.0003337,1.0,0.0003337
ATM/BTC,1631178963211,2021-09-09T09:16:03.211Z,buy,0.0003337,0.31,0.00010344699999999999
ATM/BTC,1631178973895,2021-09-09T09:16:13.895Z,buy,0.0003342,6.0,0.0020052
ATM/BTC,1631178973895,2021-09-09T09:16:13.895Z,buy,0.0003342,6.0,0.0020052
ATM/BTC,1631179031492,2021-09-09T09:17:11.492Z,buy,0.000334,0.45,0.0001503
ATM/BTC,1631179210439,2021-09-09T09:20:10.439Z,sell,0.000334,0.82,0.00027387999999999995
ATM/BTC,1631179312703,2021-09-09T09:21:52.703Z,buy,0.000334,0.39,0.00013026
ATM/BTC,1631179541586,2021-09-09T09:25:41.586Z,buy,0.0003341,0.08,2.6728e-05
ATM/BTC,1631179803351,2021-09-09T09:30:03.351Z,buy,0.0003338,12.29,0.004102402
ATM/BTC,1631179804481,2021-09-09T09:30:04.481Z,buy,0.0003344,1.69,0.0005651359999999999
ATM/BTC,1631179806008,2021-09-09T09:30:06.008Z,buy,0.0003345,25.16,0.00841602
ATM/BTC,1631179809318,2021-09-09T09:30:09.318Z,buy,0.0003351,3.75,0.0012566250000000001
ATM/BTC,1631179828766,2021-09-09T09:30:28.766Z,buy,0.0003358,0.66,0.000221628
ATM/BTC,1631179829143,2021-09-09T09:30:29.143Z,buy,0.000336,5.27,0.0017707199999999997
ATM/BTC,1631179829972,2021-09-09T09:30:29.972Z,buy,0.0003362,0.38,0.000127756
ATM/BTC,1631179927746,2021-09-09T09:32:07.746Z,buy,0.0003362,0.31,0.00010422199999999999
ATM/BTC,1631180166208,2021-09-09T09:36:06.208Z,buy,0.0003367,0.6,0.00020202
ATM/BTC,1631180275960,2021-09-09T09:37:55.960Z,sell,0.0003346,1.2,0.00040152
ATM/BTC,1631180536704,2021-09-09T09:42:16.704Z,buy,0.0003368,0.45,0.00015156
ATM/BTC,1631181143909,2021-09-09T09:52:23.909Z,buy,0.0003366,5.06,0.001703196
ATM/BTC,1631181435204,2021-09-09T09:57:15.204Z,buy,0.0003354,0.38,0.000127452
ATM/BTC,1631181448654,2021-09-09T09:57:28.654Z,buy,0.0003366,0.71,0.00023898599999999998
ATM/BTC,1631181464022,2021-09-09T09:57:44.022Z,buy,0.0003368,2.0,0.0006736
ATM/BTC,1631181472923,2021-09-09T09:57:52.923Z,buy,0.0003369,1.8,0.00060642
ATM/BTC,1631181494486,2021-09-09T09:58:14.486Z,buy,0.0003377,2.06,0.0006956620000000001
ATM/BTC,1631181514712,2021-09-09T09:58:34.712Z,buy,0.0003375,7.34,0.0024772500000000003
ATM/BTC,1631181515518,2021-09-09T09:58:35.518Z,buy,0.0003382,15.62,0.005282683999999999
ATM/BTC,1631181515526,2021-09-09T09:58:35.526Z,buy,0.0003382,78.3,0.026481059999999997
ATM/BTC,1631181515757,2021-09-09T09:58:35.757Z,buy,0.0003383,1.0,0.0003383
ATM/BTC,1631181540112,2021-09-09T09:59:00.112Z,buy,0.0003385,20.21,0.006841085
ATM/BTC,1631181547129,2021-09-09T09:59:07.129Z,buy,0.0003394,4.65,0.0015782100000000002
ATM/BTC,1631181553554,2021-09-09T09:59:13.554Z,sell,0.0003394,4.18,0.001418692
ATM/BTC,1631181641921,2021-09-09T10:00:41.921Z,buy,0.00034,40.4,0.013736
ATM/BTC,1631181648164,2021-09-09T10:00:48.164Z,buy,0.0003402,2.42,0.0008232839999999999
ATM/BTC,1631181694130,2021-09-09T10:01:34.130Z,sell,0.0003379,2.42,0.0008177179999999999
ATM/BTC,1631181695244,2021-09-09T10:01:35.244Z,sell,0.0003371,0.6,0.00020226
ATM/BTC,1631181734758,2021-09-09T10:02:14.758Z,sell,0.0003371,0.45,0.000151695
ATM/BTC,1631181835355,2021-09-09T10:03:55.355Z,sell,0.0003372,2.51,0.000846372
ATM/BTC,1631181868754,2021-09-09T10:04:28.754Z,buy,0.00034,0.11,3.74e-05
ATM/BTC,1631181876883,2021-09-09T10:04:36.883Z,buy,0.0003401,0.3,0.00010203000000000001
ATM/BTC,1631181876892,2021-09-09T10:04:36.892Z,sell,0.0003401,10.95,0.003724095
ATM/BTC,1631181876893,2021-09-09T10:04:36.893Z,sell,0.0003377,5.63,0.001901251
ATM/BTC,1631181876902,2021-09-09T10:04:36.902Z,buy,0.0003402,2.42,0.0008232839999999999
ATM/BTC,1631181876902,2021-09-09T10:04:36.902Z,buy,0.0003406,1.0,0.0003406
ATM/BTC,1631181876902,2021-09-09T10:04:36.902Z,buy,0.0003411,0.3,0.00010232999999999999
ATM/BTC,1631182335742,2021-09-09T10:12:15.742Z,buy,0.0003408,7.15,0.00243672
ATM/BTC,1631182395863,2021-09-09T10:13:15.863Z,sell,0.0003385,8.83,0.0029889549999999997
ATM/BTC,1631182544581,2021-09-09T10:15:44.581Z,sell,0.0003388,9.59,0.003249092
ATM/BTC,1631182546342,2021-09-09T10:15:46.342Z,sell,0.0003385,4.54,0.00153679
ATM/BTC,1631182546342,2021-09-09T10:15:46.342Z,sell,0.0003385,4.54,0.00153679
ATM/BTC,1631182641974,2021-09-09T10:17:21.974Z,sell,0.0003383,1.0,0.0003383
ATM/BTC,1631182641974,2021-09-09T10:17:21.974Z,sell,0.0003379,0.2,6.758e-05
ATM/BTC,1631182656716,2021-09-09T10:17:36.716Z,sell,0.0003379,2.22,0.000750138
ATM/BTC,1631182750553,2021-09-09T10:19:10.553Z,sell,0.0003371,0.62,0.00020900200000000002
ATM/BTC,1631182794741,2021-09-09T10:19:54.741Z,sell,0.0003363,89.2,0.02999796
ATM/BTC,1631182795289,2021-09-09T10:19:55.289Z,sell,0.0003362,2.44,0.0008203279999999999
ATM/BTC,1631182795328,2021-09-09T10:19:55.328Z,sell,0.000336,1.0,0.000336
ATM/BTC,1631182795344,2021-09-09T10:19:55.344Z,sell,0.0003354,18.18,0.006097572
ATM/BTC,1631182795746,2021-09-09T10:19:55.746Z,sell,0.0003352,0.38,0.000127376
ATM/BTC,1631182795746,2021-09-09T10:19:55.746Z,sell,0.0003349,2.6,0.0008707400000000001
ATM/BTC,1631182795746,2021-09-09T10:19:55.746Z,sell,0.0003345,3.72,0.00124434
ATM/BTC,1631182795746,2021-09-09T10:19:55.746Z,sell,0.0003337,2.69,0.0008976529999999999
ATM/BTC,1631182795746,2021-09-09T10:19:55.746Z,sell,0.0003335,0.38,0.00012673
ATM/BTC,1631182795746,2021-09-09T10:19:55.746Z,sell,0.0003332,10.08,0.0033586560000000002
ATM/BTC,1631183188435,2021-09-09T10:26:28.435Z,sell,0.0003332,14.28,0.004758096
ATM/BTC,1631183188435,2021-09-09T10:26:28.435Z,sell,0.0003331,10.1,0.00336431
ATM/BTC,1631183413369,2021-09-09T10:30:13.369Z,sell,0.0003331,1.75,0.000582925
ATM/BTC,1631183423090,2021-09-09T10:30:23.090Z,sell,0.000333,36.61,0.01219113
ATM/BTC,1631183423091,2021-09-09T10:30:23.091Z,sell,0.000333,53.47,0.01780551
ATM/BTC,1631183505746,2021-09-09T10:31:45.746Z,sell,0.0003328,2.46,0.000818688
ATM/BTC,1631183850895,2021-09-09T10:37:30.895Z,sell,0.0003324,1.19,0.000395556
ATM/BTC,1631184204435,2021-09-09T10:43:24.435Z,sell,0.0003321,1.69,0.000561249
ATM/BTC,1631184204446,2021-09-09T10:43:24.446Z,sell,0.000332,0.38,0.00012616
ATM/BTC,1631184204448,2021-09-09T10:43:24.448Z,sell,0.0003314,1.0,0.0003314
ATM/BTC,1631184204448,2021-09-09T10:43:24.448Z,sell,0.0003313,14.56,0.004823728
ATM/BTC,1631184204453,2021-09-09T10:43:24.453Z,buy,0.0003319,1.69,0.000560911
ATM/BTC,1631184246816,2021-09-09T10:44:06.816Z,sell,0.0003315,80.78,0.026778569999999998
ATM/BTC,1631184342492,2021-09-09T10:45:42.492Z,sell,0.0003315,58.42,0.019366229999999998
ATM/BTC,1631184435103,2021-09-09T10:47:15.103Z,sell,0.0003312,3.75,0.0012419999999999998
ATM/BTC,1631184492139,2021-09-09T10:48:12.139Z,sell,0.0003312,0.01,3.312e-06
ATM/BTC,1631185292762,2021-09-09T11:01:32.762Z,buy,0.0003335,2.0,0.000667
ATM/BTC,1631185312818,2021-09-09T11:01:52.818Z,buy,0.0003335,3.56,0.0011872599999999999
ATM/BTC,1631185326740,2021-09-09T11:02:06.740Z,buy,0.0003337,1.0,0.0003337
ATM/BTC,1631185326740,2021-09-09T11:02:06.740Z,buy,0.0003344,1.69,0.0005651359999999999
ATM/BTC,1631185326740,2021-09-09T11:02:06.740Z,buy,0.000335,4.3,0.0014405
ATM/BTC,1631185387327,2021-09-09T11:03:07.327Z,buy,0.0003349,0.29,9.7121e-05
ATM/BTC,1631185420602,2021-09-09T11:03:40.602Z,buy,0.0003349,0.45,0.000150705
ATM/BTC,1631185521182,2021-09-09T11:05:21.182Z,sell,0.0003321,1.69,0.000561249
ATM/BTC,1631185652954,2021-09-09T11:07:32.954Z,sell,0.0003314,1.0,0.0003314
ATM/BTC,1631186010836,2021-09-09T11:13:30.836Z,buy,0.0003336,9.16,0.0030557759999999996
ATM/BTC,1631186010836,2021-09-09T11:13:30.836Z,buy,0.0003336,9.16,0.0030557759999999996
ATM/BTC,1631187164928,2021-09-09T11:32:44.928Z,buy,0.0003329,8.58,0.0028562820000000004
ATM/BTC,1631187164928,2021-09-09T11:32:44.928Z,buy,0.0003331,12.77,0.004253687
ATM/BTC,1631187164928,2021-09-09T11:32:44.928Z,buy,0.0003336,0.31,0.00010341599999999999
ATM/BTC,1631187164934,2021-09-09T11:32:44.934Z,sell,0.0003336,8.18,0.002728848
ATM/BTC,1631187164935,2021-09-09T11:32:44.935Z,sell,0.0003336,8.18,0.002728848
ATM/BTC,1631187164935,2021-09-09T11:32:44.935Z,sell,0.0003336,6.9,0.00230184
ATM/BTC,1631187256355,2021-09-09T11:34:16.355Z,sell,0.0003315,0.6,0.00019889999999999998
ATM/BTC,1631187487766,2021-09-09T11:38:07.766Z,sell,0.0003315,0.31,0.000102765
ATM/BTC,1631187710389,2021-09-09T11:41:50.389Z,sell,0.0003313,22.99,0.007616586999999999
ATM/BTC,1631187826820,2021-09-09T11:43:46.820Z,sell,0.0003312,4.47,0.0014804639999999997
ATM/BTC,1631187874045,2021-09-09T11:44:34.045Z,sell,0.0003308,2.61,0.000863388
ATM/BTC,1631187874045,2021-09-09T11:44:34.045Z,sell,0.0003308,2.7,0.0008931600000000002
ATM/BTC,1631187874047,2021-09-09T11:44:34.047Z,sell,0.0003308,2.61,0.000863388
ATM/BTC,1631187893902,2021-09-09T11:44:53.902Z,sell,0.0003307,1.65,0.000545655
ATM/BTC,1631187982997,2021-09-09T11:46:22.997Z,buy,0.0003312,0.6,0.00019871999999999997
ATM/BTC,1631188282510,2021-09-09T11:51:22.510Z,sell,0.0003311,6.04,0.001999844
ATM/BTC,1631188282510,2021-09-09T11:51:22.510Z,sell,0.000331,12.44,0.0041176400000000005
ATM/BTC,1631188808925,2021-09-09T12:00:08.925Z,sell,0.000332,0.56,0.00018592
ATM/BTC,1631189032109,2021-09-09T12:03:52.109Z,buy,0.0003324,1.72,0.000571728
ATM/BTC,1631189209591,2021-09-09T12:06:49.591Z,buy,0.0003335,2.47,0.000823745
ATM/BTC,1631189221570,2021-09-09T12:07:01.570Z,buy,0.0003337,1.0,0.0003337
ATM/BTC,1631189221570,2021-09-09T12:07:01.570Z,buy,0.0003343,0.96,0.000320928
ATM/BTC,1631189291670,2021-09-09T12:08:11.670Z,sell,0.0003324,0.7,0.00023267999999999997
ATM/BTC,1631189291670,2021-09-09T12:08:11.670Z,sell,0.0003324,0.7,0.00023267999999999997
ATM/BTC,1631189825254,2021-09-09T12:17:05.254Z,buy,0.0003335,0.31,0.00010338499999999999
ATM/BTC,1631189869118,2021-09-09T12:17:49.118Z,buy,0.0003343,1.19,0.00039781699999999996
ATM/BTC,1631190011556,2021-09-09T12:20:11.556Z,buy,0.0003343,8.45,0.0028248349999999995
ATM/BTC,1631190019052,2021-09-09T12:20:19.052Z,buy,0.0003343,2.0,0.0006686
ATM/BTC,1631190340217,2021-09-09T12:25:40.217Z,buy,0.0003341,18.1,0.00604721
ATM/BTC,1631190340264,2021-09-09T12:25:40.264Z,buy,0.0003341,10.0,0.003341
ATM/BTC,1631190893710,2021-09-09T12:34:53.710Z,buy,0.000334,0.44,0.00014696
ATM/BTC,1631190940521,2021-09-09T12:35:40.521Z,sell,0.0003314,0.56,0.000185584
ATM/BTC,1631191101745,2021-09-09T12:38:21.745Z,sell,0.0003314,0.44,0.000145816
ATM/BTC,1631191101745,2021-09-09T12:38:21.745Z,sell,0.0003312,2.47,0.000818064
ATM/BTC,1631191101745,2021-09-09T12:38:21.745Z,sell,0.0003304,4.3,0.0014207199999999999
ATM/BTC,1631191101759,2021-09-09T12:38:21.759Z,sell,0.0003302,0.85,0.00028067
ATM/BTC,1631191101759,2021-09-09T12:38:21.759Z,sell,0.0003301,0.38,0.00012543800000000001
ATM/BTC,1631191101759,2021-09-09T12:38:21.759Z,sell,0.0003297,3.38,0.001114386
ATM/BTC,1631191101759,2021-09-09T12:38:21.759Z,sell,0.0003296,3.83,0.001262368
ATM/BTC,1631191204834,2021-09-09T12:40:04.834Z,sell,0.0003296,13.28,0.0043770879999999995
ATM/BTC,1631191204886,2021-09-09T12:40:04.886Z,sell,0.0003296,13.28,0.0043770879999999995
ATM/BTC,1631191204934,2021-09-09T12:40:04.934Z,sell,0.0003296,12.7,0.004185919999999999
ATM/BTC,1631191207697,2021-09-09T12:40:07.697Z,sell,0.0003296,1.47,0.000484512
ATM/BTC,1631191228244,2021-09-09T12:40:28.244Z,sell,0.0003295,2.49,0.000820455
ATM/BTC,1631191228244,2021-09-09T12:40:28.244Z,sell,0.0003291,18.13,0.005966582999999999
ATM/BTC,1631191228244,2021-09-09T12:40:28.244Z,sell,0.0003289,0.59,0.00019405100000000002
ATM/BTC,1631191228244,2021-09-09T12:40:28.244Z,sell,0.0003288,1.71,0.000562248
ATM/BTC,1631191228255,2021-09-09T12:40:28.255Z,sell,0.0003284,0.39,0.000128076
ATM/BTC,1631191228255,2021-09-09T12:40:28.255Z,sell,0.0003279,3.8,0.00124602
ATM/BTC,1631191228255,2021-09-09T12:40:28.255Z,sell,0.0003272,1.72,0.000562784
ATM/BTC,1631191228255,2021-09-09T12:40:28.255Z,sell,0.0003269,3.51,0.0011474189999999998
ATM/BTC,1631191229265,2021-09-09T12:40:29.265Z,sell,0.0003268,26.71,0.008728828
ATM/BTC,1631191238054,2021-09-09T12:40:38.054Z,buy,0.0003291,1.0,0.0003291
ATM/BTC,1631191238626,2021-09-09T12:40:38.626Z,buy,0.0003294,0.6,0.00019763999999999998
ATM/BTC,1631191240063,2021-09-09T12:40:40.063Z,buy,0.0003294,1.12,0.00036892800000000003
ATM/BTC,1631191240063,2021-09-09T12:40:40.063Z,buy,0.0003301,2.5,0.00082525
ATM/BTC,1631191240063,2021-09-09T12:40:40.063Z,buy,0.0003311,1.71,0.000566181
ATM/BTC,1631191240063,2021-09-09T12:40:40.063Z,buy,0.0003314,1.0,0.0003314
ATM/BTC,1631191240063,2021-09-09T12:40:40.063Z,buy,0.0003318,3.79,0.001257522
ATM/BTC,1631191240063,2021-09-09T12:40:40.063Z,buy,0.0003327,1.7,0.00056559
ATM/BTC,1631191244661,2021-09-09T12:40:44.661Z,sell,0.0003304,1.7,0.00056168
ATM/BTC,1631191272462,2021-09-09T12:41:12.462Z,buy,0.0003327,1.7,0.00056559
ATM/BTC,1631191272469,2021-09-09T12:41:12.469Z,sell,0.0003327,0.47,0.000156369
