symbol,timestamp,datetime,side,price,amount,btc_volume
BNT/BTC,1587571184439,2020-04-22T15:59:44.439Z,buy,2.759e-05,12.0,0.00033108
BNT/BTC,1587571184439,2020-04-22T15:59:44.439Z,buy,2.763e-05,2.0,5.526e-05
BNT/BTC,1587571184439,2020-04-22T15:59:44.439Z,buy,2.765e-05,18.0,0.0004977
BNT/BTC,1587571241494,2020-04-22T16:00:41.494Z,buy,2.765e-05,4.0,0.0001106
BNT/BTC,1587571261902,2020-04-22T16:01:01.902Z,buy,2.765e-05,288.0,0.0079632
BNT/BTC,1587571428581,2020-04-22T16:03:48.581Z,sell,2.761e-05,4.0,0.00011044
BNT/BTC,1587571448504,2020-04-22T16:04:08.504Z,sell,2.753e-05,20.0,0.0005505999999999999
BNT/BTC,1587571449343,2020-04-22T16:04:09.343Z,sell,2.75e-05,122.0,0.003355
BNT/BTC,1587572028553,2020-04-22T16:13:48.553Z,sell,2.749e-05,4.0,0.00010996
BNT/BTC,1587572735736,2020-04-22T16:25:35.736Z,sell,2.748e-05,143.0,0.00392964
BNT/BTC,1587572915094,2020-04-22T16:28:35.094Z,buy,2.758e-05,15.0,0.0004137
BNT/BTC,1587572915094,2020-04-22T16:28:35.094Z,buy,2.759e-05,20.0,0.0005518
BNT/BTC,1587572915094,2020-04-22T16:28:35.094Z,buy,2.761e-05,1.0,2.761e-05
BNT/BTC,1587573396887,2020-04-22T16:36:36.887Z,sell,2.753e-05,20.0,0.0005505999999999999
BNT/BTC,1587573411896,2020-04-22T16:36:51.896Z,buy,2.751e-05,16.0,0.00044016
BNT/BTC,1587573427789,2020-04-22T16:37:07.789Z,buy,2.752e-05,11.0,0.00030272000000000003
BNT/BTC,1587573489155,2020-04-22T16:38:09.155Z,sell,2.748e-05,51.0,0.00140148
BNT/BTC,1587573627166,2020-04-22T16:40:27.166Z,buy,2.753e-05,7.0,0.00019271
BNT/BTC,1587573677698,2020-04-22T16:41:17.698Z,buy,2.753e-05,4.0,0.00011012
BNT/BTC,1587573686349,2020-04-22T16:41:26.349Z,buy,2.753e-05,1.0,2.753e-05
BNT/BTC,1587574654318,2020-04-22T16:57:34.318Z,sell,2.748e-05,4.0,0.00010992
BNT/BTC,1587574668363,2020-04-22T16:57:48.363Z,sell,2.748e-05,4.0,0.00010992
BNT/BTC,1587574668363,2020-04-22T16:57:48.363Z,sell,2.747e-05,3.0,8.240999999999999e-05
BNT/BTC,1587574691440,2020-04-22T16:58:11.440Z,sell,2.747e-05,17.0,0.00046698999999999997
BNT/BTC,1587574691440,2020-04-22T16:58:11.440Z,sell,2.747e-05,17.0,0.00046698999999999997
BNT/BTC,1587574871597,2020-04-22T17:01:11.597Z,sell,2.745e-05,4.0,0.0001098
BNT/BTC,1587574871597,2020-04-22T17:01:11.597Z,sell,2.743e-05,4.0,0.00010972
BNT/BTC,1587574871597,2020-04-22T17:01:11.597Z,sell,2.741e-05,28.0,0.00076748
BNT/BTC,1587574871597,2020-04-22T17:01:11.597Z,sell,2.737e-05,183.0,0.00500871
BNT/BTC,1587574871597,2020-04-22T17:01:11.597Z,sell,2.735e-05,44.0,0.0012034
BNT/BTC,1587574871597,2020-04-22T17:01:11.597Z,sell,2.732e-05,145.0,0.0039613999999999995
BNT/BTC,1587574871597,2020-04-22T17:01:11.597Z,sell,2.731e-05,694.0,0.01895314
BNT/BTC,1587574871597,2020-04-22T17:01:11.597Z,sell,2.73e-05,898.0,0.0245154
BNT/BTC,1587574885899,2020-04-22T17:01:25.899Z,sell,2.74e-05,4.0,0.0001096
BNT/BTC,1587575174742,2020-04-22T17:06:14.742Z,buy,2.74e-05,4.0,0.0001096
BNT/BTC,1587575230892,2020-04-22T17:07:10.892Z,buy,2.74e-05,1.0,2.74e-05
BNT/BTC,1587575230892,2020-04-22T17:07:10.892Z,buy,2.741e-05,3.0,8.223e-05
BNT/BTC,1587575258121,2020-04-22T17:07:38.121Z,buy,2.741e-05,1.0,2.741e-05
BNT/BTC,1587575276304,2020-04-22T17:07:56.304Z,buy,2.741e-05,16.0,0.00043856
BNT/BTC,1587575276304,2020-04-22T17:07:56.304Z,buy,2.745e-05,3.0,8.235e-05
BNT/BTC,1587575440459,2020-04-22T17:10:40.459Z,sell,2.737e-05,4.0,0.00010948
BNT/BTC,1587575440459,2020-04-22T17:10:40.459Z,sell,2.735e-05,20.0,0.000547
BNT/BTC,1587575440459,2020-04-22T17:10:40.459Z,sell,2.734e-05,4.0,0.00010936
BNT/BTC,1587575440459,2020-04-22T17:10:40.459Z,sell,2.731e-05,588.0,0.01605828
BNT/BTC,1587575440459,2020-04-22T17:10:40.459Z,sell,2.73e-05,932.0,0.0254436
BNT/BTC,1587575440459,2020-04-22T17:10:40.459Z,sell,2.729e-05,1449.0,0.03954321
BNT/BTC,1587575443776,2020-04-22T17:10:43.776Z,buy,2.747e-05,8.0,0.00021976
BNT/BTC,1587575444499,2020-04-22T17:10:44.499Z,sell,2.732e-05,4.0,0.00010928
BNT/BTC,1587575444499,2020-04-22T17:10:44.499Z,sell,2.73e-05,583.0,0.0159159
BNT/BTC,1587576029586,2020-04-22T17:20:29.586Z,buy,2.741e-05,20.0,0.0005482
BNT/BTC,1587576029586,2020-04-22T17:20:29.586Z,buy,2.744e-05,568.0,0.015585920000000001
BNT/BTC,1587576029586,2020-04-22T17:20:29.586Z,buy,2.747e-05,12.0,0.00032963999999999997
BNT/BTC,1587576029586,2020-04-22T17:20:29.586Z,buy,2.749e-05,24.0,0.00065976
BNT/BTC,1587576029676,2020-04-22T17:20:29.676Z,sell,2.75e-05,266.0,0.007315
BNT/BTC,1587576152199,2020-04-22T17:22:32.199Z,buy,2.752e-05,725.0,0.019952
BNT/BTC,1587576152199,2020-04-22T17:22:32.199Z,buy,2.753e-05,20.0,0.0005505999999999999
BNT/BTC,1587576152199,2020-04-22T17:22:32.199Z,buy,2.755e-05,28.0,0.0007714
BNT/BTC,1587576152199,2020-04-22T17:22:32.199Z,buy,2.758e-05,16.0,0.00044128
BNT/BTC,1587576152199,2020-04-22T17:22:32.199Z,buy,2.759e-05,20.0,0.0005518
BNT/BTC,1587576152199,2020-04-22T17:22:32.199Z,buy,2.761e-05,53.0,0.00146333
BNT/BTC,1587576152199,2020-04-22T17:22:32.199Z,buy,2.763e-05,146.0,0.00403398
BNT/BTC,1587576155455,2020-04-22T17:22:35.455Z,buy,2.762e-05,8.0,0.00022096
BNT/BTC,1587576156536,2020-04-22T17:22:36.536Z,sell,2.758e-05,4.0,0.00011032
BNT/BTC,1587576164377,2020-04-22T17:22:44.377Z,sell,2.753e-05,8.0,0.00022024
BNT/BTC,1587576206907,2020-04-22T17:23:26.907Z,buy,2.762e-05,1.0,2.762e-05
BNT/BTC,1587576272689,2020-04-22T17:24:32.689Z,buy,2.761e-05,4.0,0.00011044
BNT/BTC,1587576404074,2020-04-22T17:26:44.074Z,sell,2.757e-05,4.0,0.00011028
BNT/BTC,1587576646957,2020-04-22T17:30:46.957Z,buy,2.761e-05,1.0,2.761e-05
BNT/BTC,1587576747059,2020-04-22T17:32:27.059Z,sell,2.753e-05,12.0,0.00033036
BNT/BTC,1587576747059,2020-04-22T17:32:27.059Z,sell,2.752e-05,4.0,0.00011008
BNT/BTC,1587576747059,2020-04-22T17:32:27.059Z,sell,2.747e-05,20.0,0.0005494
BNT/BTC,1587576747059,2020-04-22T17:32:27.059Z,sell,2.742e-05,354.0,0.009706679999999999
BNT/BTC,1587576747059,2020-04-22T17:32:27.059Z,sell,2.741e-05,24.0,0.00065784
BNT/BTC,1587576747059,2020-04-22T17:32:27.059Z,sell,2.739e-05,4.0,0.00010956
BNT/BTC,1587576747059,2020-04-22T17:32:27.059Z,sell,2.737e-05,291.0,0.00796467
BNT/BTC,1587576747059,2020-04-22T17:32:27.059Z,sell,2.736e-05,21.0,0.00057456
BNT/BTC,1587576749582,2020-04-22T17:32:29.582Z,sell,2.738e-05,56.0,0.00153328
BNT/BTC,1587576771332,2020-04-22T17:32:51.332Z,sell,2.746e-05,4.0,0.00010984
BNT/BTC,1587576809642,2020-04-22T17:33:29.642Z,buy,2.746e-05,13.0,0.00035698
BNT/BTC,1587577007650,2020-04-22T17:36:47.650Z,sell,2.746e-05,8.0,0.00021968
BNT/BTC,1587577632860,2020-04-22T17:47:12.860Z,buy,2.747e-05,4.0,0.00010988
BNT/BTC,1587577737266,2020-04-22T17:48:57.266Z,sell,2.745e-05,4.0,0.0001098
BNT/BTC,1587577873897,2020-04-22T17:51:13.897Z,sell,2.741e-05,4.0,0.00010964
BNT/BTC,1587577873897,2020-04-22T17:51:13.897Z,sell,2.74e-05,4.0,0.0001096
BNT/BTC,1587577873897,2020-04-22T17:51:13.897Z,sell,2.739e-05,4.0,0.00010956
BNT/BTC,1587577873897,2020-04-22T17:51:13.897Z,sell,2.738e-05,729.0,0.01996002
BNT/BTC,1587577873897,2020-04-22T17:51:13.897Z,sell,2.737e-05,793.0,0.02170441
BNT/BTC,1587578228310,2020-04-22T17:57:08.310Z,buy,2.746e-05,1.0,2.746e-05
BNT/BTC,1587578228310,2020-04-22T17:57:08.310Z,buy,2.746e-05,1.0,2.746e-05
BNT/BTC,1587578646526,2020-04-22T18:04:06.526Z,sell,2.735e-05,5.0,0.00013675
BNT/BTC,1587579181846,2020-04-22T18:13:01.846Z,sell,2.735e-05,8.0,0.0002188
BNT/BTC,1587579436025,2020-04-22T18:17:16.025Z,sell,2.735e-05,15.0,0.00041025
BNT/BTC,1587579436025,2020-04-22T18:17:16.025Z,sell,2.734e-05,4.0,0.00010936
BNT/BTC,1587579436025,2020-04-22T18:17:16.025Z,sell,2.732e-05,510.0,0.0139332
BNT/BTC,1587579612395,2020-04-22T18:20:12.395Z,buy,2.733e-05,7.0,0.00019131
BNT/BTC,1587579617253,2020-04-22T18:20:17.253Z,sell,2.732e-05,19.0,0.00051908
BNT/BTC,1587579957163,2020-04-22T18:25:57.163Z,buy,2.733e-05,1.0,2.733e-05
BNT/BTC,1587579958007,2020-04-22T18:25:58.007Z,buy,2.733e-05,1.0,2.733e-05
BNT/BTC,1587579958133,2020-04-22T18:25:58.133Z,buy,2.733e-05,1.0,2.733e-05
BNT/BTC,1587579958142,2020-04-22T18:25:58.142Z,buy,2.733e-05,17.0,0.00046461
BNT/BTC,1587579958142,2020-04-22T18:25:58.142Z,buy,2.733e-05,17.0,0.00046461
BNT/BTC,1587583036827,2020-04-22T19:17:16.827Z,buy,2.741e-05,20.0,0.0005482
BNT/BTC,1587583036827,2020-04-22T19:17:16.827Z,buy,2.743e-05,4.0,0.00010972
BNT/BTC,1587583036827,2020-04-22T19:17:16.827Z,buy,2.747e-05,13.0,0.00035711
BNT/BTC,1587583257908,2020-04-22T19:20:57.908Z,buy,2.74e-05,47.0,0.0012878
BNT/BTC,1587583257908,2020-04-22T19:20:57.908Z,buy,2.747e-05,7.0,0.00019229
BNT/BTC,1587583257908,2020-04-22T19:20:57.908Z,buy,2.749e-05,346.0,0.00951154
BNT/BTC,1587583308218,2020-04-22T19:21:48.218Z,buy,2.753e-05,4.0,0.00011012
BNT/BTC,1587583370882,2020-04-22T19:22:50.882Z,sell,2.749e-05,4.0,0.00010996
BNT/BTC,1587583370882,2020-04-22T19:22:50.882Z,sell,2.741e-05,19.0,0.00052079
BNT/BTC,1587583388574,2020-04-22T19:23:08.574Z,buy,2.753e-05,4.0,0.00011012
BNT/BTC,1587583388574,2020-04-22T19:23:08.574Z,buy,2.753e-05,4.0,0.00011012
BNT/BTC,1587583597864,2020-04-22T19:26:37.864Z,sell,2.749e-05,4.0,0.00010996
BNT/BTC,1587583597864,2020-04-22T19:26:37.864Z,sell,2.741e-05,1.0,2.741e-05
BNT/BTC,1587583597864,2020-04-22T19:26:37.864Z,sell,2.739e-05,4.0,0.00010956
BNT/BTC,1587583597864,2020-04-22T19:26:37.864Z,sell,2.737e-05,345.0,0.00944265
BNT/BTC,1587583597864,2020-04-22T19:26:37.864Z,sell,2.735e-05,20.0,0.000547
BNT/BTC,1587583597864,2020-04-22T19:26:37.864Z,sell,2.734e-05,143.0,0.00390962
BNT/BTC,1587583636174,2020-04-22T19:27:16.174Z,sell,2.743e-05,4.0,0.00010972
BNT/BTC,1587584299367,2020-04-22T19:38:19.367Z,buy,2.741e-05,16.0,0.00043856
BNT/BTC,1587584299367,2020-04-22T19:38:19.367Z,buy,2.742e-05,4.0,0.00010968
BNT/BTC,1587584299367,2020-04-22T19:38:19.367Z,buy,2.747e-05,20.0,0.0005494
BNT/BTC,1587584299367,2020-04-22T19:38:19.367Z,buy,2.751e-05,3.0,8.253e-05
BNT/BTC,1587585004820,2020-04-22T19:50:04.820Z,buy,2.75e-05,4.0,0.00011
BNT/BTC,1587585004820,2020-04-22T19:50:04.820Z,buy,2.753e-05,92.0,0.00253276
BNT/BTC,1587585014810,2020-04-22T19:50:14.810Z,sell,2.743e-05,4.0,0.00010972
BNT/BTC,1587585014833,2020-04-22T19:50:14.833Z,buy,2.743e-05,338.0,0.00927134
BNT/BTC,1587585034358,2020-04-22T19:50:34.358Z,buy,2.753e-05,1.0,2.753e-05
BNT/BTC,1587585194473,2020-04-22T19:53:14.473Z,buy,2.753e-05,1.0,2.753e-05
BNT/BTC,1587585194508,2020-04-22T19:53:14.508Z,buy,2.753e-05,55.0,0.00151415
BNT/BTC,1587585194528,2020-04-22T19:53:14.528Z,buy,2.754e-05,24.0,0.00066096
BNT/BTC,1587585194541,2020-04-22T19:53:14.541Z,buy,2.755e-05,25.0,0.00068875
BNT/BTC,1587585219546,2020-04-22T19:53:39.546Z,buy,2.755e-05,366.0,0.0100833
BNT/BTC,1587585350843,2020-04-22T19:55:50.843Z,buy,2.755e-05,1.0,2.755e-05
BNT/BTC,1587585533972,2020-04-22T19:58:53.972Z,buy,2.755e-05,10.0,0.0002755
BNT/BTC,1587585620102,2020-04-22T20:00:20.102Z,buy,2.755e-05,4.0,0.0001102
BNT/BTC,1587586607983,2020-04-22T20:16:47.983Z,buy,2.755e-05,8.0,0.0002204
BNT/BTC,1587586607983,2020-04-22T20:16:47.983Z,buy,2.755e-05,8.0,0.0002204
BNT/BTC,1587587267950,2020-04-22T20:27:47.950Z,buy,2.755e-05,8.0,0.0002204
BNT/BTC,1587587267969,2020-04-22T20:27:47.969Z,buy,2.758e-05,12.0,0.00033096
BNT/BTC,1587588528161,2020-04-22T20:48:48.161Z,buy,2.758e-05,16.0,0.00044128
BNT/BTC,1587588532722,2020-04-22T20:48:52.722Z,buy,2.759e-05,12.0,0.00033108
BNT/BTC,1587588532742,2020-04-22T20:48:52.742Z,buy,2.759e-05,8.0,0.00022072
BNT/BTC,1587588978057,2020-04-22T20:56:18.057Z,buy,2.76e-05,8.0,0.0002208
BNT/BTC,1587589037972,2020-04-22T20:57:17.972Z,buy,2.76e-05,4.0,0.0001104
BNT/BTC,1587589515175,2020-04-22T21:05:15.175Z,buy,2.76e-05,1.0,2.76e-05
BNT/BTC,1587589790594,2020-04-22T21:09:50.594Z,sell,2.756e-05,8.0,0.00022048
BNT/BTC,1587589790594,2020-04-22T21:09:50.594Z,sell,2.754e-05,58.0,0.00159732
BNT/BTC,1587589790594,2020-04-22T21:09:50.594Z,sell,2.753e-05,20.0,0.0005505999999999999
BNT/BTC,1587589790594,2020-04-22T21:09:50.594Z,sell,2.751e-05,12.0,0.00033012
BNT/BTC,1587589790594,2020-04-22T21:09:50.594Z,sell,2.748e-05,16.0,0.00043968
BNT/BTC,1587589790594,2020-04-22T21:09:50.594Z,sell,2.747e-05,20.0,0.0005494
BNT/BTC,1587589790594,2020-04-22T21:09:50.594Z,sell,2.744e-05,12.0,0.00032928000000000005
BNT/BTC,1587589790594,2020-04-22T21:09:50.594Z,sell,2.743e-05,8.0,0.00021944
BNT/BTC,1587589790594,2020-04-22T21:09:50.594Z,sell,2.742e-05,58.0,0.0015903599999999999
BNT/BTC,1587589790594,2020-04-22T21:09:50.594Z,sell,2.741e-05,20.0,0.0005482
BNT/BTC,1587589790594,2020-04-22T21:09:50.594Z,sell,2.738e-05,854.0,0.02338252
BNT/BTC,1587589820087,2020-04-22T21:10:20.087Z,sell,2.751e-05,20.0,0.0005502
BNT/BTC,1587589821844,2020-04-22T21:10:21.844Z,buy,2.753e-05,20.0,0.0005505999999999999
BNT/BTC,1587589987966,2020-04-22T21:13:07.966Z,buy,2.756e-05,1.0,2.756e-05
BNT/BTC,1587589987966,2020-04-22T21:13:07.966Z,buy,2.756e-05,1.0,2.756e-05
BNT/BTC,1587591049444,2020-04-22T21:30:49.444Z,sell,2.753e-05,19.0,0.0005230699999999999
BNT/BTC,1587591051810,2020-04-22T21:30:51.810Z,buy,2.754e-05,43.0,0.00118422
BNT/BTC,1587591258089,2020-04-22T21:34:18.089Z,buy,2.757e-05,1.0,2.757e-05
BNT/BTC,1587591479665,2020-04-22T21:37:59.665Z,buy,2.757e-05,1.0,2.757e-05
BNT/BTC,1587591481088,2020-04-22T21:38:01.088Z,buy,2.757e-05,14.0,0.00038597999999999996
BNT/BTC,1587591481088,2020-04-22T21:38:01.088Z,buy,2.758e-05,627.0,0.01729266
BNT/BTC,1587591487186,2020-04-22T21:38:07.186Z,buy,2.758e-05,366.0,0.01009428
BNT/BTC,1587591543603,2020-04-22T21:39:03.603Z,buy,2.757e-05,1.0,2.757e-05
BNT/BTC,1587592402359,2020-04-22T21:53:22.359Z,sell,2.75e-05,727.0,0.0199925
BNT/BTC,1587592402458,2020-04-22T21:53:22.458Z,sell,2.75e-05,257.0,0.0070675
BNT/BTC,1587592495847,2020-04-22T21:54:55.847Z,sell,2.75e-05,315.0,0.0086625
BNT/BTC,1587592922843,2020-04-22T22:02:02.843Z,buy,2.751e-05,436.0,0.011994359999999999
BNT/BTC,1587592922843,2020-04-22T22:02:02.843Z,buy,2.751e-05,436.0,0.011994359999999999
BNT/BTC,1587595273902,2020-04-22T22:41:13.902Z,buy,2.752e-05,1.0,2.752e-05
BNT/BTC,1587595927028,2020-04-22T22:52:07.028Z,buy,2.75e-05,1.0,2.75e-05
BNT/BTC,1587596155346,2020-04-22T22:55:55.346Z,sell,2.747e-05,20.0,0.0005494
BNT/BTC,1587596155346,2020-04-22T22:55:55.346Z,sell,2.747e-05,20.0,0.0005494
BNT/BTC,1587597521418,2020-04-22T23:18:41.418Z,sell,2.747e-05,8.0,0.00021976
BNT/BTC,1587597544492,2020-04-22T23:19:04.492Z,buy,2.749e-05,1.0,2.749e-05
BNT/BTC,1587598305387,2020-04-22T23:31:45.387Z,buy,2.749e-05,7.0,0.00019243
BNT/BTC,1587598305387,2020-04-22T23:31:45.387Z,buy,2.75e-05,12.0,0.00033
BNT/BTC,1587598305387,2020-04-22T23:31:45.387Z,buy,2.753e-05,20.0,0.0005505999999999999
BNT/BTC,1587598305387,2020-04-22T23:31:45.387Z,buy,2.758e-05,7.0,0.00019306
BNT/BTC,1587598305387,2020-04-22T23:31:45.387Z,buy,2.759e-05,20.0,0.0005518
BNT/BTC,1587598305387,2020-04-22T23:31:45.387Z,buy,2.76e-05,8.0,0.0002208
BNT/BTC,1587598305397,2020-04-22T23:31:45.397Z,sell,2.76e-05,4987.0,0.1376412
BNT/BTC,1587598305398,2020-04-22T23:31:45.398Z,sell,2.76e-05,103.0,0.0028428
BNT/BTC,1587598305403,2020-04-22T23:31:45.403Z,sell,2.76e-05,504.0,0.0139104
BNT/BTC,1587598305409,2020-04-22T23:31:45.409Z,sell,2.76e-05,106.0,0.0029256
BNT/BTC,1587598305411,2020-04-22T23:31:45.411Z,sell,2.76e-05,105.0,0.002898
BNT/BTC,1587598305411,2020-04-22T23:31:45.411Z,sell,2.76e-05,97.0,0.0026772
BNT/BTC,1587598305416,2020-04-22T23:31:45.416Z,sell,2.76e-05,139.0,0.0038364
BNT/BTC,1587598305425,2020-04-22T23:31:45.425Z,sell,2.76e-05,137.0,0.0037812
BNT/BTC,1587598305425,2020-04-22T23:31:45.425Z,sell,2.76e-05,107.0,0.0029532
BNT/BTC,1587598305442,2020-04-22T23:31:45.442Z,sell,2.76e-05,511.0,0.0141036
BNT/BTC,1587598305450,2020-04-22T23:31:45.450Z,sell,2.76e-05,405.0,0.011178
BNT/BTC,1587598308416,2020-04-22T23:31:48.416Z,buy,2.755e-05,198.0,0.0054548999999999995
BNT/BTC,1587598310139,2020-04-22T23:31:50.139Z,buy,2.755e-05,11.0,0.00030304999999999997
BNT/BTC,1587598312102,2020-04-22T23:31:52.102Z,buy,2.762e-05,12.0,0.00033144
BNT/BTC,1587598312102,2020-04-22T23:31:52.102Z,buy,2.763e-05,11.0,0.00030393
BNT/BTC,1587598323533,2020-04-22T23:32:03.533Z,buy,2.763e-05,947.0,0.026165610000000002
BNT/BTC,1587598323533,2020-04-22T23:32:03.533Z,buy,2.764e-05,1050.0,0.029022
BNT/BTC,1587598323533,2020-04-22T23:32:03.533Z,buy,2.766e-05,20.0,0.0005532
BNT/BTC,1587598323533,2020-04-22T23:32:03.533Z,buy,2.768e-05,69.0,0.0019099199999999998
BNT/BTC,1587598323533,2020-04-22T23:32:03.533Z,buy,2.769e-05,190.0,0.0052611
BNT/BTC,1587598323542,2020-04-22T23:32:03.542Z,sell,2.77e-05,3734.0,0.10343179999999999
BNT/BTC,1587598323544,2020-04-22T23:32:03.544Z,sell,2.77e-05,969.0,0.0268413
BNT/BTC,1587598323552,2020-04-22T23:32:03.552Z,sell,2.77e-05,14.0,0.0003878
BNT/BTC,1587598323596,2020-04-22T23:32:03.596Z,buy,2.772e-05,20.0,0.0005544
BNT/BTC,1587598323596,2020-04-22T23:32:03.596Z,buy,2.773e-05,2.0,5.546e-05
BNT/BTC,1587598323596,2020-04-22T23:32:03.596Z,buy,2.774e-05,491.0,0.01362034
BNT/BTC,1587598323596,2020-04-22T23:32:03.596Z,buy,2.775e-05,457.0,0.01268175
BNT/BTC,1587598331501,2020-04-22T23:32:11.501Z,buy,2.775e-05,504.0,0.013986
BNT/BTC,1587598343178,2020-04-22T23:32:23.178Z,buy,2.775e-05,4.0,0.000111
BNT/BTC,1587598388311,2020-04-22T23:33:08.311Z,sell,2.771e-05,4.0,0.00011084
BNT/BTC,1587598389755,2020-04-22T23:33:09.755Z,buy,2.773e-05,943.0,0.02614939
BNT/BTC,1587598389774,2020-04-22T23:33:09.774Z,buy,2.774e-05,554.0,0.01536796
BNT/BTC,1587598389873,2020-04-22T23:33:09.873Z,sell,2.773e-05,135.0,0.00374355
BNT/BTC,1587598390080,2020-04-22T23:33:10.080Z,sell,2.773e-05,39.0,0.00108147
BNT/BTC,1587598391380,2020-04-22T23:33:11.380Z,sell,2.773e-05,943.0,0.02614939
BNT/BTC,1587598392881,2020-04-22T23:33:12.881Z,buy,2.774e-05,554.0,0.01536796
BNT/BTC,1587598392900,2020-04-22T23:33:12.900Z,sell,2.773e-05,1402.0,0.03887746
BNT/BTC,1587598738105,2020-04-22T23:38:58.105Z,buy,2.773e-05,180.0,0.0049914
BNT/BTC,1587598824630,2020-04-22T23:40:24.630Z,buy,2.772e-05,65.0,0.0018017999999999999
BNT/BTC,1587598824630,2020-04-22T23:40:24.630Z,buy,2.772e-05,65.0,0.0018017999999999999
BNT/BTC,1587599945934,2020-04-22T23:59:05.934Z,buy,2.77e-05,8.0,0.0002216
BNT/BTC,1587600223993,2020-04-23T00:03:43.993Z,buy,2.77e-05,141.0,0.0039057
BNT/BTC,1587600225208,2020-04-23T00:03:45.208Z,buy,2.77e-05,364.0,0.0100828
BNT/BTC,1587600255094,2020-04-23T00:04:15.094Z,buy,2.768e-05,4.0,0.00011072
BNT/BTC,1587600499410,2020-04-23T00:08:19.410Z,sell,2.767e-05,110.0,0.0030437000000000003
BNT/BTC,1587600505544,2020-04-23T00:08:25.544Z,sell,2.766e-05,24.0,0.00066384
BNT/BTC,1587600747028,2020-04-23T00:12:27.028Z,buy,2.769e-05,1.0,2.769e-05
BNT/BTC,1587601158734,2020-04-23T00:19:18.734Z,buy,2.771e-05,1.0,2.771e-05
BNT/BTC,1587601159795,2020-04-23T00:19:19.795Z,sell,2.767e-05,5.0,0.00013835
BNT/BTC,1587601248248,2020-04-23T00:20:48.248Z,buy,2.771e-05,23.0,0.00063733
BNT/BTC,1587601607346,2020-04-23T00:26:47.346Z,buy,2.769e-05,1.0,2.769e-05
BNT/BTC,1587601607346,2020-04-23T00:26:47.346Z,buy,2.769e-05,1.0,2.769e-05
BNT/BTC,1587602459858,2020-04-23T00:40:59.858Z,sell,2.766e-05,9.0,0.00024894
BNT/BTC,1587602490923,2020-04-23T00:41:30.923Z,buy,2.766e-05,24.0,0.00066384
BNT/BTC,1587602490923,2020-04-23T00:41:30.923Z,buy,2.767e-05,4.0,0.00011068
BNT/BTC,1587602490923,2020-04-23T00:41:30.923Z,buy,2.769e-05,329.0,0.00911001
BNT/BTC,1587602492075,2020-04-23T00:41:32.075Z,buy,2.769e-05,614.0,0.017001660000000002
BNT/BTC,1587602492075,2020-04-23T00:41:32.075Z,buy,2.77e-05,101.0,0.0027976999999999998
BNT/BTC,1587602492204,2020-04-23T00:41:32.204Z,buy,2.77e-05,357.0,0.009888899999999999
BNT/BTC,1587602492360,2020-04-23T00:41:32.360Z,buy,2.77e-05,703.0,0.0194731
BNT/BTC,1587602492360,2020-04-23T00:41:32.360Z,buy,2.771e-05,191.0,0.0052926100000000005
BNT/BTC,1587602492432,2020-04-23T00:41:32.432Z,buy,2.771e-05,1776.0,0.04921296
BNT/BTC,1587602492432,2020-04-23T00:41:32.432Z,buy,2.772e-05,12.0,0.00033264
BNT/BTC,1587602492715,2020-04-23T00:41:32.715Z,buy,2.772e-05,8.0,0.00022176
BNT/BTC,1587602492715,2020-04-23T00:41:32.715Z,buy,2.773e-05,16.0,0.00044368
BNT/BTC,1587602492715,2020-04-23T00:41:32.715Z,buy,2.774e-05,870.0,0.0241338
BNT/BTC,1587602492992,2020-04-23T00:41:32.992Z,buy,2.774e-05,1788.0,0.04959912
BNT/BTC,1587602493067,2020-04-23T00:41:33.067Z,buy,2.774e-05,178.0,0.00493772
BNT/BTC,1587602495067,2020-04-23T00:41:35.067Z,buy,2.774e-05,664.0,0.01841936
BNT/BTC,1587602495067,2020-04-23T00:41:35.067Z,buy,2.775e-05,4.0,0.000111
BNT/BTC,1587602495067,2020-04-23T00:41:35.067Z,buy,2.776e-05,12.0,0.00033312
BNT/BTC,1587602495067,2020-04-23T00:41:35.067Z,buy,2.778e-05,20.0,0.0005556000000000001
BNT/BTC,1587602495067,2020-04-23T00:41:35.067Z,buy,2.779e-05,873.0,0.02426067
BNT/BTC,1587602495114,2020-04-23T00:41:35.114Z,buy,2.78e-05,786.0,0.0218508
BNT/BTC,1587602495235,2020-04-23T00:41:35.235Z,buy,2.78e-05,357.0,0.0099246
BNT/BTC,1587602495259,2020-04-23T00:41:35.259Z,buy,2.78e-05,357.0,0.0099246
BNT/BTC,1587602495314,2020-04-23T00:41:35.314Z,buy,2.78e-05,357.0,0.0099246
BNT/BTC,1587602495404,2020-04-23T00:41:35.404Z,buy,2.78e-05,357.0,0.0099246
BNT/BTC,1587602495566,2020-04-23T00:41:35.566Z,buy,2.78e-05,1238.0,0.0344164
BNT/BTC,1587602495566,2020-04-23T00:41:35.566Z,buy,2.781e-05,512.0,0.01423872
BNT/BTC,1587602495566,2020-04-23T00:41:35.566Z,buy,2.782e-05,1571.0,0.04370522
BNT/BTC,1587602495566,2020-04-23T00:41:35.566Z,buy,2.784e-05,20.0,0.0005568
BNT/BTC,1587602495566,2020-04-23T00:41:35.566Z,buy,2.787e-05,27.0,0.00075249
BNT/BTC,1587602495566,2020-04-23T00:41:35.566Z,buy,2.79e-05,20.0,0.000558
BNT/BTC,1587602495566,2020-04-23T00:41:35.566Z,buy,2.791e-05,188.0,0.0052470799999999995
BNT/BTC,1587602495734,2020-04-23T00:41:35.734Z,sell,2.78e-05,36.0,0.0010008
BNT/BTC,1587602495840,2020-04-23T00:41:35.840Z,buy,2.791e-05,357.0,0.00996387
BNT/BTC,1587602497700,2020-04-23T00:41:37.700Z,buy,2.791e-05,35.0,0.00097685
BNT/BTC,1587602497785,2020-04-23T00:41:37.785Z,buy,2.791e-05,23.0,0.00064193
BNT/BTC,1587602535664,2020-04-23T00:42:15.664Z,buy,2.784e-05,8.0,0.00022272
BNT/BTC,1587602537306,2020-04-23T00:42:17.306Z,sell,2.78e-05,4.0,0.0001112
BNT/BTC,1587602539385,2020-04-23T00:42:19.385Z,sell,2.778e-05,20.0,0.0005556000000000001
BNT/BTC,1587602540280,2020-04-23T00:42:20.280Z,buy,2.783e-05,20.0,0.0005566
BNT/BTC,1587603378108,2020-04-23T00:56:18.108Z,buy,2.778e-05,4.0,0.00011112
BNT/BTC,1587603700993,2020-04-23T01:01:40.993Z,sell,2.776e-05,56.0,0.00155456
BNT/BTC,1587603700993,2020-04-23T01:01:40.993Z,sell,2.775e-05,4.0,0.000111
BNT/BTC,1587603700993,2020-04-23T01:01:40.993Z,sell,2.774e-05,4.0,0.00011096
BNT/BTC,1587603700993,2020-04-23T01:01:40.993Z,sell,2.772e-05,20.0,0.0005544
BNT/BTC,1587603700993,2020-04-23T01:01:40.993Z,sell,2.766e-05,20.0,0.0005532
BNT/BTC,1587603700993,2020-04-23T01:01:40.993Z,sell,2.759e-05,20.0,0.0005518
BNT/BTC,1587603700993,2020-04-23T01:01:40.993Z,sell,2.756e-05,8.0,0.00022048
BNT/BTC,1587603700993,2020-04-23T01:01:40.993Z,sell,2.753e-05,20.0,0.0005505999999999999
BNT/BTC,1587603700993,2020-04-23T01:01:40.993Z,sell,2.751e-05,128.0,0.00352128
BNT/BTC,1587603700993,2020-04-23T01:01:40.993Z,sell,2.75e-05,1016.0,0.02794
BNT/BTC,1587603700993,2020-04-23T01:01:40.993Z,sell,2.749e-05,93.0,0.0025565699999999998
BNT/BTC,1587603702303,2020-04-23T01:01:42.303Z,sell,2.753e-05,36.0,0.0009910799999999999
BNT/BTC,1587603702307,2020-04-23T01:01:42.307Z,sell,2.753e-05,36.0,0.0009910799999999999
BNT/BTC,1587603702307,2020-04-23T01:01:42.307Z,sell,2.753e-05,36.0,0.0009910799999999999
BNT/BTC,1587603702370,2020-04-23T01:01:42.370Z,sell,2.752e-05,482.0,0.013264640000000001
BNT/BTC,1587603749478,2020-04-23T01:02:29.478Z,sell,2.769e-05,4.0,0.00011076
BNT/BTC,1587603759932,2020-04-23T01:02:39.932Z,buy,2.758e-05,4.0,0.00011032
BNT/BTC,1587603761059,2020-04-23T01:02:41.059Z,sell,2.755e-05,37.0,0.00101935
BNT/BTC,1587603761088,2020-04-23T01:02:41.088Z,sell,2.755e-05,36.0,0.0009918
BNT/BTC,1587603804796,2020-04-23T01:03:24.796Z,buy,2.758e-05,10.0,0.0002758
BNT/BTC,1587603804831,2020-04-23T01:03:24.831Z,buy,2.759e-05,20.0,0.0005518
BNT/BTC,1587603841790,2020-04-23T01:04:01.790Z,buy,2.766e-05,1.0,2.766e-05
BNT/BTC,1587604474321,2020-04-23T01:14:34.321Z,buy,2.766e-05,1.0,2.766e-05
BNT/BTC,1587604731800,2020-04-23T01:18:51.800Z,buy,2.766e-05,1.0,2.766e-05
BNT/BTC,1587604736152,2020-04-23T01:18:56.152Z,buy,2.766e-05,1.0,2.766e-05
BNT/BTC,1587605172512,2020-04-23T01:26:12.512Z,buy,2.766e-05,1.0,2.766e-05
BNT/BTC,1587605172512,2020-04-23T01:26:12.512Z,buy,2.766e-05,1.0,2.766e-05
BNT/BTC,1587605358096,2020-04-23T01:29:18.096Z,buy,2.766e-05,4.0,0.00011064
BNT/BTC,1587605576608,2020-04-23T01:32:56.608Z,sell,2.762e-05,4.0,0.00011048
BNT/BTC,1587605747590,2020-04-23T01:35:47.590Z,buy,2.766e-05,1.0,2.766e-05
BNT/BTC,1587605775424,2020-04-23T01:36:15.424Z,buy,2.766e-05,1.0,2.766e-05
BNT/BTC,1587605827750,2020-04-23T01:37:07.750Z,buy,2.766e-05,5.0,0.0001383
BNT/BTC,1587605828390,2020-04-23T01:37:08.390Z,buy,2.77e-05,134.0,0.0037118
BNT/BTC,1587605829994,2020-04-23T01:37:09.994Z,buy,2.771e-05,1.0,2.771e-05
BNT/BTC,1587605833246,2020-04-23T01:37:13.246Z,buy,2.771e-05,297.0,0.00822987
BNT/BTC,1587605897771,2020-04-23T01:38:17.771Z,buy,2.772e-05,25.0,0.0006929999999999999
BNT/BTC,1587606052989,2020-04-23T01:40:52.989Z,buy,2.778e-05,1.0,2.778e-05
BNT/BTC,1587606058452,2020-04-23T01:40:58.452Z,buy,2.777e-05,1.0,2.777e-05
BNT/BTC,1587606062850,2020-04-23T01:41:02.850Z,buy,2.773e-05,16.0,0.00044368
BNT/BTC,1587606095110,2020-04-23T01:41:35.110Z,buy,2.774e-05,5.0,0.00013869999999999998
BNT/BTC,1587606107379,2020-04-23T01:41:47.379Z,sell,2.771e-05,10.0,0.0002771
BNT/BTC,1587606107379,2020-04-23T01:41:47.379Z,sell,2.768e-05,76.0,0.00210368
BNT/BTC,1587606115040,2020-04-23T01:41:55.040Z,buy,2.778e-05,1.0,2.778e-05
BNT/BTC,1587606147256,2020-04-23T01:42:27.256Z,sell,2.769e-05,76.0,0.00210444
BNT/BTC,1587606221972,2020-04-23T01:43:41.972Z,buy,2.777e-05,4.0,0.00011108
BNT/BTC,1587606243720,2020-04-23T01:44:03.720Z,buy,2.777e-05,1.0,2.777e-05
BNT/BTC,1587606308215,2020-04-23T01:45:08.215Z,buy,2.777e-05,26.0,0.00072202
BNT/BTC,1587606312656,2020-04-23T01:45:12.656Z,buy,2.778e-05,18.0,0.00050004
BNT/BTC,1587606346172,2020-04-23T01:45:46.172Z,sell,2.774e-05,188.0,0.00521512
BNT/BTC,1587606364643,2020-04-23T01:46:04.643Z,buy,2.783e-05,8.0,0.00022264
BNT/BTC,1587606367856,2020-04-23T01:46:07.856Z,sell,2.779e-05,8.0,0.00022232
BNT/BTC,1587606558118,2020-04-23T01:49:18.118Z,buy,2.783e-05,4.0,0.00011132
BNT/BTC,1587606560504,2020-04-23T01:49:20.504Z,sell,2.779e-05,4.0,0.00011116
BNT/BTC,1587606916184,2020-04-23T01:55:16.184Z,buy,2.783e-05,1.0,2.783e-05
BNT/BTC,1587606984728,2020-04-23T01:56:24.728Z,buy,2.783e-05,22.0,0.00061226
BNT/BTC,1587607002891,2020-04-23T01:56:42.891Z,buy,2.784e-05,1.0,2.784e-05
BNT/BTC,1587607206098,2020-04-23T02:00:06.098Z,buy,2.784e-05,1.0,2.784e-05
BNT/BTC,1587607329149,2020-04-23T02:02:09.149Z,buy,2.784e-05,1.0,2.784e-05
BNT/BTC,1587607447050,2020-04-23T02:04:07.050Z,buy,2.784e-05,8.0,0.00022272
BNT/BTC,1587607451279,2020-04-23T02:04:11.279Z,sell,2.78e-05,4.0,0.0001112
BNT/BTC,1587607452254,2020-04-23T02:04:12.254Z,sell,2.773e-05,4.0,0.00011092
BNT/BTC,1587607463078,2020-04-23T02:04:23.078Z,buy,2.782e-05,1.0,2.782e-05
BNT/BTC,1587607486696,2020-04-23T02:04:46.696Z,sell,2.774e-05,4.0,0.00011096
BNT/BTC,1587607486696,2020-04-23T02:04:46.696Z,sell,2.773e-05,12.0,0.00033276
BNT/BTC,1587607486696,2020-04-23T02:04:46.696Z,sell,2.772e-05,20.0,0.0005544
BNT/BTC,1587607486696,2020-04-23T02:04:46.696Z,sell,2.767e-05,4.0,0.00011068
BNT/BTC,1587607486696,2020-04-23T02:04:46.696Z,sell,2.766e-05,20.0,0.0005532
BNT/BTC,1587607486696,2020-04-23T02:04:46.696Z,sell,2.765e-05,343.0,0.00948395
BNT/BTC,1587607486696,2020-04-23T02:04:46.696Z,sell,2.76e-05,8.0,0.0002208
BNT/BTC,1587607486696,2020-04-23T02:04:46.696Z,sell,2.759e-05,20.0,0.0005518
BNT/BTC,1587607486696,2020-04-23T02:04:46.696Z,sell,2.758e-05,4.0,0.00011032
BNT/BTC,1587607486696,2020-04-23T02:04:46.696Z,sell,2.757e-05,134.0,0.0036943799999999997
BNT/BTC,1587607486696,2020-04-23T02:04:46.696Z,sell,2.756e-05,1796.0,0.04949776
BNT/BTC,1587607486696,2020-04-23T02:04:46.696Z,sell,2.755e-05,93.0,0.00256215
BNT/BTC,1587607519443,2020-04-23T02:05:19.443Z,sell,2.768e-05,4.0,0.00011072
BNT/BTC,1587607519443,2020-04-23T02:05:19.443Z,sell,2.767e-05,12.0,0.00033204
BNT/BTC,1587607519456,2020-04-23T02:05:19.456Z,buy,2.766e-05,4.0,0.00011064
BNT/BTC,1587607710096,2020-04-23T02:08:30.096Z,buy,2.772e-05,1.0,2.772e-05
BNT/BTC,1587607925784,2020-04-23T02:12:05.784Z,buy,2.771e-05,1.0,2.771e-05
BNT/BTC,1587607932461,2020-04-23T02:12:12.461Z,buy,2.771e-05,1.0,2.771e-05
BNT/BTC,1587608157720,2020-04-23T02:15:57.720Z,sell,2.764e-05,184.0,0.00508576
BNT/BTC,1587608163424,2020-04-23T02:16:03.424Z,sell,2.763e-05,130.0,0.0035919000000000003
BNT/BTC,1587608255399,2020-04-23T02:17:35.399Z,sell,2.764e-05,4.0,0.00011056
BNT/BTC,1587608460120,2020-04-23T02:21:00.120Z,buy,2.765e-05,1.0,2.765e-05
BNT/BTC,1587608508455,2020-04-23T02:21:48.455Z,buy,2.765e-05,17.0,0.00047005
BNT/BTC,1587608615853,2020-04-23T02:23:35.853Z,buy,2.771e-05,1.0,2.771e-05
BNT/BTC,1587608650175,2020-04-23T02:24:10.175Z,sell,2.767e-05,857.0,0.023713190000000002
BNT/BTC,1587608650175,2020-04-23T02:24:10.175Z,sell,2.766e-05,520.0,0.0143832
BNT/BTC,1587608650186,2020-04-23T02:24:10.186Z,buy,2.764e-05,504.0,0.01393056
BNT/BTC,1587608650212,2020-04-23T02:24:10.212Z,buy,2.764e-05,504.0,0.01393056
BNT/BTC,1587608650245,2020-04-23T02:24:10.245Z,buy,2.764e-05,33.0,0.00091212
BNT/BTC,1587608650245,2020-04-23T02:24:10.245Z,buy,2.764e-05,33.0,0.00091212
BNT/BTC,1587608825132,2020-04-23T02:27:05.132Z,buy,2.766e-05,1.0,2.766e-05
BNT/BTC,1587609280463,2020-04-23T02:34:40.463Z,sell,2.762e-05,4.0,0.00011048
BNT/BTC,1587609280463,2020-04-23T02:34:40.463Z,sell,2.761e-05,16.0,0.00044176
BNT/BTC,1587609280463,2020-04-23T02:34:40.463Z,sell,2.759e-05,20.0,0.0005518
BNT/BTC,1587609280463,2020-04-23T02:34:40.463Z,sell,2.757e-05,339.0,0.009346229999999999
BNT/BTC,1587609280463,2020-04-23T02:34:40.463Z,sell,2.754e-05,4.0,0.00011016
BNT/BTC,1587609280463,2020-04-23T02:34:40.463Z,sell,2.753e-05,20.0,0.0005505999999999999
BNT/BTC,1587609280463,2020-04-23T02:34:40.463Z,sell,2.751e-05,97.0,0.00266847
BNT/BTC,1587609288350,2020-04-23T02:34:48.350Z,buy,2.762e-05,31.0,0.00085622
BNT/BTC,1587609774893,2020-04-23T02:42:54.893Z,buy,2.759e-05,20.0,0.0005518
BNT/BTC,1587609998559,2020-04-23T02:46:38.559Z,buy,2.762e-05,18.0,0.00049716
BNT/BTC,1587609998578,2020-04-23T02:46:38.578Z,buy,2.764e-05,71.0,0.00196244
BNT/BTC,1587609998688,2020-04-23T02:46:38.688Z,buy,2.766e-05,20.0,0.0005532
BNT/BTC,1587610118185,2020-04-23T02:48:38.185Z,sell,2.767e-05,5.0,0.00013835
BNT/BTC,1587610328062,2020-04-23T02:52:08.062Z,sell,2.769e-05,18.0,0.0004984200000000001
BNT/BTC,1587610472618,2020-04-23T02:54:32.618Z,buy,2.769e-05,11.0,0.00030459
BNT/BTC,1587610474381,2020-04-23T02:54:34.381Z,buy,2.769e-05,22.0,0.00060918
BNT/BTC,1587610988552,2020-04-23T03:03:08.552Z,buy,2.77e-05,1.0,2.77e-05
BNT/BTC,1587611066252,2020-04-23T03:04:26.252Z,buy,2.77e-05,7.0,0.0001939
BNT/BTC,1587611066273,2020-04-23T03:04:26.273Z,buy,2.771e-05,4.0,0.00011084
BNT/BTC,1587611066290,2020-04-23T03:04:26.290Z,buy,2.772e-05,20.0,0.0005544
BNT/BTC,1587611070467,2020-04-23T03:04:30.467Z,buy,2.772e-05,3.0,8.316e-05
BNT/BTC,1587611086644,2020-04-23T03:04:46.644Z,buy,2.772e-05,20.0,0.0005544
BNT/BTC,1587611088189,2020-04-23T03:04:48.189Z,buy,2.772e-05,20.0,0.0005544
BNT/BTC,1587611088205,2020-04-23T03:04:48.205Z,buy,2.772e-05,19.0,0.00052668
BNT/BTC,1587611089037,2020-04-23T03:04:49.037Z,buy,2.772e-05,15.0,0.00041579999999999997
BNT/BTC,1587611581075,2020-04-23T03:13:01.075Z,sell,2.766e-05,20.0,0.0005532
BNT/BTC,1587611750639,2020-04-23T03:15:50.639Z,buy,2.768e-05,1.0,2.768e-05
BNT/BTC,1587611815355,2020-04-23T03:16:55.355Z,sell,2.759e-05,20.0,0.0005518
BNT/BTC,1587611815355,2020-04-23T03:16:55.355Z,sell,2.759e-05,20.0,0.0005518
BNT/BTC,1587612838254,2020-04-23T03:33:58.254Z,buy,2.765e-05,1.0,2.765e-05
BNT/BTC,1587612906302,2020-04-23T03:35:06.302Z,buy,2.765e-05,1.0,2.765e-05
BNT/BTC,1587612932923,2020-04-23T03:35:32.923Z,buy,2.765e-05,1.0,2.765e-05
BNT/BTC,1587614263667,2020-04-23T03:57:43.667Z,buy,2.766e-05,1.0,2.766e-05
BNT/BTC,1587614430536,2020-04-23T04:00:30.536Z,sell,2.761e-05,8.0,0.00022088
BNT/BTC,1587614755331,2020-04-23T04:05:55.331Z,buy,2.765e-05,12.0,0.00033180000000000004
BNT/BTC,1587614755331,2020-04-23T04:05:55.331Z,buy,2.766e-05,19.0,0.00052554
BNT/BTC,1587614755331,2020-04-23T04:05:55.331Z,buy,2.768e-05,1507.0,0.041713759999999996
BNT/BTC,1587614755331,2020-04-23T04:05:55.331Z,buy,2.769e-05,3304.0,0.09148776
BNT/BTC,1587614755340,2020-04-23T04:05:55.340Z,sell,2.77e-05,2943.0,0.0815211
BNT/BTC,1587614755348,2020-04-23T04:05:55.348Z,sell,2.77e-05,103.0,0.0028531
BNT/BTC,1587614755348,2020-04-23T04:05:55.348Z,sell,2.77e-05,63.0,0.0017450999999999999
BNT/BTC,1587614755351,2020-04-23T04:05:55.351Z,sell,2.77e-05,454.0,0.0125758
BNT/BTC,1587614755352,2020-04-23T04:05:55.352Z,sell,2.77e-05,96.0,0.0026592
BNT/BTC,1587614755354,2020-04-23T04:05:55.354Z,sell,2.77e-05,47.0,0.0013019
BNT/BTC,1587614755423,2020-04-23T04:05:55.423Z,sell,2.77e-05,573.0,0.0158721
BNT/BTC,1587614764040,2020-04-23T04:06:04.040Z,buy,2.77e-05,89.0,0.0024653
BNT/BTC,1587614970952,2020-04-23T04:09:30.952Z,buy,2.771e-05,1.0,2.771e-05
BNT/BTC,1587615035496,2020-04-23T04:10:35.496Z,buy,2.771e-05,6.0,0.00016626
BNT/BTC,1587615172181,2020-04-23T04:12:52.181Z,sell,2.761e-05,8.0,0.00022088
BNT/BTC,1587615172181,2020-04-23T04:12:52.181Z,sell,2.761e-05,8.0,0.00022088
BNT/BTC,1587615476729,2020-04-23T04:17:56.729Z,buy,2.768e-05,1.0,2.768e-05
BNT/BTC,1587615821954,2020-04-23T04:23:41.954Z,sell,2.76e-05,4.0,0.0001104
BNT/BTC,1587615821954,2020-04-23T04:23:41.954Z,sell,2.759e-05,25.0,0.0006897499999999999
BNT/BTC,1587615822055,2020-04-23T04:23:42.055Z,sell,2.756e-05,74.0,0.00203944
BNT/BTC,1587615831989,2020-04-23T04:23:51.989Z,sell,2.755e-05,8.0,0.0002204
BNT/BTC,1587615832637,2020-04-23T04:23:52.637Z,sell,2.753e-05,11.0,0.00030282999999999997
BNT/BTC,1587615848976,2020-04-23T04:24:08.976Z,sell,2.753e-05,9.0,0.00024776999999999997
BNT/BTC,1587615849023,2020-04-23T04:24:09.023Z,buy,2.754e-05,31.0,0.00085374
BNT/BTC,1587615853006,2020-04-23T04:24:13.006Z,sell,2.75e-05,4.0,0.00011
BNT/BTC,1587615853006,2020-04-23T04:24:13.006Z,sell,2.749e-05,4.0,0.00010996
BNT/BTC,1587615853006,2020-04-23T04:24:13.006Z,sell,2.747e-05,20.0,0.0005494
BNT/BTC,1587615853006,2020-04-23T04:24:13.006Z,sell,2.745e-05,6.0,0.0001647
BNT/BTC,1587615853006,2020-04-23T04:24:13.006Z,sell,2.743e-05,336.0,0.009216479999999999
BNT/BTC,1587615853027,2020-04-23T04:24:13.027Z,buy,2.755e-05,3.0,8.265e-05
BNT/BTC,1587615862592,2020-04-23T04:24:22.592Z,buy,2.753e-05,20.0,0.0005505999999999999
BNT/BTC,1587615867170,2020-04-23T04:24:27.170Z,buy,2.758e-05,82.0,0.00226156
BNT/BTC,1587615923556,2020-04-23T04:25:23.556Z,buy,2.758e-05,100.0,0.002758
BNT/BTC,1587616130373,2020-04-23T04:28:50.373Z,buy,2.759e-05,20.0,0.0005518
BNT/BTC,1587616130373,2020-04-23T04:28:50.373Z,buy,2.766e-05,174.0,0.00481284
BNT/BTC,1587616130373,2020-04-23T04:28:50.373Z,buy,2.767e-05,948.0,0.02623116
BNT/BTC,1587616130373,2020-04-23T04:28:50.373Z,buy,2.768e-05,1025.0,0.028371999999999998
BNT/BTC,1587616130373,2020-04-23T04:28:50.373Z,buy,2.77e-05,23.0,0.0006370999999999999
BNT/BTC,1587616130381,2020-04-23T04:28:50.381Z,sell,2.77e-05,1024.0,0.0283648
BNT/BTC,1587616130382,2020-04-23T04:28:50.382Z,sell,2.77e-05,2998.0,0.0830446
BNT/BTC,1587616130389,2020-04-23T04:28:50.389Z,sell,2.77e-05,67.0,0.0018559
BNT/BTC,1587616130390,2020-04-23T04:28:50.390Z,sell,2.77e-05,102.0,0.0028254
BNT/BTC,1587616130428,2020-04-23T04:28:50.428Z,buy,2.772e-05,20.0,0.0005544
BNT/BTC,1587616130428,2020-04-23T04:28:50.428Z,buy,2.775e-05,14.0,0.0003885
BNT/BTC,1587616130458,2020-04-23T04:28:50.458Z,buy,2.775e-05,120.0,0.00333
BNT/BTC,1587616130458,2020-04-23T04:28:50.458Z,buy,2.776e-05,867.0,0.02406792
BNT/BTC,1587616133401,2020-04-23T04:28:53.401Z,buy,2.776e-05,1.0,2.776e-05
BNT/BTC,1587616589457,2020-04-23T04:36:29.457Z,sell,2.766e-05,20.0,0.0005532
BNT/BTC,1587617058950,2020-04-23T04:44:18.950Z,sell,2.761e-05,4.0,0.00011044
BNT/BTC,1587617058965,2020-04-23T04:44:18.965Z,buy,2.761e-05,20.0,0.0005522000000000001
BNT/BTC,1587617058979,2020-04-23T04:44:18.979Z,buy,2.761e-05,20.0,0.0005522000000000001
BNT/BTC,1587617058991,2020-04-23T04:44:18.991Z,buy,2.761e-05,8.0,0.00022088
BNT/BTC,1587617160291,2020-04-23T04:46:00.291Z,buy,2.771e-05,1.0,2.771e-05
BNT/BTC,1587618037344,2020-04-23T05:00:37.344Z,buy,2.768e-05,4.0,0.00011072
BNT/BTC,1587618040428,2020-04-23T05:00:40.428Z,buy,2.768e-05,4.0,0.00011072
BNT/BTC,1587618152723,2020-04-23T05:02:32.723Z,sell,2.768e-05,4.0,0.00011072
BNT/BTC,1587618152723,2020-04-23T05:02:32.723Z,sell,2.768e-05,4.0,0.00011072
BNT/BTC,1587618937230,2020-04-23T05:15:37.230Z,sell,2.764e-05,4.0,0.00011056
BNT/BTC,1587618937230,2020-04-23T05:15:37.230Z,sell,2.762e-05,4.0,0.00011048
BNT/BTC,1587618937230,2020-04-23T05:15:37.230Z,sell,2.759e-05,20.0,0.0005518
BNT/BTC,1587618937230,2020-04-23T05:15:37.230Z,sell,2.756e-05,8.0,0.00022048
BNT/BTC,1587619101113,2020-04-23T05:18:21.113Z,buy,2.766e-05,20.0,0.0005532
BNT/BTC,1587619730493,2020-04-23T05:28:50.493Z,buy,2.77e-05,4.0,0.0001108
BNT/BTC,1587619734300,2020-04-23T05:28:54.300Z,buy,2.772e-05,20.0,0.0005544
BNT/BTC,1587619827197,2020-04-23T05:30:27.197Z,buy,2.773e-05,8.0,0.00022184
BNT/BTC,1587620261803,2020-04-23T05:37:41.803Z,buy,2.773e-05,4.0,0.00011092
BNT/BTC,1587620578874,2020-04-23T05:42:58.874Z,buy,2.775e-05,943.0,0.02616825
BNT/BTC,1587620578874,2020-04-23T05:42:58.874Z,buy,2.776e-05,544.0,0.015101439999999999
BNT/BTC,1587620578874,2020-04-23T05:42:58.874Z,buy,2.777e-05,1503.0,0.04173831
BNT/BTC,1587620928083,2020-04-23T05:48:48.083Z,buy,2.777e-05,4.0,0.00011108
BNT/BTC,1587620959401,2020-04-23T05:49:19.401Z,buy,2.777e-05,14.0,0.00038878000000000003
BNT/BTC,1587620978182,2020-04-23T05:49:38.182Z,sell,2.777e-05,33.0,0.00091641
BNT/BTC,1587621143358,2020-04-23T05:52:23.358Z,sell,2.773e-05,4.0,0.00011092
BNT/BTC,1587621248079,2020-04-23T05:54:08.079Z,buy,2.773e-05,4.0,0.00011092
BNT/BTC,1587621512468,2020-04-23T05:58:32.468Z,buy,2.773e-05,4.0,0.00011092
BNT/BTC,1587621629569,2020-04-23T06:00:29.569Z,buy,2.772e-05,8.0,0.00022176
BNT/BTC,1587621632490,2020-04-23T06:00:32.490Z,sell,2.772e-05,7.0,0.00019403999999999998
BNT/BTC,1587621632490,2020-04-23T06:00:32.490Z,sell,2.772e-05,7.0,0.00019403999999999998
BNT/BTC,1587621788503,2020-04-23T06:03:08.503Z,sell,2.769e-05,4.0,0.00011076
BNT/BTC,1587621788503,2020-04-23T06:03:08.503Z,sell,2.768e-05,75.0,0.002076
BNT/BTC,1587621788503,2020-04-23T06:03:08.503Z,sell,2.766e-05,20.0,0.0005532
BNT/BTC,1587621788503,2020-04-23T06:03:08.503Z,sell,2.764e-05,8.0,0.00022112
BNT/BTC,1587621788503,2020-04-23T06:03:08.503Z,sell,2.76e-05,12.0,0.00033120000000000003
BNT/BTC,1587621788503,2020-04-23T06:03:08.503Z,sell,2.759e-05,20.0,0.0005518
BNT/BTC,1587621788503,2020-04-23T06:03:08.503Z,sell,2.758e-05,4.0,0.00011032
BNT/BTC,1587621788503,2020-04-23T06:03:08.503Z,sell,2.753e-05,20.0,0.0005505999999999999
BNT/BTC,1587621788503,2020-04-23T06:03:08.503Z,sell,2.747e-05,20.0,0.0005494
BNT/BTC,1587621788503,2020-04-23T06:03:08.503Z,sell,2.746e-05,8.0,0.00021968
BNT/BTC,1587621788503,2020-04-23T06:03:08.503Z,sell,2.741e-05,20.0,0.0005482
BNT/BTC,1587621788503,2020-04-23T06:03:08.503Z,sell,2.74e-05,134.0,0.0036715999999999997
BNT/BTC,1587621788503,2020-04-23T06:03:08.503Z,sell,2.739e-05,159.0,0.00435501
BNT/BTC,1587621800245,2020-04-23T06:03:20.245Z,buy,2.772e-05,8.0,0.00022176
BNT/BTC,1587621803731,2020-04-23T06:03:23.731Z,sell,2.763e-05,4.0,0.00011052
BNT/BTC,1587621803731,2020-04-23T06:03:23.731Z,sell,2.762e-05,8.0,0.00022096
BNT/BTC,1587621803731,2020-04-23T06:03:23.731Z,sell,2.751e-05,8.0,0.00022008
BNT/BTC,1587621808354,2020-04-23T06:03:28.354Z,buy,2.753e-05,20.0,0.0005505999999999999
BNT/BTC,1587621815778,2020-04-23T06:03:35.778Z,buy,2.759e-05,1.0,2.759e-05
BNT/BTC,1587621979968,2020-04-23T06:06:19.968Z,buy,2.759e-05,6.0,0.00016554
BNT/BTC,1587622063386,2020-04-23T06:07:43.386Z,sell,2.757e-05,4.0,0.00011028
BNT/BTC,1587622063386,2020-04-23T06:07:43.386Z,sell,2.756e-05,4.0,0.00011024
BNT/BTC,1587622257793,2020-04-23T06:10:57.793Z,buy,2.758e-05,8.0,0.00022064
BNT/BTC,1587622257793,2020-04-23T06:10:57.793Z,buy,2.759e-05,13.0,0.00035866999999999995
BNT/BTC,1587622264026,2020-04-23T06:11:04.026Z,buy,2.762e-05,8.0,0.00022096
BNT/BTC,1587622264026,2020-04-23T06:11:04.026Z,buy,2.763e-05,126.0,0.00348138
BNT/BTC,1587622264026,2020-04-23T06:11:04.026Z,buy,2.765e-05,3500.0,0.096775
BNT/BTC,1587622264026,2020-04-23T06:11:04.026Z,buy,2.766e-05,20.0,0.0005532
BNT/BTC,1587622264026,2020-04-23T06:11:04.026Z,buy,2.767e-05,8.0,0.00022136
BNT/BTC,1587622264035,2020-04-23T06:11:04.035Z,sell,2.77e-05,1121.0,0.031051699999999998
BNT/BTC,1587622264037,2020-04-23T06:11:04.037Z,sell,2.77e-05,2463.0,0.0682251
BNT/BTC,1587622569283,2020-04-23T06:16:09.283Z,sell,2.759e-05,382.0,0.01053938
BNT/BTC,1587622900636,2020-04-23T06:21:40.636Z,buy,2.765e-05,3500.0,0.096775
BNT/BTC,1587623833413,2020-04-23T06:37:13.413Z,buy,2.765e-05,4.0,0.0001106
BNT/BTC,1587623938832,2020-04-23T06:38:58.832Z,buy,2.765e-05,1.0,2.765e-05
BNT/BTC,1587624517302,2020-04-23T06:48:37.302Z,buy,2.765e-05,14.0,0.00038710000000000003
BNT/BTC,1587624517302,2020-04-23T06:48:37.302Z,buy,2.766e-05,28.0,0.00077448
BNT/BTC,1587624517302,2020-04-23T06:48:37.302Z,buy,2.772e-05,2308.0,0.06397776
BNT/BTC,1587624553477,2020-04-23T06:49:13.477Z,sell,2.766e-05,20.0,0.0005532
BNT/BTC,1587624553532,2020-04-23T06:49:13.532Z,sell,2.761e-05,4.0,0.00011044
BNT/BTC,1587624553532,2020-04-23T06:49:13.532Z,sell,2.757e-05,8.0,0.00022056
BNT/BTC,1587624553532,2020-04-23T06:49:13.532Z,sell,2.756e-05,4.0,0.00011024
BNT/BTC,1587624553532,2020-04-23T06:49:13.532Z,sell,2.755e-05,4.0,0.0001102
BNT/BTC,1587624554070,2020-04-23T06:49:14.070Z,sell,2.759e-05,20.0,0.0005518
BNT/BTC,1587625189533,2020-04-23T06:59:49.533Z,sell,2.76e-05,8.0,0.0002208
BNT/BTC,1587625189533,2020-04-23T06:59:49.533Z,sell,2.76e-05,8.0,0.0002208
BNT/BTC,1587625264198,2020-04-23T07:01:04.198Z,sell,2.761e-05,16.0,0.00044176
BNT/BTC,1587625633091,2020-04-23T07:07:13.091Z,buy,2.764e-05,20.0,0.0005528
BNT/BTC,1587625633091,2020-04-23T07:07:13.091Z,buy,2.765e-05,16.0,0.0004424
BNT/BTC,1587625633091,2020-04-23T07:07:13.091Z,buy,2.766e-05,20.0,0.0005532
BNT/BTC,1587625633091,2020-04-23T07:07:13.091Z,buy,2.772e-05,179.0,0.00496188
BNT/BTC,1587625633091,2020-04-23T07:07:13.091Z,buy,2.773e-05,3547.0,0.09835831
BNT/BTC,1587625633100,2020-04-23T07:07:13.100Z,sell,2.773e-05,1926.0,0.05340798
BNT/BTC,1587625657476,2020-04-23T07:07:37.476Z,sell,2.766e-05,20.0,0.0005532
BNT/BTC,1587626395253,2020-04-23T07:19:55.253Z,sell,2.759e-05,20.0,0.0005518
BNT/BTC,1587626395563,2020-04-23T07:19:55.563Z,buy,2.769e-05,1.0,2.769e-05
BNT/BTC,1587626845849,2020-04-23T07:27:25.849Z,sell,2.756e-05,4.0,0.00011024
BNT/BTC,1587626848150,2020-04-23T07:27:28.150Z,sell,2.755e-05,4.0,0.0001102
BNT/BTC,1587626888082,2020-04-23T07:28:08.082Z,buy,2.755e-05,4.0,0.0001102
BNT/BTC,1587627168313,2020-04-23T07:32:48.313Z,sell,2.754e-05,355.0,0.009776700000000001
BNT/BTC,1587627168456,2020-04-23T07:32:48.456Z,sell,2.753e-05,20.0,0.0005505999999999999
BNT/BTC,1587627168669,2020-04-23T07:32:48.669Z,sell,2.749e-05,438.0,0.01204062
BNT/BTC,1587627196626,2020-04-23T07:33:16.626Z,sell,2.748e-05,16.0,0.00043968
BNT/BTC,1587627231051,2020-04-23T07:33:51.051Z,buy,2.751e-05,13.0,0.00035763
BNT/BTC,1587627231051,2020-04-23T07:33:51.051Z,buy,2.752e-05,943.0,0.02595136
BNT/BTC,1587627231051,2020-04-23T07:33:51.051Z,buy,2.753e-05,443.0,0.01219579
BNT/BTC,1587627244771,2020-04-23T07:34:04.771Z,buy,2.759e-05,20.0,0.0005518
BNT/BTC,1587627381189,2020-04-23T07:36:21.189Z,sell,2.759e-05,305.0,0.00841495
BNT/BTC,1587627381189,2020-04-23T07:36:21.189Z,sell,2.754e-05,508.0,0.01399032
BNT/BTC,1587627381189,2020-04-23T07:36:21.189Z,sell,2.753e-05,20.0,0.0005505999999999999
BNT/BTC,1587627381204,2020-04-23T07:36:21.204Z,buy,2.75e-05,97.0,0.0026675
BNT/BTC,1587627381206,2020-04-23T07:36:21.206Z,buy,2.75e-05,309.0,0.0084975
BNT/BTC,1587627381207,2020-04-23T07:36:21.207Z,buy,2.75e-05,4463.0,0.12273250000000001
BNT/BTC,1587627884342,2020-04-23T07:44:44.342Z,sell,2.747e-05,1112.0,0.03054664
BNT/BTC,1587627884469,2020-04-23T07:44:44.469Z,sell,2.744e-05,1013.0,0.02779672
BNT/BTC,1587627884595,2020-04-23T07:44:44.595Z,sell,2.743e-05,375.0,0.01028625
BNT/BTC,1587628010621,2020-04-23T07:46:50.621Z,buy,2.75e-05,4.0,0.00011
BNT/BTC,1587628191968,2020-04-23T07:49:51.968Z,buy,2.75e-05,12.0,0.00033
BNT/BTC,1587628191986,2020-04-23T07:49:51.986Z,buy,2.75e-05,3.0,8.25e-05
BNT/BTC,1587628267003,2020-04-23T07:51:07.003Z,sell,2.749e-05,12.0,0.00032988
BNT/BTC,1587628268874,2020-04-23T07:51:08.874Z,sell,2.748e-05,4.0,0.00010992
BNT/BTC,1587628298452,2020-04-23T07:51:38.452Z,buy,2.753e-05,1.0,2.753e-05
BNT/BTC,1587628388926,2020-04-23T07:53:08.926Z,buy,2.753e-05,19.0,0.0005230699999999999
BNT/BTC,1587628390932,2020-04-23T07:53:10.932Z,sell,2.753e-05,92.0,0.00253276
BNT/BTC,1587628444555,2020-04-23T07:54:04.555Z,buy,2.759e-05,20.0,0.0005518
BNT/BTC,1587628444555,2020-04-23T07:54:04.555Z,buy,2.762e-05,4.0,0.00011048
BNT/BTC,1587628444555,2020-04-23T07:54:04.555Z,buy,2.763e-05,4.0,0.00011052
BNT/BTC,1587628444555,2020-04-23T07:54:04.555Z,buy,2.766e-05,20.0,0.0005532
BNT/BTC,1587628444555,2020-04-23T07:54:04.555Z,buy,2.767e-05,8.0,0.00022136
BNT/BTC,1587628444555,2020-04-23T07:54:04.555Z,buy,2.768e-05,259.0,0.00716912
BNT/BTC,1587628444563,2020-04-23T07:54:04.563Z,sell,2.768e-05,1542.0,0.04268256
BNT/BTC,1587628444565,2020-04-23T07:54:04.565Z,sell,2.768e-05,15.0,0.0004152
BNT/BTC,1587628444566,2020-04-23T07:54:04.566Z,sell,2.768e-05,785.0,0.0217288
BNT/BTC,1587628444567,2020-04-23T07:54:04.567Z,sell,2.768e-05,175.0,0.004844
BNT/BTC,1587628444567,2020-04-23T07:54:04.567Z,sell,2.768e-05,95.0,0.0026295999999999997
BNT/BTC,1587628444615,2020-04-23T07:54:04.615Z,sell,2.748e-05,229.0,0.0062929200000000005
BNT/BTC,1587628631451,2020-04-23T07:57:11.451Z,buy,2.767e-05,4.0,0.00011068
BNT/BTC,1587628654215,2020-04-23T07:57:34.215Z,buy,2.768e-05,4.0,0.00011072
BNT/BTC,1587628654215,2020-04-23T07:57:34.215Z,buy,2.768e-05,4.0,0.00011072
BNT/BTC,1587629071562,2020-04-23T08:04:31.562Z,buy,2.768e-05,4.0,0.00011072
BNT/BTC,1587629772827,2020-04-23T08:16:12.827Z,buy,2.768e-05,8.0,0.00022144
BNT/BTC,1587629834629,2020-04-23T08:17:14.629Z,buy,2.769e-05,7.0,0.00019383
BNT/BTC,1587630067451,2020-04-23T08:21:07.451Z,buy,2.769e-05,11.0,0.00030459
BNT/BTC,1587630169002,2020-04-23T08:22:49.002Z,buy,2.769e-05,4.0,0.00011076
BNT/BTC,1587630885993,2020-04-23T08:34:45.993Z,buy,2.769e-05,2.0,5.538e-05
BNT/BTC,1587630885993,2020-04-23T08:34:45.993Z,buy,2.772e-05,20.0,0.0005544
BNT/BTC,1587630885993,2020-04-23T08:34:45.993Z,buy,2.775e-05,4.0,0.000111
BNT/BTC,1587630885993,2020-04-23T08:34:45.993Z,buy,2.777e-05,15.0,0.00041655
BNT/BTC,1587630885993,2020-04-23T08:34:45.993Z,buy,2.778e-05,963.0,0.02675214
BNT/BTC,1587630885993,2020-04-23T08:34:45.993Z,buy,2.779e-05,1124.0,0.03123596
BNT/BTC,1587630922609,2020-04-23T08:35:22.609Z,buy,2.783e-05,4.0,0.00011132
BNT/BTC,1587630926500,2020-04-23T08:35:26.500Z,sell,2.779e-05,4.0,0.00011116
BNT/BTC,1587630928569,2020-04-23T08:35:28.569Z,sell,2.779e-05,86.0,0.00238994
BNT/BTC,1587630939467,2020-04-23T08:35:39.467Z,buy,2.784e-05,4.0,0.00011136
BNT/BTC,1587630942032,2020-04-23T08:35:42.032Z,sell,2.78e-05,4.0,0.0001112
BNT/BTC,1587630943035,2020-04-23T08:35:43.035Z,sell,2.773e-05,4.0,0.00011092
BNT/BTC,1587630948315,2020-04-23T08:35:48.315Z,buy,2.784e-05,5.0,0.0001392
BNT/BTC,1587630948315,2020-04-23T08:35:48.315Z,buy,2.785e-05,12.0,0.0003342
BNT/BTC,1587630948315,2020-04-23T08:35:48.315Z,buy,2.786e-05,949.0,0.02643914
BNT/BTC,1587630948315,2020-04-23T08:35:48.315Z,buy,2.787e-05,560.0,0.0156072
BNT/BTC,1587630948315,2020-04-23T08:35:48.315Z,buy,2.788e-05,3500.0,0.09758
BNT/BTC,1587630948581,2020-04-23T08:35:48.581Z,sell,2.788e-05,1393.0,0.038836840000000004
BNT/BTC,1587630949980,2020-04-23T08:35:49.980Z,sell,2.788e-05,5.0,0.0001394
BNT/BTC,1587630951376,2020-04-23T08:35:51.376Z,sell,2.775e-05,17.0,0.00047175
BNT/BTC,1587630961014,2020-04-23T08:36:01.014Z,buy,2.785e-05,244.0,0.0067954
BNT/BTC,1587630974958,2020-04-23T08:36:14.958Z,buy,2.785e-05,943.0,0.02626255
BNT/BTC,1587630988560,2020-04-23T08:36:28.560Z,buy,2.785e-05,943.0,0.02626255
BNT/BTC,1587631114475,2020-04-23T08:38:34.475Z,buy,2.785e-05,15.0,0.00041775
BNT/BTC,1587631117913,2020-04-23T08:38:37.913Z,sell,2.781e-05,8.0,0.00022248
BNT/BTC,1587631307705,2020-04-23T08:41:47.705Z,buy,2.785e-05,6.0,0.0001671
BNT/BTC,1587631742082,2020-04-23T08:49:02.082Z,buy,2.785e-05,4.0,0.0001114
BNT/BTC,1587631742082,2020-04-23T08:49:02.082Z,buy,2.786e-05,63.0,0.00175518
BNT/BTC,1587631744969,2020-04-23T08:49:04.969Z,buy,2.786e-05,54.0,0.0015044400000000001
BNT/BTC,1587631745986,2020-04-23T08:49:05.986Z,buy,2.786e-05,67.0,0.00186662
BNT/BTC,1587631750086,2020-04-23T08:49:10.086Z,buy,2.786e-05,67.0,0.00186662
BNT/BTC,1587631754099,2020-04-23T08:49:14.099Z,buy,2.786e-05,67.0,0.00186662
BNT/BTC,1587631756589,2020-04-23T08:49:16.589Z,buy,2.786e-05,13.0,0.00036218000000000003
BNT/BTC,1587631758153,2020-04-23T08:49:18.153Z,buy,2.786e-05,67.0,0.00186662
BNT/BTC,1587631761447,2020-04-23T08:49:21.447Z,buy,2.786e-05,51.0,0.0014208600000000001
BNT/BTC,1587631765555,2020-04-23T08:49:25.555Z,buy,2.786e-05,67.0,0.00186662
BNT/BTC,1587631770587,2020-04-23T08:49:30.587Z,buy,2.786e-05,67.0,0.00186662
BNT/BTC,1587631775189,2020-04-23T08:49:35.189Z,buy,2.786e-05,67.0,0.00186662
BNT/BTC,1587631779057,2020-04-23T08:49:39.057Z,buy,2.786e-05,67.0,0.00186662
BNT/BTC,1587631783248,2020-04-23T08:49:43.248Z,buy,2.786e-05,67.0,0.00186662
BNT/BTC,1587631786847,2020-04-23T08:49:46.847Z,buy,2.786e-05,67.0,0.00186662
BNT/BTC,1587631791193,2020-04-23T08:49:51.193Z,buy,2.786e-05,67.0,0.00186662
BNT/BTC,1587631795227,2020-04-23T08:49:55.227Z,buy,2.786e-05,67.0,0.00186662
BNT/BTC,1587631799041,2020-04-23T08:49:59.041Z,buy,2.786e-05,61.0,0.00169946
BNT/BTC,1587632175214,2020-04-23T08:56:15.214Z,buy,2.786e-05,36.0,0.00100296
BNT/BTC,1587632183344,2020-04-23T08:56:23.344Z,sell,2.778e-05,59.0,0.0016390200000000001
BNT/BTC,1587632191548,2020-04-23T08:56:31.548Z,buy,2.776e-05,8.0,0.00022208
BNT/BTC,1587632238082,2020-04-23T08:57:18.082Z,buy,2.784e-05,20.0,0.0005568
BNT/BTC,1587632238082,2020-04-23T08:57:18.082Z,buy,2.786e-05,943.0,0.02627198
BNT/BTC,1587632238082,2020-04-23T08:57:18.082Z,buy,2.788e-05,3500.0,0.09758
BNT/BTC,1587632238094,2020-04-23T08:57:18.094Z,sell,2.788e-05,104.0,0.00289952
BNT/BTC,1587632238101,2020-04-23T08:57:18.101Z,sell,2.788e-05,105.0,0.0029274
BNT/BTC,1587632238102,2020-04-23T08:57:18.102Z,sell,2.788e-05,103.0,0.00287164
BNT/BTC,1587632238199,2020-04-23T08:57:18.199Z,sell,2.788e-05,596.0,0.01661648
BNT/BTC,1587632247968,2020-04-23T08:57:27.968Z,buy,2.788e-05,10.0,0.0002788
BNT/BTC,1587632247968,2020-04-23T08:57:27.968Z,buy,2.789e-05,56.0,0.0015618399999999999
BNT/BTC,1587632247968,2020-04-23T08:57:27.968Z,buy,2.79e-05,3520.0,0.098208
BNT/BTC,1587632248086,2020-04-23T08:57:28.086Z,sell,2.79e-05,586.0,0.0163494
BNT/BTC,1587632248086,2020-04-23T08:57:28.086Z,sell,2.79e-05,586.0,0.0163494
BNT/BTC,1587632477399,2020-04-23T09:01:17.399Z,buy,2.788e-05,24.0,0.00066912
BNT/BTC,1587632477399,2020-04-23T09:01:17.399Z,buy,2.791e-05,12.0,0.00033492
BNT/BTC,1587632477399,2020-04-23T09:01:17.399Z,buy,2.792e-05,14.0,0.00039088
BNT/BTC,1587632479171,2020-04-23T09:01:19.171Z,sell,2.788e-05,86.0,0.00239768
BNT/BTC,1587632646066,2020-04-23T09:04:06.066Z,buy,2.791e-05,6.0,0.00016746
BNT/BTC,1587632730291,2020-04-23T09:05:30.291Z,buy,2.791e-05,297.0,0.00828927
BNT/BTC,1587632743813,2020-04-23T09:05:43.813Z,buy,2.791e-05,645.0,0.01800195
BNT/BTC,1587632757444,2020-04-23T09:05:57.444Z,buy,2.791e-05,943.0,0.02631913
BNT/BTC,1587632877390,2020-04-23T09:07:57.390Z,buy,2.791e-05,947.0,0.02643077
BNT/BTC,1587632883027,2020-04-23T09:08:03.027Z,buy,2.791e-05,348.0,0.00971268
BNT/BTC,1587632890708,2020-04-23T09:08:10.708Z,buy,2.791e-05,595.0,0.01660645
BNT/BTC,1587632903942,2020-04-23T09:08:23.942Z,buy,2.791e-05,943.0,0.02631913
BNT/BTC,1587632917531,2020-04-23T09:08:37.531Z,buy,2.791e-05,943.0,0.02631913
BNT/BTC,1587632931166,2020-04-23T09:08:51.166Z,buy,2.791e-05,943.0,0.02631913
BNT/BTC,1587632944715,2020-04-23T09:09:04.715Z,buy,2.791e-05,943.0,0.02631913
BNT/BTC,1587632958003,2020-04-23T09:09:18.003Z,buy,2.791e-05,893.0,0.02492363
BNT/BTC,1587632963491,2020-04-23T09:09:23.491Z,buy,2.791e-05,50.0,0.0013955
BNT/BTC,1587632963491,2020-04-23T09:09:23.491Z,buy,2.792e-05,389.0,0.01086088
BNT/BTC,1587632963491,2020-04-23T09:09:23.491Z,buy,2.794e-05,456.0,0.01274064
BNT/BTC,1587632971377,2020-04-23T09:09:31.377Z,buy,2.793e-05,943.0,0.02633799
BNT/BTC,1587633057538,2020-04-23T09:10:57.538Z,buy,2.794e-05,943.0,0.02634742
BNT/BTC,1587633063081,2020-04-23T09:11:03.081Z,buy,2.794e-05,103.0,0.00287782
BNT/BTC,1587633063083,2020-04-23T09:11:03.083Z,buy,2.794e-05,840.0,0.0234696
BNT/BTC,1587633063083,2020-04-23T09:11:03.083Z,buy,2.795e-05,57.0,0.00159315
BNT/BTC,1587633063114,2020-04-23T09:11:03.114Z,buy,2.795e-05,101.0,0.00282295
BNT/BTC,1587633065690,2020-04-23T09:11:05.690Z,buy,2.795e-05,622.0,0.0173849
BNT/BTC,1587633071475,2020-04-23T09:11:11.475Z,sell,2.795e-05,945.0,0.02641275
BNT/BTC,1587633071819,2020-04-23T09:11:11.819Z,buy,2.796e-05,20.0,0.0005592
BNT/BTC,1587633071819,2020-04-23T09:11:11.819Z,buy,2.8e-05,136.0,0.0038079999999999998
BNT/BTC,1587633071829,2020-04-23T09:11:11.829Z,sell,2.8e-05,2393.0,0.067004
BNT/BTC,1587633071832,2020-04-23T09:11:11.832Z,sell,2.8e-05,578.0,0.016184
BNT/BTC,1587633071834,2020-04-23T09:11:11.834Z,buy,2.801e-05,201.0,0.00563001
BNT/BTC,1587633071834,2020-04-23T09:11:11.834Z,buy,2.802e-05,20.0,0.0005604
BNT/BTC,1587633072495,2020-04-23T09:11:12.495Z,sell,2.8e-05,428.0,0.011984
BNT/BTC,1587633141474,2020-04-23T09:12:21.474Z,sell,2.802e-05,846.0,0.02370492
BNT/BTC,1587633157303,2020-04-23T09:12:37.303Z,sell,2.8e-05,338.0,0.009464
BNT/BTC,1587633158295,2020-04-23T09:12:38.295Z,sell,2.796e-05,7.0,0.00019572
BNT/BTC,1587633188854,2020-04-23T09:13:08.854Z,sell,2.796e-05,13.0,0.00036348
BNT/BTC,1587633190553,2020-04-23T09:13:10.553Z,sell,2.791e-05,10.0,0.0002791
BNT/BTC,1587633202979,2020-04-23T09:13:22.979Z,buy,2.792e-05,879.0,0.02454168
BNT/BTC,1587633278544,2020-04-23T09:14:38.544Z,buy,2.792e-05,417.0,0.011642640000000001
BNT/BTC,1587633282838,2020-04-23T09:14:42.838Z,buy,2.792e-05,446.0,0.01245232
BNT/BTC,1587633340746,2020-04-23T09:15:40.746Z,sell,2.79e-05,4.0,0.0001116
BNT/BTC,1587633343574,2020-04-23T09:15:43.574Z,sell,2.79e-05,21.0,0.0005859
BNT/BTC,1587633358322,2020-04-23T09:15:58.322Z,sell,2.788e-05,203.0,0.0056596400000000005
BNT/BTC,1587633358322,2020-04-23T09:15:58.322Z,sell,2.787e-05,134.0,0.00373458
BNT/BTC,1587633360653,2020-04-23T09:16:00.653Z,sell,2.784e-05,72.0,0.00200448
BNT/BTC,1587633489577,2020-04-23T09:18:09.577Z,buy,2.79e-05,20.0,0.000558
BNT/BTC,1587633506350,2020-04-23T09:18:26.350Z,buy,2.796e-05,20.0,0.0005592
BNT/BTC,1587633506464,2020-04-23T09:18:26.464Z,sell,2.796e-05,473.0,0.01322508
BNT/BTC,1587633534807,2020-04-23T09:18:54.807Z,sell,2.797e-05,798.0,0.022320060000000003
BNT/BTC,1587633535020,2020-04-23T09:18:55.020Z,sell,2.796e-05,818.0,0.02287128
BNT/BTC,1587633556013,2020-04-23T09:19:16.013Z,buy,2.793e-05,15.0,0.00041894999999999996
BNT/BTC,1587633619858,2020-04-23T09:20:19.858Z,sell,2.794e-05,4.0,0.00011176
BNT/BTC,1587633758563,2020-04-23T09:22:38.563Z,buy,2.796e-05,1.0,2.796e-05
BNT/BTC,1587633815363,2020-04-23T09:23:35.363Z,sell,2.79e-05,24.0,0.0006696
BNT/BTC,1587633884742,2020-04-23T09:24:44.742Z,sell,2.789e-05,8.0,0.00022312
BNT/BTC,1587634039410,2020-04-23T09:27:19.410Z,sell,2.787e-05,749.0,0.020874629999999998
BNT/BTC,1587634039425,2020-04-23T09:27:19.425Z,buy,2.787e-05,24.0,0.00066888
BNT/BTC,1587634075112,2020-04-23T09:27:55.112Z,sell,2.786e-05,358.0,0.009973880000000001
BNT/BTC,1587634253343,2020-04-23T09:30:53.343Z,sell,2.786e-05,4.0,0.00011144
BNT/BTC,1587634253343,2020-04-23T09:30:53.343Z,sell,2.784e-05,24.0,0.00066816
BNT/BTC,1587634253343,2020-04-23T09:30:53.343Z,sell,2.783e-05,356.0,0.00990748
BNT/BTC,1587634253343,2020-04-23T09:30:53.343Z,sell,2.782e-05,101.0,0.00280982
BNT/BTC,1587634267509,2020-04-23T09:31:07.509Z,buy,2.786e-05,8.0,0.00022288
BNT/BTC,1587634308443,2020-04-23T09:31:48.443Z,buy,2.786e-05,9.0,0.00025074
BNT/BTC,1587634308443,2020-04-23T09:31:48.443Z,buy,2.789e-05,358.0,0.00998462
BNT/BTC,1587634308443,2020-04-23T09:31:48.443Z,buy,2.79e-05,20.0,0.000558
BNT/BTC,1587634308443,2020-04-23T09:31:48.443Z,buy,2.796e-05,32.0,0.00089472
BNT/BTC,1587634308456,2020-04-23T09:31:48.456Z,sell,2.796e-05,103.0,0.00287988
BNT/BTC,1587634308461,2020-04-23T09:31:48.461Z,sell,2.796e-05,103.0,0.00287988
BNT/BTC,1587634308464,2020-04-23T09:31:48.464Z,sell,2.796e-05,101.0,0.00282396
BNT/BTC,1587634308510,2020-04-23T09:31:48.510Z,sell,2.796e-05,11.0,0.00030756
BNT/BTC,1587634322239,2020-04-23T09:32:02.239Z,sell,2.796e-05,1030.0,0.0287988
BNT/BTC,1587634328165,2020-04-23T09:32:08.165Z,sell,2.796e-05,637.0,0.01781052
BNT/BTC,1587634334977,2020-04-23T09:32:14.977Z,sell,2.796e-05,1172.0,0.03276912
BNT/BTC,1587634349100,2020-04-23T09:32:29.100Z,buy,2.797e-05,4.0,0.00011188
BNT/BTC,1587634360492,2020-04-23T09:32:40.492Z,sell,2.793e-05,4.0,0.00011172
BNT/BTC,1587634379762,2020-04-23T09:32:59.762Z,sell,2.79e-05,20.0,0.000558
BNT/BTC,1587634703388,2020-04-23T09:38:23.388Z,sell,2.784e-05,20.0,0.0005568
BNT/BTC,1587634703388,2020-04-23T09:38:23.388Z,sell,2.78e-05,921.0,0.025603800000000003
BNT/BTC,1587634703412,2020-04-23T09:38:23.412Z,buy,2.78e-05,1.0,2.78e-05
BNT/BTC,1587634832164,2020-04-23T09:40:32.164Z,buy,2.789e-05,5.0,0.00013945
BNT/BTC,1587634832498,2020-04-23T09:40:32.498Z,sell,2.778e-05,629.0,0.017473620000000002
BNT/BTC,1587634841014,2020-04-23T09:40:41.014Z,buy,2.784e-05,20.0,0.0005568
BNT/BTC,1587634886835,2020-04-23T09:41:26.835Z,buy,2.789e-05,1.0,2.789e-05
BNT/BTC,1587634886835,2020-04-23T09:41:26.835Z,buy,2.789e-05,1.0,2.789e-05
BNT/BTC,1587636035572,2020-04-23T10:00:35.572Z,sell,2.787e-05,4.0,0.00011148
BNT/BTC,1587636035585,2020-04-23T10:00:35.585Z,buy,2.787e-05,63.0,0.00175581
BNT/BTC,1587636181514,2020-04-23T10:03:01.514Z,buy,2.789e-05,13.0,0.00036257
BNT/BTC,1587636405757,2020-04-23T10:06:45.757Z,buy,2.79e-05,20.0,0.000558
BNT/BTC,1587636540748,2020-04-23T10:09:00.748Z,buy,2.796e-05,20.0,0.0005592
BNT/BTC,1587636575251,2020-04-23T10:09:35.251Z,buy,2.798e-05,4.0,0.00011192
BNT/BTC,1587636597284,2020-04-23T10:09:57.284Z,buy,2.798e-05,26.0,0.00072748
BNT/BTC,1587636979947,2020-04-23T10:16:19.947Z,buy,2.798e-05,4.0,0.00011192
BNT/BTC,1587637035011,2020-04-23T10:17:15.011Z,buy,2.799e-05,11.0,0.00030789
BNT/BTC,1587637110668,2020-04-23T10:18:30.668Z,sell,2.795e-05,8.0,0.0002236
BNT/BTC,1587637148112,2020-04-23T10:19:08.112Z,buy,2.795e-05,4.0,0.0001118
BNT/BTC,1587637183926,2020-04-23T10:19:43.926Z,buy,2.795e-05,306.0,0.0085527
BNT/BTC,1587637397948,2020-04-23T10:23:17.948Z,sell,2.794e-05,4.0,0.00011176
BNT/BTC,1587637397948,2020-04-23T10:23:17.948Z,sell,2.79e-05,20.0,0.000558
BNT/BTC,1587637397948,2020-04-23T10:23:17.948Z,sell,2.789e-05,8.0,0.00022312
BNT/BTC,1587637397948,2020-04-23T10:23:17.948Z,sell,2.787e-05,636.0,0.01772532
BNT/BTC,1587637662144,2020-04-23T10:27:42.144Z,buy,2.795e-05,3233.0,0.09036235
BNT/BTC,1587637929476,2020-04-23T10:32:09.476Z,buy,2.796e-05,20.0,0.0005592
BNT/BTC,1587637929476,2020-04-23T10:32:09.476Z,buy,2.798e-05,18.0,0.00050364
BNT/BTC,1587637929476,2020-04-23T10:32:09.476Z,buy,2.799e-05,1.0,2.799e-05
BNT/BTC,1587637929476,2020-04-23T10:32:09.476Z,buy,2.802e-05,20.0,0.0005604
BNT/BTC,1587637929476,2020-04-23T10:32:09.476Z,buy,2.803e-05,26.0,0.00072878
BNT/BTC,1587638222847,2020-04-23T10:37:02.847Z,buy,2.8e-05,4.0,0.000112
BNT/BTC,1587638222847,2020-04-23T10:37:02.847Z,buy,2.8e-05,4.0,0.000112
BNT/BTC,1587638508161,2020-04-23T10:41:48.161Z,buy,2.799e-05,4.0,0.00011196
BNT/BTC,1587638510729,2020-04-23T10:41:50.729Z,buy,2.799e-05,3.0,8.397e-05
BNT/BTC,1587638696405,2020-04-23T10:44:56.405Z,sell,2.799e-05,354.0,0.009908460000000001
BNT/BTC,1587638696407,2020-04-23T10:44:56.407Z,sell,2.796e-05,24.0,0.00067104
BNT/BTC,1587638761187,2020-04-23T10:46:01.187Z,sell,2.795e-05,4.0,0.0001118
BNT/BTC,1587638761259,2020-04-23T10:46:01.259Z,sell,2.79e-05,24.0,0.0006696
BNT/BTC,1587638946178,2020-04-23T10:49:06.178Z,sell,2.789e-05,4.0,0.00011156
BNT/BTC,1587638946178,2020-04-23T10:49:06.178Z,sell,2.787e-05,39.0,0.00108693
BNT/BTC,1587639189095,2020-04-23T10:53:09.095Z,sell,2.787e-05,13.0,0.00036230999999999996
BNT/BTC,1587639322104,2020-04-23T10:55:22.104Z,buy,2.792e-05,1.0,2.792e-05
BNT/BTC,1587639497897,2020-04-23T10:58:17.897Z,buy,2.792e-05,1.0,2.792e-05
BNT/BTC,1587640077120,2020-04-23T11:07:57.120Z,sell,2.787e-05,48.0,0.00133776
BNT/BTC,1587640111034,2020-04-23T11:08:31.034Z,buy,2.788e-05,16.0,0.00044608
BNT/BTC,1587640388050,2020-04-23T11:13:08.050Z,buy,2.788e-05,4.0,0.00011152
BNT/BTC,1587640619167,2020-04-23T11:16:59.167Z,sell,2.787e-05,356.0,0.00992172
BNT/BTC,1587640730131,2020-04-23T11:18:50.131Z,sell,2.787e-05,18.0,0.00050166
BNT/BTC,1587641674401,2020-04-23T11:34:34.401Z,buy,2.793e-05,165.0,0.00460845
BNT/BTC,1587641747922,2020-04-23T11:35:47.922Z,buy,2.793e-05,108.0,0.00301644
BNT/BTC,1587641747922,2020-04-23T11:35:47.922Z,buy,2.793e-05,108.0,0.00301644
BNT/BTC,1587642201068,2020-04-23T11:43:21.068Z,buy,2.796e-05,20.0,0.0005592
BNT/BTC,1587642201068,2020-04-23T11:43:21.068Z,buy,2.801e-05,12.0,0.00033612000000000003
BNT/BTC,1587642201068,2020-04-23T11:43:21.068Z,buy,2.802e-05,144.0,0.00403488
BNT/BTC,1587642201068,2020-04-23T11:43:21.068Z,buy,2.804e-05,30.0,0.0008412
BNT/BTC,1587642201068,2020-04-23T11:43:21.068Z,buy,2.805e-05,4.0,0.0001122
BNT/BTC,1587642201068,2020-04-23T11:43:21.068Z,buy,2.807e-05,43.0,0.0012070100000000001
BNT/BTC,1587642203237,2020-04-23T11:43:23.237Z,buy,2.806e-05,4.0,0.00011224
BNT/BTC,1587642204791,2020-04-23T11:43:24.791Z,buy,2.806e-05,18.0,0.00050508
BNT/BTC,1587642371920,2020-04-23T11:46:11.920Z,buy,2.803e-05,4.0,0.00011212
BNT/BTC,1587643273259,2020-04-23T12:01:13.259Z,sell,2.799e-05,4.0,0.00011196
BNT/BTC,1587643574326,2020-04-23T12:06:14.326Z,buy,2.806e-05,1.0,2.806e-05
BNT/BTC,1587643716040,2020-04-23T12:08:36.040Z,buy,2.806e-05,1.0,2.806e-05
BNT/BTC,1587643732747,2020-04-23T12:08:52.747Z,buy,2.806e-05,15.0,0.0004209
BNT/BTC,1587643741765,2020-04-23T12:09:01.765Z,sell,2.802e-05,8.0,0.00022416
BNT/BTC,1587643914396,2020-04-23T12:11:54.396Z,buy,2.805e-05,4.0,0.0001122
BNT/BTC,1587644514430,2020-04-23T12:21:54.430Z,sell,2.801e-05,4.0,0.00011204
BNT/BTC,1587644711565,2020-04-23T12:25:11.565Z,sell,2.797e-05,8.0,0.00022376
BNT/BTC,1587644712418,2020-04-23T12:25:12.418Z,sell,2.796e-05,20.0,0.0005592
BNT/BTC,1587644950298,2020-04-23T12:29:10.298Z,sell,2.793e-05,12.0,0.00033516
BNT/BTC,1587644950298,2020-04-23T12:29:10.298Z,sell,2.793e-05,12.0,0.00033516
BNT/BTC,1587645540586,2020-04-23T12:39:00.586Z,sell,2.793e-05,381.0,0.01064133
BNT/BTC,1587645611284,2020-04-23T12:40:11.284Z,buy,2.8e-05,172.0,0.004816
BNT/BTC,1587645611284,2020-04-23T12:40:11.284Z,buy,2.802e-05,20.0,0.0005604
BNT/BTC,1587645611284,2020-04-23T12:40:11.284Z,buy,2.805e-05,55.0,0.00154275
BNT/BTC,1587645755829,2020-04-23T12:42:35.829Z,sell,2.796e-05,432.0,0.01207872
BNT/BTC,1587645760095,2020-04-23T12:42:40.095Z,sell,2.796e-05,258.0,0.00721368
BNT/BTC,1587645798208,2020-04-23T12:43:18.208Z,buy,2.805e-05,19.0,0.00053295
BNT/BTC,1587645881907,2020-04-23T12:44:41.907Z,sell,2.796e-05,20.0,0.0005592
BNT/BTC,1587645881907,2020-04-23T12:44:41.907Z,sell,2.795e-05,306.0,0.0085527
BNT/BTC,1587646112539,2020-04-23T12:48:32.539Z,sell,2.796e-05,4.0,0.00011184
BNT/BTC,1587646112539,2020-04-23T12:48:32.539Z,sell,2.795e-05,4.0,0.0001118
BNT/BTC,1587646112539,2020-04-23T12:48:32.539Z,sell,2.791e-05,8.0,0.00022328
BNT/BTC,1587646112539,2020-04-23T12:48:32.539Z,sell,2.79e-05,7.0,0.0001953
BNT/BTC,1587646113608,2020-04-23T12:48:33.608Z,sell,2.79e-05,13.0,0.0003627
BNT/BTC,1587646113608,2020-04-23T12:48:33.608Z,sell,2.787e-05,23.0,0.00064101
BNT/BTC,1587646701388,2020-04-23T12:58:21.388Z,sell,2.789e-05,4.0,0.00011156
BNT/BTC,1587646701388,2020-04-23T12:58:21.388Z,sell,2.788e-05,103.0,0.00287164
BNT/BTC,1587646707070,2020-04-23T12:58:27.070Z,sell,2.787e-05,18.0,0.00050166
BNT/BTC,1587646723481,2020-04-23T12:58:43.481Z,sell,2.787e-05,131.0,0.00365097
BNT/BTC,1587647569534,2020-04-23T13:12:49.534Z,buy,2.796e-05,16.0,0.00044736
BNT/BTC,1587647832943,2020-04-23T13:17:12.943Z,buy,2.789e-05,21.0,0.0005856899999999999
BNT/BTC,1587648391967,2020-04-23T13:26:31.967Z,buy,2.789e-05,6.0,0.00016733999999999998
BNT/BTC,1587648495452,2020-04-23T13:28:15.452Z,buy,2.789e-05,48.0,0.0013387199999999998
BNT/BTC,1587648497863,2020-04-23T13:28:17.863Z,buy,2.789e-05,8.0,0.00022312
BNT/BTC,1587648497863,2020-04-23T13:28:17.863Z,buy,2.789e-05,8.0,0.00022312
BNT/BTC,1587648668651,2020-04-23T13:31:08.651Z,buy,2.789e-05,4.0,0.00011156
BNT/BTC,1587648874600,2020-04-23T13:34:34.600Z,sell,2.787e-05,17.0,0.00047379
BNT/BTC,1587648913021,2020-04-23T13:35:13.021Z,sell,2.787e-05,77.0,0.00214599
BNT/BTC,1587648941455,2020-04-23T13:35:41.455Z,buy,2.789e-05,1.0,2.789e-05
BNT/BTC,1587648966496,2020-04-23T13:36:06.496Z,buy,2.789e-05,8.0,0.00022312
BNT/BTC,1587648966509,2020-04-23T13:36:06.509Z,buy,2.789e-05,8.0,0.00022312
BNT/BTC,1587649014302,2020-04-23T13:36:54.302Z,buy,2.789e-05,23.0,0.00064147
BNT/BTC,1587649021673,2020-04-23T13:37:01.673Z,buy,2.793e-05,12.0,0.00033516
BNT/BTC,1587649025141,2020-04-23T13:37:05.141Z,buy,2.795e-05,18.0,0.0005030999999999999
BNT/BTC,1587649616546,2020-04-23T13:46:56.546Z,sell,2.79e-05,1993.0,0.0556047
BNT/BTC,1587649617616,2020-04-23T13:46:57.616Z,sell,2.79e-05,76.0,0.0021204
BNT/BTC,1587649799946,2020-04-23T13:49:59.946Z,sell,2.79e-05,2183.0,0.0609057
BNT/BTC,1587650074689,2020-04-23T13:54:34.689Z,buy,2.79e-05,39.0,0.0010881
BNT/BTC,1587650074689,2020-04-23T13:54:34.689Z,buy,2.795e-05,4.0,0.0001118
BNT/BTC,1587650074689,2020-04-23T13:54:34.689Z,buy,2.796e-05,4.0,0.00011184
BNT/BTC,1587650074689,2020-04-23T13:54:34.689Z,buy,2.802e-05,36.0,0.00100872
BNT/BTC,1587650074689,2020-04-23T13:54:34.689Z,buy,2.803e-05,4.0,0.00011212
BNT/BTC,1587650074689,2020-04-23T13:54:34.689Z,buy,2.804e-05,130.0,0.0036452
BNT/BTC,1587650074689,2020-04-23T13:54:34.689Z,buy,2.805e-05,1105.0,0.030995250000000002
BNT/BTC,1587650077992,2020-04-23T13:54:37.992Z,buy,2.805e-05,18.0,0.0005049
BNT/BTC,1587650090117,2020-04-23T13:54:50.117Z,sell,2.792e-05,100.0,0.002792
BNT/BTC,1587650141299,2020-04-23T13:55:41.299Z,sell,2.792e-05,702.0,0.01959984
BNT/BTC,1587650245687,2020-04-23T13:57:25.687Z,sell,2.791e-05,22.0,0.00061402
BNT/BTC,1587650310630,2020-04-23T13:58:30.630Z,sell,2.791e-05,2960.0,0.0826136
BNT/BTC,1587650318434,2020-04-23T13:58:38.434Z,buy,2.791e-05,9.0,0.00025119
BNT/BTC,1587650326406,2020-04-23T13:58:46.406Z,buy,2.791e-05,30.0,0.0008372999999999999
BNT/BTC,1587650351178,2020-04-23T13:59:11.178Z,sell,2.79e-05,20.0,0.000558
BNT/BTC,1587650351178,2020-04-23T13:59:11.178Z,sell,2.787e-05,12.0,0.00033444
BNT/BTC,1587650351178,2020-04-23T13:59:11.178Z,sell,2.785e-05,8.0,0.0002228
BNT/BTC,1587650351178,2020-04-23T13:59:11.178Z,sell,2.784e-05,20.0,0.0005568
BNT/BTC,1587650351193,2020-04-23T13:59:11.193Z,sell,2.782e-05,119.0,0.00331058
BNT/BTC,1587650352201,2020-04-23T13:59:12.201Z,sell,2.781e-05,30.0,0.0008343
BNT/BTC,1587650352201,2020-04-23T13:59:12.201Z,sell,2.781e-05,78.0,0.00216918
BNT/BTC,1587650352224,2020-04-23T13:59:12.224Z,buy,2.78e-05,22.0,0.0006116
BNT/BTC,1587650352743,2020-04-23T13:59:12.743Z,buy,2.791e-05,1.0,2.791e-05
BNT/BTC,1587650352743,2020-04-23T13:59:12.743Z,buy,2.804e-05,7.0,0.00019627999999999998
BNT/BTC,1587650560902,2020-04-23T14:02:40.902Z,buy,2.79e-05,4.0,0.0001116
BNT/BTC,1587650651944,2020-04-23T14:04:11.944Z,sell,2.786e-05,4.0,0.00011144
BNT/BTC,1587650659400,2020-04-23T14:04:19.400Z,buy,2.783e-05,380.0,0.0105754
BNT/BTC,1587650661303,2020-04-23T14:04:21.303Z,sell,2.783e-05,18.0,0.00050094
BNT/BTC,1587650685589,2020-04-23T14:04:45.589Z,buy,2.79e-05,10.0,0.000279
BNT/BTC,1587650686028,2020-04-23T14:04:46.028Z,sell,2.783e-05,556.0,0.01547348
BNT/BTC,1587650687896,2020-04-23T14:04:47.896Z,sell,2.783e-05,101.0,0.00281083
BNT/BTC,1587650723464,2020-04-23T14:05:23.464Z,sell,2.783e-05,103.0,0.0028664899999999997
BNT/BTC,1587650723509,2020-04-23T14:05:23.509Z,sell,2.783e-05,408.0,0.01135464
BNT/BTC,1587650783652,2020-04-23T14:06:23.652Z,buy,2.79e-05,6.0,0.0001674
BNT/BTC,1587650783661,2020-04-23T14:06:23.661Z,sell,2.79e-05,1892.0,0.0527868
BNT/BTC,1587650783669,2020-04-23T14:06:23.669Z,sell,2.79e-05,156.0,0.0043524
BNT/BTC,1587650783670,2020-04-23T14:06:23.670Z,sell,2.79e-05,343.0,0.0095697
BNT/BTC,1587650854494,2020-04-23T14:07:34.494Z,buy,2.789e-05,943.0,0.02630027
BNT/BTC,1587650854494,2020-04-23T14:07:34.494Z,buy,2.79e-05,1265.0,0.0352935
BNT/BTC,1587650854501,2020-04-23T14:07:34.501Z,sell,2.79e-05,2291.0,0.0639189
BNT/BTC,1587650854508,2020-04-23T14:07:34.508Z,sell,2.79e-05,80.0,0.002232
BNT/BTC,1587650854511,2020-04-23T14:07:34.511Z,sell,2.79e-05,104.0,0.0029016
BNT/BTC,1587650854512,2020-04-23T14:07:34.512Z,sell,2.79e-05,565.0,0.0157635
BNT/BTC,1587650854516,2020-04-23T14:07:34.516Z,sell,2.79e-05,26.0,0.0007254
BNT/BTC,1587650857504,2020-04-23T14:07:37.504Z,sell,2.79e-05,144.0,0.0040176
BNT/BTC,1587650857541,2020-04-23T14:07:37.541Z,sell,2.79e-05,144.0,0.0040176
BNT/BTC,1587650857747,2020-04-23T14:07:37.747Z,sell,2.79e-05,779.0,0.0217341
BNT/BTC,1587650857750,2020-04-23T14:07:37.750Z,sell,2.79e-05,779.0,0.0217341
BNT/BTC,1587650857758,2020-04-23T14:07:37.758Z,sell,2.79e-05,93.0,0.0025947
BNT/BTC,1587650858536,2020-04-23T14:07:38.536Z,sell,2.79e-05,10.0,0.000279
BNT/BTC,1587650873020,2020-04-23T14:07:53.020Z,buy,2.795e-05,8.0,0.0002236
BNT/BTC,1587650873020,2020-04-23T14:07:53.020Z,buy,2.799e-05,98.0,0.00274302
BNT/BTC,1587650881995,2020-04-23T14:08:01.995Z,sell,2.787e-05,4.0,0.00011148
BNT/BTC,1587650882011,2020-04-23T14:08:02.011Z,buy,2.797e-05,751.0,0.021005470000000002
BNT/BTC,1587650959471,2020-04-23T14:09:19.471Z,sell,2.78e-05,9.0,0.0002502
BNT/BTC,1587650978886,2020-04-23T14:09:38.886Z,sell,2.78e-05,437.0,0.0121486
BNT/BTC,1587650978886,2020-04-23T14:09:38.886Z,sell,2.779e-05,8.0,0.00022232
BNT/BTC,1587650978886,2020-04-23T14:09:38.886Z,sell,2.778e-05,20.0,0.0005556000000000001
BNT/BTC,1587651063525,2020-04-23T14:11:03.525Z,buy,2.784e-05,1.0,2.784e-05
BNT/BTC,1587651119446,2020-04-23T14:11:59.446Z,sell,2.775e-05,4158.0,0.1153845
BNT/BTC,1587651119446,2020-04-23T14:11:59.446Z,sell,2.773e-05,4.0,0.00011092
BNT/BTC,1587651119446,2020-04-23T14:11:59.446Z,sell,2.772e-05,20.0,0.0005544
BNT/BTC,1587651119446,2020-04-23T14:11:59.446Z,sell,2.769e-05,181.0,0.00501189
BNT/BTC,1587651119446,2020-04-23T14:11:59.446Z,sell,2.767e-05,109.0,0.0030160300000000003
BNT/BTC,1587651119446,2020-04-23T14:11:59.446Z,sell,2.766e-05,20.0,0.0005532
BNT/BTC,1587651119446,2020-04-23T14:11:59.446Z,sell,2.765e-05,8.0,0.0002212
BNT/BTC,1587651119446,2020-04-23T14:11:59.446Z,sell,2.759e-05,268.0,0.00739412
BNT/BTC,1587651119446,2020-04-23T14:11:59.446Z,sell,2.757e-05,72.0,0.00198504
BNT/BTC,1587651119446,2020-04-23T14:11:59.446Z,sell,2.755e-05,6.0,0.0001653
BNT/BTC,1587651119446,2020-04-23T14:11:59.446Z,sell,2.753e-05,20.0,0.0005505999999999999
BNT/BTC,1587651119446,2020-04-23T14:11:59.446Z,sell,2.752e-05,496.0,0.013649920000000001
BNT/BTC,1587651119446,2020-04-23T14:11:59.446Z,sell,2.751e-05,643.0,0.01768893
BNT/BTC,1587651119446,2020-04-23T14:11:59.446Z,sell,2.75e-05,5.0,0.0001375
BNT/BTC,1587651119446,2020-04-23T14:11:59.446Z,sell,2.747e-05,650.0,0.0178555
BNT/BTC,1587651131164,2020-04-23T14:12:11.164Z,sell,2.763e-05,528.0,0.01458864
BNT/BTC,1587651135967,2020-04-23T14:12:15.967Z,buy,2.766e-05,20.0,0.0005532
BNT/BTC,1587651137154,2020-04-23T14:12:17.154Z,sell,2.759e-05,20.0,0.0005518
BNT/BTC,1587651137686,2020-04-23T14:12:17.686Z,sell,2.759e-05,20.0,0.0005518
BNT/BTC,1587651335116,2020-04-23T14:15:35.116Z,buy,2.769e-05,20.0,0.0005538
BNT/BTC,1587651335966,2020-04-23T14:15:35.966Z,buy,2.769e-05,20.0,0.0005538
BNT/BTC,1587651347562,2020-04-23T14:15:47.562Z,buy,2.769e-05,8.0,0.00022152
BNT/BTC,1587651364091,2020-04-23T14:16:04.091Z,buy,2.769e-05,295.0,0.00816855
BNT/BTC,1587651364091,2020-04-23T14:16:04.091Z,buy,2.771e-05,8.0,0.00022168
BNT/BTC,1587651364091,2020-04-23T14:16:04.091Z,buy,2.772e-05,963.0,0.02669436
BNT/BTC,1587651364091,2020-04-23T14:16:04.091Z,buy,2.773e-05,643.0,0.01783039
BNT/BTC,1587651364091,2020-04-23T14:16:04.091Z,buy,2.778e-05,20.0,0.0005556000000000001
BNT/BTC,1587651364091,2020-04-23T14:16:04.091Z,buy,2.781e-05,119.0,0.00330939
BNT/BTC,1587651364091,2020-04-23T14:16:04.091Z,buy,2.782e-05,630.0,0.0175266
BNT/BTC,1587651364091,2020-04-23T14:16:04.091Z,buy,2.784e-05,9.0,0.00025056
BNT/BTC,1587651364091,2020-04-23T14:16:04.091Z,buy,2.786e-05,1463.0,0.04075918
BNT/BTC,1587651364091,2020-04-23T14:16:04.091Z,buy,2.787e-05,1073.0,0.02990451
BNT/BTC,1587651369301,2020-04-23T14:16:09.301Z,sell,2.76e-05,73.0,0.0020148
BNT/BTC,1587651619424,2020-04-23T14:20:19.424Z,sell,2.772e-05,20.0,0.0005544
BNT/BTC,1587651640995,2020-04-23T14:20:40.995Z,sell,2.767e-05,8.0,0.00022136
BNT/BTC,1587651641777,2020-04-23T14:20:41.777Z,sell,2.766e-05,20.0,0.0005532
BNT/BTC,1587651643852,2020-04-23T14:20:43.852Z,sell,2.762e-05,61.0,0.00168482
BNT/BTC,1587651644668,2020-04-23T14:20:44.668Z,sell,2.762e-05,19.0,0.00052478
BNT/BTC,1587651645244,2020-04-23T14:20:45.244Z,sell,2.761e-05,61.0,0.00168421
BNT/BTC,1587651646883,2020-04-23T14:20:46.883Z,sell,2.759e-05,744.0,0.02052696
BNT/BTC,1587651649812,2020-04-23T14:20:49.812Z,sell,2.755e-05,697.0,0.01920235
BNT/BTC,1587651661656,2020-04-23T14:21:01.656Z,sell,2.753e-05,129.0,0.00355137
BNT/BTC,1587651661656,2020-04-23T14:21:01.656Z,sell,2.751e-05,129.0,0.00354879
BNT/BTC,1587651661656,2020-04-23T14:21:01.656Z,sell,2.751e-05,129.0,0.00354879
BNT/BTC,1587651661656,2020-04-23T14:21:01.656Z,sell,2.751e-05,17.0,0.00046767
BNT/BTC,1587651669273,2020-04-23T14:21:09.273Z,sell,2.747e-05,20.0,0.0005494
BNT/BTC,1587651669273,2020-04-23T14:21:09.273Z,sell,2.746e-05,4.0,0.00010984
BNT/BTC,1587651669273,2020-04-23T14:21:09.273Z,sell,2.742e-05,95.0,0.0026049
BNT/BTC,1587651676571,2020-04-23T14:21:16.571Z,sell,2.743e-05,338.0,0.00927134
BNT/BTC,1587651706757,2020-04-23T14:21:46.757Z,sell,2.741e-05,20.0,0.0005482
BNT/BTC,1587651707014,2020-04-23T14:21:47.014Z,sell,2.739e-05,110.0,0.0030129
BNT/BTC,1587651707639,2020-04-23T14:21:47.639Z,sell,2.738e-05,185.0,0.0050653
BNT/BTC,1587651708199,2020-04-23T14:21:48.199Z,sell,2.738e-05,836.0,0.02288968
BNT/BTC,1587651708347,2020-04-23T14:21:48.347Z,sell,2.738e-05,51.0,0.00139638
BNT/BTC,1587651709187,2020-04-23T14:21:49.187Z,sell,2.738e-05,5.0,0.0001369
BNT/BTC,1587651713115,2020-04-23T14:21:53.115Z,sell,2.738e-05,628.0,0.01719464
BNT/BTC,1587651718554,2020-04-23T14:21:58.554Z,buy,2.746e-05,728.0,0.019990880000000003
BNT/BTC,1587651719419,2020-04-23T14:21:59.419Z,sell,2.737e-05,123.0,0.00336651
BNT/BTC,1587651720907,2020-04-23T14:22:00.907Z,sell,2.737e-05,59.0,0.00161483
BNT/BTC,1587651720908,2020-04-23T14:22:00.908Z,sell,2.735e-05,20.0,0.000547
BNT/BTC,1587651722240,2020-04-23T14:22:02.240Z,sell,2.742e-05,4.0,0.00010968
BNT/BTC,1587651729788,2020-04-23T14:22:09.788Z,buy,2.744e-05,5.0,0.0001372
BNT/BTC,1587651737429,2020-04-23T14:22:17.429Z,sell,2.733e-05,145.0,0.00396285
BNT/BTC,1587651737602,2020-04-23T14:22:17.602Z,sell,2.733e-05,227.0,0.00620391
BNT/BTC,1587651741806,2020-04-23T14:22:21.806Z,sell,2.733e-05,238.0,0.0065045400000000005
BNT/BTC,1587651743843,2020-04-23T14:22:23.843Z,sell,2.733e-05,241.0,0.00658653
BNT/BTC,1587651744135,2020-04-23T14:22:24.135Z,sell,2.733e-05,197.0,0.00538401
BNT/BTC,1587651747482,2020-04-23T14:22:27.482Z,sell,2.733e-05,242.0,0.00661386
BNT/BTC,1587651751370,2020-04-23T14:22:31.370Z,sell,2.733e-05,265.0,0.00724245
BNT/BTC,1587651751962,2020-04-23T14:22:31.962Z,sell,2.733e-05,67.0,0.0018311100000000002
BNT/BTC,1587651751991,2020-04-23T14:22:31.991Z,sell,2.733e-05,131.0,0.0035802300000000002
BNT/BTC,1587651755100,2020-04-23T14:22:35.100Z,sell,2.733e-05,56.0,0.00153048
BNT/BTC,1587651756117,2020-04-23T14:22:36.117Z,sell,2.733e-05,59.0,0.00161247
BNT/BTC,1587651756292,2020-04-23T14:22:36.292Z,sell,2.733e-05,82.0,0.00224106
BNT/BTC,1587651756292,2020-04-23T14:22:36.292Z,sell,2.73e-05,16.0,0.0004368
BNT/BTC,1587651756292,2020-04-23T14:22:36.292Z,sell,2.729e-05,20.0,0.0005458
BNT/BTC,1587651756292,2020-04-23T14:22:36.292Z,sell,2.726e-05,124.0,0.00338024
BNT/BTC,1587651776939,2020-04-23T14:22:56.939Z,sell,2.726e-05,4.0,0.00010904
BNT/BTC,1587651790637,2020-04-23T14:23:10.637Z,buy,2.735e-05,20.0,0.000547
BNT/BTC,1587651792517,2020-04-23T14:23:12.517Z,buy,2.739e-05,68.0,0.00186252
BNT/BTC,1587651799698,2020-04-23T14:23:19.698Z,buy,2.739e-05,83.0,0.00227337
BNT/BTC,1587651804322,2020-04-23T14:23:24.322Z,sell,2.73e-05,130.0,0.003549
BNT/BTC,1587651804322,2020-04-23T14:23:24.322Z,sell,2.727e-05,672.0,0.018325440000000002
BNT/BTC,1587651804322,2020-04-23T14:23:24.322Z,sell,2.726e-05,2710.0,0.0738746
BNT/BTC,1587651804541,2020-04-23T14:23:24.541Z,buy,2.739e-05,176.0,0.00482064
BNT/BTC,1587651804913,2020-04-23T14:23:24.913Z,buy,2.739e-05,5.0,0.00013695
BNT/BTC,1587651805234,2020-04-23T14:23:25.234Z,buy,2.739e-05,1.0,2.739e-05
BNT/BTC,1587651806790,2020-04-23T14:23:26.790Z,buy,2.741e-05,19.0,0.00052079
BNT/BTC,1587651810846,2020-04-23T14:23:30.846Z,sell,2.729e-05,69.0,0.00188301
BNT/BTC,1587651810846,2020-04-23T14:23:30.846Z,sell,2.728e-05,43.0,0.00117304
BNT/BTC,1587651817257,2020-04-23T14:23:37.257Z,sell,2.728e-05,41.0,0.00111848
BNT/BTC,1587651828157,2020-04-23T14:23:48.157Z,sell,2.73e-05,59.0,0.0016107
BNT/BTC,1587651836999,2020-04-23T14:23:56.999Z,sell,2.729e-05,20.0,0.0005458
BNT/BTC,1587651836999,2020-04-23T14:23:56.999Z,sell,2.726e-05,39.0,0.00106314
BNT/BTC,1587651842306,2020-04-23T14:24:02.306Z,buy,2.737e-05,479.0,0.01311023
BNT/BTC,1587651939462,2020-04-23T14:25:39.462Z,sell,2.726e-05,5.0,0.0001363
BNT/BTC,1587651939462,2020-04-23T14:25:39.462Z,sell,2.726e-05,5.0,0.0001363
BNT/BTC,1587652159539,2020-04-23T14:29:19.539Z,sell,2.726e-05,24.0,0.0006542399999999999
BNT/BTC,1587652274001,2020-04-23T14:31:14.001Z,buy,2.728e-05,8.0,0.00021824
BNT/BTC,1587652276817,2020-04-23T14:31:16.817Z,buy,2.728e-05,8.0,0.00021824
BNT/BTC,1587652283831,2020-04-23T14:31:23.831Z,sell,2.726e-05,236.0,0.00643336
BNT/BTC,1587652314604,2020-04-23T14:31:54.604Z,sell,2.726e-05,316.0,0.00861416
BNT/BTC,1587652327086,2020-04-23T14:32:07.086Z,sell,2.726e-05,252.0,0.00686952
BNT/BTC,1587652384726,2020-04-23T14:33:04.726Z,buy,2.728e-05,91.0,0.00248248
BNT/BTC,1587652390065,2020-04-23T14:33:10.065Z,buy,2.728e-05,9.0,0.00024552
BNT/BTC,1587652391989,2020-04-23T14:33:11.989Z,buy,2.728e-05,103.0,0.00280984
BNT/BTC,1587652397533,2020-04-23T14:33:17.533Z,buy,2.728e-05,8.0,0.00021824
BNT/BTC,1587652403216,2020-04-23T14:33:23.216Z,buy,2.728e-05,8.0,0.00021824
BNT/BTC,1587652471376,2020-04-23T14:34:31.376Z,buy,2.728e-05,8.0,0.00021824
BNT/BTC,1587652475011,2020-04-23T14:34:35.011Z,buy,2.728e-05,8.0,0.00021824
BNT/BTC,1587652497248,2020-04-23T14:34:57.248Z,sell,2.726e-05,12.0,0.00032711999999999997
BNT/BTC,1587652497495,2020-04-23T14:34:57.495Z,buy,2.728e-05,217.0,0.00591976
BNT/BTC,1587652659147,2020-04-23T14:37:39.147Z,buy,2.728e-05,236.0,0.00643808
BNT/BTC,1587652659210,2020-04-23T14:37:39.210Z,buy,2.728e-05,229.0,0.00624712
BNT/BTC,1587652681780,2020-04-23T14:38:01.780Z,sell,2.726e-05,2250.0,0.061335
BNT/BTC,1587652807953,2020-04-23T14:40:07.953Z,sell,2.726e-05,251.0,0.00684226
BNT/BTC,1587652912457,2020-04-23T14:41:52.457Z,sell,2.726e-05,229.0,0.0062425399999999995
BNT/BTC,1587652915477,2020-04-23T14:41:55.477Z,sell,2.726e-05,229.0,0.0062425399999999995
BNT/BTC,1587653011821,2020-04-23T14:43:31.821Z,buy,2.729e-05,1.0,2.729e-05
BNT/BTC,1587653030068,2020-04-23T14:43:50.068Z,buy,2.729e-05,6.0,0.00016374
BNT/BTC,1587653036505,2020-04-23T14:43:56.505Z,buy,2.729e-05,336.0,0.009169440000000001
BNT/BTC,1587653074968,2020-04-23T14:44:34.968Z,buy,2.729e-05,1438.0,0.03924302
BNT/BTC,1587653074968,2020-04-23T14:44:34.968Z,buy,2.735e-05,20.0,0.000547
BNT/BTC,1587653074968,2020-04-23T14:44:34.968Z,buy,2.741e-05,1.0,2.741e-05
BNT/BTC,1587653074968,2020-04-23T14:44:34.968Z,buy,2.747e-05,20.0,0.0005494
BNT/BTC,1587653074968,2020-04-23T14:44:34.968Z,buy,2.753e-05,20.0,0.0005505999999999999
BNT/BTC,1587653074968,2020-04-23T14:44:34.968Z,buy,2.759e-05,20.0,0.0005518
BNT/BTC,1587653074968,2020-04-23T14:44:34.968Z,buy,2.761e-05,93.0,0.0025677300000000003
BNT/BTC,1587653074968,2020-04-23T14:44:34.968Z,buy,2.762e-05,1888.0,0.05214656
BNT/BTC,1587653112946,2020-04-23T14:45:12.946Z,buy,2.744e-05,4.0,0.00010976
BNT/BTC,1587653113019,2020-04-23T14:45:13.019Z,buy,2.744e-05,20.0,0.0005488
BNT/BTC,1587653113610,2020-04-23T14:45:13.610Z,buy,2.744e-05,20.0,0.0005488
BNT/BTC,1587653134280,2020-04-23T14:45:34.280Z,buy,2.75e-05,5303.0,0.1458325
BNT/BTC,1587653144599,2020-04-23T14:45:44.599Z,sell,2.741e-05,20.0,0.0005482
BNT/BTC,1587653144599,2020-04-23T14:45:44.599Z,sell,2.74e-05,4.0,0.0001096
BNT/BTC,1587653155322,2020-04-23T14:45:55.322Z,buy,2.742e-05,943.0,0.025857059999999998
BNT/BTC,1587653155322,2020-04-23T14:45:55.322Z,buy,2.743e-05,591.0,0.01621113
BNT/BTC,1587653174507,2020-04-23T14:46:14.507Z,buy,2.747e-05,2586.0,0.07103742
BNT/BTC,1587653174507,2020-04-23T14:46:14.507Z,buy,2.748e-05,943.0,0.02591364
BNT/BTC,1587653203138,2020-04-23T14:46:43.138Z,sell,2.741e-05,20.0,0.0005482
BNT/BTC,1587653203138,2020-04-23T14:46:43.138Z,sell,2.737e-05,365.0,0.00999005
BNT/BTC,1587653308915,2020-04-23T14:48:28.915Z,buy,2.743e-05,943.0,0.02586649
BNT/BTC,1587653308915,2020-04-23T14:48:28.915Z,buy,2.744e-05,365.0,0.010015600000000001
BNT/BTC,1587653696678,2020-04-23T14:54:56.678Z,sell,2.736e-05,445.0,0.012175199999999999
BNT/BTC,1587653719995,2020-04-23T14:55:19.995Z,buy,2.747e-05,26.0,0.00071422
BNT/BTC,1587653719995,2020-04-23T14:55:19.995Z,buy,2.749e-05,8.0,0.00021992
BNT/BTC,1587653720064,2020-04-23T14:55:20.064Z,sell,2.75e-05,24.0,0.00066
BNT/BTC,1587653720339,2020-04-23T14:55:20.339Z,sell,2.75e-05,420.0,0.011550000000000001
BNT/BTC,1587653727510,2020-04-23T14:55:27.510Z,sell,2.75e-05,881.0,0.024227500000000003
BNT/BTC,1587653727530,2020-04-23T14:55:27.530Z,buy,2.753e-05,1.0,2.753e-05
BNT/BTC,1587653747734,2020-04-23T14:55:47.734Z,buy,2.753e-05,19.0,0.0005230699999999999
BNT/BTC,1587653747734,2020-04-23T14:55:47.734Z,buy,2.759e-05,20.0,0.0005518
BNT/BTC,1587653747734,2020-04-23T14:55:47.734Z,buy,2.766e-05,502.0,0.01388532
BNT/BTC,1587653747734,2020-04-23T14:55:47.734Z,buy,2.767e-05,2915.0,0.08065805000000001
BNT/BTC,1587653761556,2020-04-23T14:56:01.556Z,sell,2.751e-05,60.0,0.0016506
BNT/BTC,1587653762986,2020-04-23T14:56:02.986Z,sell,2.751e-05,796.0,0.02189796
BNT/BTC,1587653762986,2020-04-23T14:56:02.986Z,sell,2.75e-05,236.0,0.00649
BNT/BTC,1587653772557,2020-04-23T14:56:12.557Z,sell,2.759e-05,20.0,0.0005518
BNT/BTC,1587653818966,2020-04-23T14:56:58.966Z,sell,2.753e-05,20.0,0.0005505999999999999
BNT/BTC,1587653818966,2020-04-23T14:56:58.966Z,sell,2.75e-05,405.0,0.0111375
BNT/BTC,1587653867246,2020-04-23T14:57:47.246Z,sell,2.747e-05,20.0,0.0005494
BNT/BTC,1587653867246,2020-04-23T14:57:47.246Z,sell,2.741e-05,20.0,0.0005482
BNT/BTC,1587653867246,2020-04-23T14:57:47.246Z,sell,2.736e-05,48.0,0.00131328
BNT/BTC,1587653884227,2020-04-23T14:58:04.227Z,buy,2.753e-05,1.0,2.753e-05
BNT/BTC,1587654102947,2020-04-23T15:01:42.947Z,buy,2.747e-05,20.0,0.0005494
BNT/BTC,1587654103267,2020-04-23T15:01:43.267Z,buy,2.751e-05,17.0,0.00046767
BNT/BTC,1587654103267,2020-04-23T15:01:43.267Z,buy,2.752e-05,47.0,0.00129344
BNT/BTC,1587654103419,2020-04-23T15:01:43.419Z,buy,2.751e-05,16.0,0.00044016
BNT/BTC,1587654103419,2020-04-23T15:01:43.419Z,buy,2.752e-05,1.0,2.752e-05
BNT/BTC,1587654103419,2020-04-23T15:01:43.419Z,buy,2.753e-05,3.0,8.259e-05
BNT/BTC,1587654103543,2020-04-23T15:01:43.543Z,buy,2.747e-05,17.0,0.00046698999999999997
BNT/BTC,1587654103723,2020-04-23T15:01:43.723Z,buy,2.747e-05,57.0,0.00156579
BNT/BTC,1587654103723,2020-04-23T15:01:43.723Z,buy,2.753e-05,17.0,0.00046801
BNT/BTC,1587654103723,2020-04-23T15:01:43.723Z,buy,2.756e-05,39.0,0.00107484
BNT/BTC,1587654118773,2020-04-23T15:01:58.773Z,buy,2.752e-05,91.0,0.00250432
BNT/BTC,1587654148615,2020-04-23T15:02:28.615Z,sell,2.747e-05,20.0,0.0005494
BNT/BTC,1587654148615,2020-04-23T15:02:28.615Z,sell,2.741e-05,153.0,0.00419373
BNT/BTC,1587654148615,2020-04-23T15:02:28.615Z,sell,2.74e-05,283.0,0.007754199999999999
BNT/BTC,1587654534543,2020-04-23T15:08:54.543Z,sell,2.742e-05,6.0,0.00016451999999999998
BNT/BTC,1587654806963,2020-04-23T15:13:26.963Z,buy,2.747e-05,20.0,0.0005494
BNT/BTC,1587654806963,2020-04-23T15:13:26.963Z,buy,2.749e-05,648.0,0.01781352
BNT/BTC,1587654945168,2020-04-23T15:15:45.168Z,sell,2.742e-05,2.0,5.484e-05
BNT/BTC,1587654945168,2020-04-23T15:15:45.168Z,sell,2.741e-05,20.0,0.0005482
BNT/BTC,1587654945168,2020-04-23T15:15:45.168Z,sell,2.74e-05,304.0,0.0083296
BNT/BTC,1587654945168,2020-04-23T15:15:45.168Z,sell,2.735e-05,20.0,0.000547
BNT/BTC,1587654945179,2020-04-23T15:15:45.179Z,sell,2.729e-05,225.0,0.00614025
BNT/BTC,1587655264145,2020-04-23T15:21:04.145Z,buy,2.734e-05,20.0,0.0005468
BNT/BTC,1587655266901,2020-04-23T15:21:06.901Z,buy,2.734e-05,17.0,0.00046478
BNT/BTC,1587655406398,2020-04-23T15:23:26.398Z,sell,2.733e-05,323.0,0.00882759
BNT/BTC,1587655406403,2020-04-23T15:23:26.403Z,sell,2.733e-05,31.0,0.00084723
BNT/BTC,1587655408213,2020-04-23T15:23:28.213Z,buy,2.728e-05,217.0,0.00591976
BNT/BTC,1587655408213,2020-04-23T15:23:28.213Z,buy,2.728e-05,217.0,0.00591976
BNT/BTC,1587655721174,2020-04-23T15:28:41.174Z,sell,2.728e-05,4.0,0.00010912
BNT/BTC,1587655721174,2020-04-23T15:28:41.174Z,sell,2.725e-05,111.0,0.00302475
BNT/BTC,1587655721174,2020-04-23T15:28:41.174Z,sell,2.723e-05,25.0,0.0006807499999999999
BNT/BTC,1587655721174,2020-04-23T15:28:41.174Z,sell,2.72e-05,8.0,0.0002176
BNT/BTC,1587655721174,2020-04-23T15:28:41.174Z,sell,2.717e-05,20.0,0.0005434
BNT/BTC,1587655721174,2020-04-23T15:28:41.174Z,sell,2.714e-05,194.0,0.0052651600000000005
BNT/BTC,1587655721207,2020-04-23T15:28:41.207Z,buy,2.715e-05,16.0,0.0004344
BNT/BTC,1587655721212,2020-04-23T15:28:41.212Z,buy,2.715e-05,39.0,0.00105885
BNT/BTC,1587655722047,2020-04-23T15:28:42.047Z,sell,2.716e-05,16.0,0.00043456
BNT/BTC,1587655722047,2020-04-23T15:28:42.047Z,sell,2.715e-05,9.0,0.00024435
BNT/BTC,1587655724033,2020-04-23T15:28:44.033Z,buy,2.72e-05,16.0,0.0004352
BNT/BTC,1587656156079,2020-04-23T15:35:56.079Z,buy,2.721e-05,70.0,0.0019046999999999998
BNT/BTC,1587656156079,2020-04-23T15:35:56.079Z,buy,2.723e-05,20.0,0.0005446
BNT/BTC,1587656156079,2020-04-23T15:35:56.079Z,buy,2.729e-05,20.0,0.0005458
BNT/BTC,1587656156079,2020-04-23T15:35:56.079Z,buy,2.735e-05,20.0,0.000547
BNT/BTC,1587656156079,2020-04-23T15:35:56.079Z,buy,2.741e-05,20.0,0.0005482
BNT/BTC,1587656156079,2020-04-23T15:35:56.079Z,buy,2.745e-05,354.0,0.0097173
BNT/BTC,1587656156079,2020-04-23T15:35:56.079Z,buy,2.746e-05,134.0,0.00367964
BNT/BTC,1587656156079,2020-04-23T15:35:56.079Z,buy,2.747e-05,20.0,0.0005494
BNT/BTC,1587656156095,2020-04-23T15:35:56.095Z,sell,2.75e-05,1864.0,0.05126
BNT/BTC,1587656156098,2020-04-23T15:35:56.098Z,sell,2.75e-05,753.0,0.0207075
BNT/BTC,1587656156102,2020-04-23T15:35:56.102Z,sell,2.75e-05,104.0,0.00286
BNT/BTC,1587656156105,2020-04-23T15:35:56.105Z,sell,2.75e-05,15.0,0.0004125
BNT/BTC,1587656897435,2020-04-23T15:48:17.435Z,buy,2.745e-05,20.0,0.000549
BNT/BTC,1587656897435,2020-04-23T15:48:17.435Z,buy,2.75e-05,4.0,0.00011
BNT/BTC,1587656897435,2020-04-23T15:48:17.435Z,buy,2.753e-05,20.0,0.0005505999999999999
BNT/BTC,1587656897435,2020-04-23T15:48:17.435Z,buy,2.759e-05,20.0,0.0005518
BNT/BTC,1587656897435,2020-04-23T15:48:17.435Z,buy,2.766e-05,20.0,0.0005532
BNT/BTC,1587656897435,2020-04-23T15:48:17.435Z,buy,2.768e-05,154.0,0.00426272
BNT/BTC,1587656897435,2020-04-23T15:48:17.435Z,buy,2.769e-05,190.0,0.0052611
BNT/BTC,1587656897446,2020-04-23T15:48:17.446Z,sell,2.77e-05,1558.0,0.043156599999999996
BNT/BTC,1587656897449,2020-04-23T15:48:17.449Z,sell,2.77e-05,78.0,0.0021606
BNT/BTC,1587656897450,2020-04-23T15:48:17.450Z,sell,2.77e-05,144.0,0.0039888
BNT/BTC,1587656897453,2020-04-23T15:48:17.453Z,sell,2.77e-05,88.0,0.0024376
BNT/BTC,1587656897454,2020-04-23T15:48:17.454Z,sell,2.77e-05,53.0,0.0014681
BNT/BTC,1587656897455,2020-04-23T15:48:17.455Z,sell,2.77e-05,101.0,0.0027976999999999998
BNT/BTC,1587656897459,2020-04-23T15:48:17.459Z,sell,2.77e-05,186.0,0.0051522
BNT/BTC,1587656897462,2020-04-23T15:48:17.462Z,sell,2.77e-05,6503.0,0.1801331
BNT/BTC,1587656897499,2020-04-23T15:48:17.499Z,sell,2.77e-05,9.0,0.0002493
BNT/BTC,1587656897526,2020-04-23T15:48:17.526Z,sell,2.77e-05,500.0,0.01385
BNT/BTC,1587656897530,2020-04-23T15:48:17.530Z,sell,2.77e-05,18.0,0.0004986
BNT/BTC,1587656897625,2020-04-23T15:48:17.625Z,sell,2.77e-05,242.0,0.0067034
BNT/BTC,1587656897837,2020-04-23T15:48:17.837Z,sell,2.77e-05,70.0,0.001939
BNT/BTC,1587656913823,2020-04-23T15:48:33.823Z,sell,2.77e-05,22.0,0.0006094
BNT/BTC,1587656984059,2020-04-23T15:49:44.059Z,buy,2.768e-05,5.0,0.0001384
BNT/BTC,1587656988877,2020-04-23T15:49:48.877Z,buy,2.768e-05,19.0,0.00052592
BNT/BTC,1587657187218,2020-04-23T15:53:07.218Z,buy,2.768e-05,6.0,0.00016607999999999998
BNT/BTC,1587657307639,2020-04-23T15:55:07.639Z,sell,2.76e-05,8.0,0.0002208
BNT/BTC,1587657307639,2020-04-23T15:55:07.639Z,sell,2.759e-05,20.0,0.0005518
BNT/BTC,1587657307639,2020-04-23T15:55:07.639Z,sell,2.756e-05,6.0,0.00016536
BNT/BTC,1587657323900,2020-04-23T15:55:23.900Z,buy,2.766e-05,20.0,0.0005532
BNT/BTC,1587657323900,2020-04-23T15:55:23.900Z,buy,2.768e-05,6.0,0.00016607999999999998
BNT/BTC,1587657362722,2020-04-23T15:56:02.722Z,buy,2.772e-05,20.0,0.0005544
BNT/BTC,1587657362722,2020-04-23T15:56:02.722Z,buy,2.775e-05,203.0,0.00563325
BNT/BTC,1587657362722,2020-04-23T15:56:02.722Z,buy,2.776e-05,951.0,0.026399759999999998
BNT/BTC,1587657362722,2020-04-23T15:56:02.722Z,buy,2.777e-05,1460.0,0.0405442
BNT/BTC,1587657362722,2020-04-23T15:56:02.722Z,buy,2.778e-05,867.0,0.02408526
BNT/BTC,1587657384890,2020-04-23T15:56:24.890Z,sell,2.772e-05,20.0,0.0005544
BNT/BTC,1587657456010,2020-04-23T15:57:36.010Z,buy,2.775e-05,343.0,0.00951825
BNT/BTC,1587657476516,2020-04-23T15:57:56.516Z,sell,2.767e-05,784.0,0.021693280000000002
BNT/BTC,1587657711083,2020-04-23T16:01:51.083Z,buy,2.775e-05,15.0,0.00041625
BNT/BTC,1587657751967,2020-04-23T16:02:31.967Z,buy,2.774e-05,4.0,0.00011096
BNT/BTC,1587657789761,2020-04-23T16:03:09.761Z,sell,2.771e-05,8.0,0.00022168
BNT/BTC,1587657789761,2020-04-23T16:03:09.761Z,sell,2.77e-05,4.0,0.0001108
BNT/BTC,1587657805111,2020-04-23T16:03:25.111Z,sell,2.766e-05,20.0,0.0005532
BNT/BTC,1587657805111,2020-04-23T16:03:25.111Z,sell,2.765e-05,8.0,0.0002212
BNT/BTC,1587657805111,2020-04-23T16:03:25.111Z,sell,2.764e-05,4.0,0.00011056
BNT/BTC,1587657935474,2020-04-23T16:05:35.474Z,sell,2.762e-05,702.0,0.01938924
BNT/BTC,1587657971589,2020-04-23T16:06:11.589Z,buy,2.772e-05,16.0,0.00044352
BNT/BTC,1587657972861,2020-04-23T16:06:12.861Z,buy,2.772e-05,4.0,0.00011088
BNT/BTC,1587657973157,2020-04-23T16:06:13.157Z,buy,2.774e-05,312.0,0.00865488
BNT/BTC,1587657973243,2020-04-23T16:06:13.243Z,buy,2.774e-05,89.0,0.00246886
BNT/BTC,1587658059918,2020-04-23T16:07:39.918Z,sell,2.767e-05,94.0,0.00260098
BNT/BTC,1587658059918,2020-04-23T16:07:39.918Z,sell,2.766e-05,20.0,0.0005532
BNT/BTC,1587658092703,2020-04-23T16:08:12.703Z,sell,2.763e-05,4.0,0.00011052
BNT/BTC,1587658096906,2020-04-23T16:08:16.906Z,buy,2.775e-05,2034.0,0.0564435
BNT/BTC,1587658096906,2020-04-23T16:08:16.906Z,buy,2.776e-05,12.0,0.00033312
BNT/BTC,1587658096906,2020-04-23T16:08:16.906Z,buy,2.777e-05,496.0,0.01377392
BNT/BTC,1587658096906,2020-04-23T16:08:16.906Z,buy,2.778e-05,3520.0,0.0977856
BNT/BTC,1587658097564,2020-04-23T16:08:17.564Z,sell,2.778e-05,20.0,0.0005556000000000001
BNT/BTC,1587658100740,2020-04-23T16:08:20.740Z,sell,2.778e-05,3500.0,0.09723000000000001
BNT/BTC,1587658100992,2020-04-23T16:08:20.992Z,sell,2.778e-05,769.0,0.02136282
BNT/BTC,1587658101066,2020-04-23T16:08:21.066Z,buy,2.778e-05,174.0,0.0048337200000000006
BNT/BTC,1587658101066,2020-04-23T16:08:21.066Z,buy,2.779e-05,488.0,0.01356152
BNT/BTC,1587658105482,2020-04-23T16:08:25.482Z,sell,2.762e-05,58.0,0.00160196
BNT/BTC,1587658105482,2020-04-23T16:08:25.482Z,sell,2.759e-05,28.0,0.00077252
BNT/BTC,1587658115663,2020-04-23T16:08:35.663Z,buy,2.777e-05,4306.0,0.11957762
BNT/BTC,1587658121688,2020-04-23T16:08:41.688Z,sell,2.777e-05,3461.0,0.09611197
BNT/BTC,1587658148194,2020-04-23T16:09:08.194Z,sell,2.766e-05,20.0,0.0005532
BNT/BTC,1587658218904,2020-04-23T16:10:18.904Z,buy,2.772e-05,27.0,0.00074844
BNT/BTC,1587658218904,2020-04-23T16:10:18.904Z,buy,2.774e-05,1001.0,0.02776774
BNT/BTC,1587658218904,2020-04-23T16:10:18.904Z,buy,2.775e-05,943.0,0.02616825
BNT/BTC,1587658218904,2020-04-23T16:10:18.904Z,buy,2.777e-05,3500.0,0.097195
BNT/BTC,1587658225961,2020-04-23T16:10:25.961Z,sell,2.777e-05,608.0,0.01688416
BNT/BTC,1587658234738,2020-04-23T16:10:34.738Z,buy,2.778e-05,3520.0,0.0977856
BNT/BTC,1587658235146,2020-04-23T16:10:35.146Z,sell,2.778e-05,784.0,0.02177952
BNT/BTC,1587658426359,2020-04-23T16:13:46.359Z,sell,2.775e-05,728.0,0.020202
BNT/BTC,1587658460453,2020-04-23T16:14:20.453Z,sell,2.778e-05,547.0,0.015195660000000001
BNT/BTC,1587658486392,2020-04-23T16:14:46.392Z,sell,2.778e-05,490.0,0.013612200000000001
BNT/BTC,1587658523946,2020-04-23T16:15:23.946Z,sell,2.778e-05,93.0,0.00258354
BNT/BTC,1587658534229,2020-04-23T16:15:34.229Z,buy,2.779e-05,47.0,0.00130613
BNT/BTC,1587658539125,2020-04-23T16:15:39.125Z,buy,2.779e-05,15.0,0.00041685
BNT/BTC,1587658695027,2020-04-23T16:18:15.027Z,sell,2.778e-05,16.0,0.00044448
BNT/BTC,1587658812148,2020-04-23T16:20:12.148Z,buy,2.779e-05,4.0,0.00011116
BNT/BTC,1587658813271,2020-04-23T16:20:13.271Z,buy,2.779e-05,108.0,0.00300132
BNT/BTC,1587658814936,2020-04-23T16:20:14.936Z,sell,2.779e-05,8.0,0.00022232
BNT/BTC,1587658892227,2020-04-23T16:21:32.227Z,buy,2.78e-05,8.0,0.0002224
BNT/BTC,1587658892227,2020-04-23T16:21:32.227Z,buy,2.782e-05,5.0,0.00013910000000000002
BNT/BTC,1587658892227,2020-04-23T16:21:32.227Z,buy,2.784e-05,20.0,0.0005568
BNT/BTC,1587658892227,2020-04-23T16:21:32.227Z,buy,2.786e-05,282.0,0.00785652
BNT/BTC,1587658916250,2020-04-23T16:21:56.250Z,buy,2.786e-05,943.0,0.02627198
BNT/BTC,1587658916250,2020-04-23T16:21:56.250Z,buy,2.787e-05,1720.0,0.0479364
BNT/BTC,1587658916250,2020-04-23T16:21:56.250Z,buy,2.789e-05,1496.0,0.04172344
BNT/BTC,1587658916250,2020-04-23T16:21:56.250Z,buy,2.79e-05,20.0,0.000558
BNT/BTC,1587658916250,2020-04-23T16:21:56.250Z,buy,2.791e-05,71.0,0.00198161
BNT/BTC,1587658916250,2020-04-23T16:21:56.250Z,buy,2.792e-05,3500.0,0.09772
BNT/BTC,1587658917363,2020-04-23T16:21:57.363Z,sell,2.792e-05,5.0,0.0001396
BNT/BTC,1587658926148,2020-04-23T16:22:06.148Z,sell,2.782e-05,336.0,0.00934752
BNT/BTC,1587658954874,2020-04-23T16:22:34.874Z,buy,2.789e-05,409.0,0.01140701
BNT/BTC,1587658954874,2020-04-23T16:22:34.874Z,buy,2.79e-05,637.0,0.0177723
BNT/BTC,1587658956624,2020-04-23T16:22:36.624Z,buy,2.79e-05,4.0,0.0001116
BNT/BTC,1587658979806,2020-04-23T16:22:59.806Z,sell,2.79e-05,652.0,0.0181908
BNT/BTC,1587658979810,2020-04-23T16:22:59.810Z,sell,2.79e-05,232.0,0.0064728
BNT/BTC,1587658979810,2020-04-23T16:22:59.810Z,sell,2.786e-05,4.0,0.00011144
BNT/BTC,1587658979810,2020-04-23T16:22:59.810Z,sell,2.79e-05,232.0,0.0064728
BNT/BTC,1587658979810,2020-04-23T16:22:59.810Z,sell,2.786e-05,4.0,0.00011144
BNT/BTC,1587659020595,2020-04-23T16:23:40.595Z,buy,2.792e-05,108.0,0.00301536
BNT/BTC,1587659053612,2020-04-23T16:24:13.612Z,buy,2.79e-05,15.0,0.00041850000000000004
BNT/BTC,1587659132648,2020-04-23T16:25:32.648Z,buy,2.789e-05,1.0,2.789e-05
BNT/BTC,1587659207688,2020-04-23T16:26:47.688Z,sell,2.786e-05,8.0,0.00022288
BNT/BTC,1587659207688,2020-04-23T16:26:47.688Z,sell,2.784e-05,20.0,0.0005568
BNT/BTC,1587659223768,2020-04-23T16:27:03.768Z,sell,2.781e-05,1124.0,0.03125844
BNT/BTC,1587659223768,2020-04-23T16:27:03.768Z,sell,2.78e-05,3465.0,0.09632700000000001
BNT/BTC,1587659271697,2020-04-23T16:27:51.697Z,sell,2.78e-05,6.0,0.00016680000000000002
BNT/BTC,1587659348687,2020-04-23T16:29:08.687Z,buy,2.787e-05,4.0,0.00011148
BNT/BTC,1587659411073,2020-04-23T16:30:11.073Z,sell,2.78e-05,943.0,0.0262154
BNT/BTC,1587659443131,2020-04-23T16:30:43.131Z,sell,2.78e-05,102.0,0.0028356
BNT/BTC,1587659735135,2020-04-23T16:35:35.135Z,buy,2.787e-05,1.0,2.787e-05
BNT/BTC,1587659779747,2020-04-23T16:36:19.747Z,buy,2.787e-05,87.0,0.0024246899999999997
BNT/BTC,1587659779748,2020-04-23T16:36:19.748Z,buy,2.787e-05,449.0,0.01251363
BNT/BTC,1587659779748,2020-04-23T16:36:19.748Z,buy,2.788e-05,87.0,0.00242556
BNT/BTC,1587659779748,2020-04-23T16:36:19.748Z,buy,2.788e-05,87.0,0.00242556
BNT/BTC,1587659779748,2020-04-23T16:36:19.748Z,buy,2.788e-05,87.0,0.00242556
BNT/BTC,1587659779748,2020-04-23T16:36:19.748Z,buy,2.788e-05,87.0,0.00242556
BNT/BTC,1587659779748,2020-04-23T16:36:19.748Z,buy,2.788e-05,87.0,0.00242556
BNT/BTC,1587659779748,2020-04-23T16:36:19.748Z,buy,2.788e-05,87.0,0.00242556
BNT/BTC,1587659779748,2020-04-23T16:36:19.748Z,buy,2.788e-05,87.0,0.00242556
BNT/BTC,1587659779748,2020-04-23T16:36:19.748Z,buy,2.788e-05,87.0,0.00242556
BNT/BTC,1587659779748,2020-04-23T16:36:19.748Z,buy,2.788e-05,87.0,0.00242556
BNT/BTC,1587659779749,2020-04-23T16:36:19.749Z,buy,2.788e-05,87.0,0.00242556
BNT/BTC,1587659779749,2020-04-23T16:36:19.749Z,buy,2.788e-05,73.0,0.0020352400000000002
BNT/BTC,1587659779749,2020-04-23T16:36:19.749Z,buy,2.79e-05,14.0,0.0003906
BNT/BTC,1587659779749,2020-04-23T16:36:19.749Z,buy,2.79e-05,6.0,0.0001674
BNT/BTC,1587659779749,2020-04-23T16:36:19.749Z,buy,2.792e-05,12.0,0.00033504
BNT/BTC,1587659779749,2020-04-23T16:36:19.749Z,buy,2.795e-05,69.0,0.0019285499999999998
BNT/BTC,1587659779750,2020-04-23T16:36:19.750Z,buy,2.795e-05,87.0,0.00243165
BNT/BTC,1587659779750,2020-04-23T16:36:19.750Z,buy,2.795e-05,10.0,0.00027949999999999996
BNT/BTC,1587659779750,2020-04-23T16:36:19.750Z,buy,2.796e-05,77.0,0.00215292
BNT/BTC,1587659779750,2020-04-23T16:36:19.750Z,buy,2.796e-05,87.0,0.00243252
BNT/BTC,1587659779751,2020-04-23T16:36:19.751Z,buy,2.796e-05,3043.0,0.08508228
BNT/BTC,1587659779751,2020-04-23T16:36:19.751Z,buy,2.796e-05,87.0,0.00243252
BNT/BTC,1587659779751,2020-04-23T16:36:19.751Z,buy,2.796e-05,87.0,0.00243252
BNT/BTC,1587659779752,2020-04-23T16:36:19.752Z,buy,2.796e-05,87.0,0.00243252
BNT/BTC,1587659779752,2020-04-23T16:36:19.752Z,buy,2.796e-05,52.0,0.00145392
BNT/BTC,1587659779752,2020-04-23T16:36:19.752Z,buy,2.8e-05,5.0,0.00014
BNT/BTC,1587659779752,2020-04-23T16:36:19.752Z,buy,2.801e-05,30.0,0.0008403
BNT/BTC,1587659779752,2020-04-23T16:36:19.752Z,buy,2.801e-05,87.0,0.0024368700000000003
BNT/BTC,1587659779752,2020-04-23T16:36:19.752Z,buy,2.801e-05,68.0,0.0019046800000000002
BNT/BTC,1587659779752,2020-04-23T16:36:19.752Z,buy,2.802e-05,19.0,0.0005323799999999999
BNT/BTC,1587659779753,2020-04-23T16:36:19.753Z,buy,2.802e-05,1.0,2.802e-05
BNT/BTC,1587659779753,2020-04-23T16:36:19.753Z,buy,2.806e-05,86.0,0.00241316
BNT/BTC,1587659779753,2020-04-23T16:36:19.753Z,buy,2.806e-05,87.0,0.00244122
BNT/BTC,1587659779753,2020-04-23T16:36:19.753Z,buy,2.806e-05,87.0,0.00244122
BNT/BTC,1587659779753,2020-04-23T16:36:19.753Z,buy,2.806e-05,87.0,0.00244122
BNT/BTC,1587659779753,2020-04-23T16:36:19.753Z,buy,2.806e-05,87.0,0.00244122
BNT/BTC,1587659779754,2020-04-23T16:36:19.754Z,buy,2.806e-05,87.0,0.00244122
BNT/BTC,1587659779755,2020-04-23T16:36:19.755Z,buy,2.806e-05,87.0,0.00244122
BNT/BTC,1587659779755,2020-04-23T16:36:19.755Z,buy,2.806e-05,33.0,0.00092598
BNT/BTC,1587659779755,2020-04-23T16:36:19.755Z,buy,2.807e-05,9.0,0.00025263
BNT/BTC,1587659779755,2020-04-23T16:36:19.755Z,buy,2.808e-05,45.0,0.0012636
BNT/BTC,1587659779755,2020-04-23T16:36:19.755Z,buy,2.808e-05,11.0,0.00030888
BNT/BTC,1587659779810,2020-04-23T16:36:19.810Z,sell,2.79e-05,476.0,0.0132804
BNT/BTC,1587659779810,2020-04-23T16:36:19.810Z,sell,2.779e-05,709.0,0.01970311
BNT/BTC,1587659779810,2020-04-23T16:36:19.810Z,sell,2.778e-05,1436.0,0.03989208
BNT/BTC,1587659779833,2020-04-23T16:36:19.833Z,sell,2.778e-05,709.0,0.01969602
BNT/BTC,1587659781766,2020-04-23T16:36:21.766Z,buy,2.806e-05,4.0,0.00011224
BNT/BTC,1587659781940,2020-04-23T16:36:21.940Z,buy,2.806e-05,107.0,0.00300242
BNT/BTC,1587659783131,2020-04-23T16:36:23.131Z,sell,2.794e-05,108.0,0.00301752
BNT/BTC,1587659784439,2020-04-23T16:36:24.439Z,buy,2.806e-05,1000.0,0.028059999999999998
BNT/BTC,1587659786719,2020-04-23T16:36:26.719Z,sell,2.79e-05,36.0,0.0010044
