symbol,timestamp,datetime,side,price,amount,btc_volume
BRD/BTC,1635519884850,2021-10-29T15:04:44.850Z,buy,3.8e-06,94.0,0.0003572
BRD/BTC,1635520112533,2021-10-29T15:08:32.533Z,buy,3.8e-06,27.0,0.0001026
BRD/BTC,1635520114853,2021-10-29T15:08:34.853Z,buy,3.8e-06,27.0,0.0001026
BRD/BTC,1635520232566,2021-10-29T15:10:32.566Z,sell,3.78e-06,2189.0,0.00827442
BRD/BTC,1635520236744,2021-10-29T15:10:36.744Z,sell,3.78e-06,1444.0,0.00545832
BRD/BTC,1635520241584,2021-10-29T15:10:41.584Z,sell,3.77e-06,2120.0,0.0079924
BRD/BTC,1635520241601,2021-10-29T15:10:41.601Z,buy,3.77e-06,69.0,0.00026013
BRD/BTC,1635520284817,2021-10-29T15:11:24.817Z,buy,3.78e-06,115.0,0.0004347
BRD/BTC,1635520285043,2021-10-29T15:11:25.043Z,buy,3.78e-06,168.0,0.00063504
BRD/BTC,1635520285097,2021-10-29T15:11:25.097Z,buy,3.78e-06,168.0,0.00063504
BRD/BTC,1635520285215,2021-10-29T15:11:25.215Z,buy,3.78e-06,168.0,0.00063504
BRD/BTC,1635520628956,2021-10-29T15:17:08.956Z,buy,3.78e-06,3212.0,0.012141359999999999
BRD/BTC,1635520913070,2021-10-29T15:21:53.070Z,buy,3.78e-06,80.0,0.0003024
BRD/BTC,1635520920164,2021-10-29T15:22:00.164Z,sell,3.76e-06,3287.0,0.01235912
BRD/BTC,1635520920164,2021-10-29T15:22:00.164Z,sell,3.75e-06,2863.0,0.010736250000000001
BRD/BTC,1635520920164,2021-10-29T15:22:00.164Z,sell,3.74e-06,4122.0,0.015416280000000001
BRD/BTC,1635520920164,2021-10-29T15:22:00.164Z,sell,3.73e-06,9569.0,0.03569237
BRD/BTC,1635520920164,2021-10-29T15:22:00.164Z,sell,3.72e-06,159.0,0.00059148
BRD/BTC,1635520920177,2021-10-29T15:22:00.177Z,buy,3.75e-06,180.0,0.000675
BRD/BTC,1635520921871,2021-10-29T15:22:01.871Z,sell,3.74e-06,132.0,0.00049368
BRD/BTC,1635520978788,2021-10-29T15:22:58.788Z,buy,3.75e-06,533.0,0.00199875
BRD/BTC,1635520979026,2021-10-29T15:22:59.026Z,buy,3.75e-06,1886.0,0.0070725
BRD/BTC,1635520991038,2021-10-29T15:23:11.038Z,sell,3.75e-06,991.0,0.00371625
BRD/BTC,1635521072660,2021-10-29T15:24:32.660Z,buy,3.76e-06,54.0,0.00020304
BRD/BTC,1635521150783,2021-10-29T15:25:50.783Z,sell,3.75e-06,138.0,0.0005175000000000001
BRD/BTC,1635521412610,2021-10-29T15:30:12.610Z,sell,3.74e-06,1982.0,0.0074126800000000005
BRD/BTC,1635521638268,2021-10-29T15:33:58.268Z,sell,3.74e-06,81.0,0.00030294
BRD/BTC,1635521673591,2021-10-29T15:34:33.591Z,buy,3.76e-06,266.0,0.00100016
BRD/BTC,1635522887739,2021-10-29T15:54:47.739Z,sell,3.73e-06,503.0,0.00187619
BRD/BTC,1635523124171,2021-10-29T15:58:44.171Z,buy,3.75e-06,369.0,0.00138375
BRD/BTC,1635523136766,2021-10-29T15:58:56.766Z,sell,3.73e-06,1915.0,0.0071429499999999995
BRD/BTC,1635523136770,2021-10-29T15:58:56.770Z,buy,3.73e-06,7414.0,0.02765422
BRD/BTC,1635523136770,2021-10-29T15:58:56.770Z,buy,3.73e-06,7414.0,0.02765422
BRD/BTC,1635523270950,2021-10-29T16:01:10.950Z,sell,3.74e-06,1193.0,0.00446182
BRD/BTC,1635523365516,2021-10-29T16:02:45.516Z,sell,3.73e-06,420.0,0.0015666
BRD/BTC,1635523476140,2021-10-29T16:04:36.140Z,buy,3.75e-06,78.0,0.0002925
BRD/BTC,1635523500549,2021-10-29T16:05:00.549Z,sell,3.73e-06,201.0,0.00074973
BRD/BTC,1635524059736,2021-10-29T16:14:19.736Z,sell,3.73e-06,430.0,0.0016039
BRD/BTC,1635524092276,2021-10-29T16:14:52.276Z,sell,3.73e-06,99.0,0.00036927
BRD/BTC,1635524116265,2021-10-29T16:15:16.265Z,sell,3.73e-06,2399.0,0.00894827
BRD/BTC,1635524116423,2021-10-29T16:15:16.423Z,sell,3.73e-06,1199.0,0.0044722699999999995
BRD/BTC,1635524116904,2021-10-29T16:15:16.904Z,sell,3.73e-06,600.0,0.002238
BRD/BTC,1635524116957,2021-10-29T16:15:16.957Z,sell,3.73e-06,300.0,0.001119
BRD/BTC,1635524117103,2021-10-29T16:15:17.103Z,sell,3.73e-06,150.0,0.0005595
BRD/BTC,1635524117158,2021-10-29T16:15:17.158Z,sell,3.73e-06,150.0,0.0005595
BRD/BTC,1635524118401,2021-10-29T16:15:18.401Z,sell,3.73e-06,292.0,0.00108916
BRD/BTC,1635524789232,2021-10-29T16:26:29.232Z,buy,3.74e-06,1819.0,0.0068030600000000005
BRD/BTC,1635524792249,2021-10-29T16:26:32.249Z,buy,3.75e-06,1969.0,0.0073837500000000006
BRD/BTC,1635524795308,2021-10-29T16:26:35.308Z,buy,3.76e-06,3718.0,0.01397968
BRD/BTC,1635525006652,2021-10-29T16:30:06.652Z,sell,3.74e-06,3667.0,0.01371458
BRD/BTC,1635525008457,2021-10-29T16:30:08.457Z,buy,3.74e-06,268.0,0.0010023200000000001
BRD/BTC,1635525016984,2021-10-29T16:30:16.984Z,buy,3.74e-06,883.0,0.0033024200000000004
BRD/BTC,1635525103760,2021-10-29T16:31:43.760Z,buy,3.74e-06,31.0,0.00011594
BRD/BTC,1635525253265,2021-10-29T16:34:13.265Z,sell,3.73e-06,258.0,0.00096234
BRD/BTC,1635525524835,2021-10-29T16:38:44.835Z,sell,3.73e-06,474.0,0.00176802
BRD/BTC,1635525605907,2021-10-29T16:40:05.907Z,sell,3.73e-06,1316.0,0.0049086799999999995
BRD/BTC,1635525606064,2021-10-29T16:40:06.064Z,buy,3.73e-06,27.0,0.00010071
BRD/BTC,1635525626535,2021-10-29T16:40:26.535Z,buy,3.73e-06,3339.0,0.012454469999999999
BRD/BTC,1635525631303,2021-10-29T16:40:31.303Z,buy,3.74e-06,1383.0,0.0051724200000000005
BRD/BTC,1635525631308,2021-10-29T16:40:31.308Z,sell,3.74e-06,2188.0,0.00818312
BRD/BTC,1635525643444,2021-10-29T16:40:43.444Z,buy,3.75e-06,3818.0,0.0143175
BRD/BTC,1635525643504,2021-10-29T16:40:43.504Z,sell,3.75e-06,190.0,0.0007125
BRD/BTC,1635525680255,2021-10-29T16:41:20.255Z,sell,3.73e-06,4039.0,0.01506547
BRD/BTC,1635525683836,2021-10-29T16:41:23.836Z,sell,3.73e-06,454.0,0.00169342
BRD/BTC,1635525937430,2021-10-29T16:45:37.430Z,buy,3.75e-06,216.0,0.0008100000000000001
BRD/BTC,1635526113613,2021-10-29T16:48:33.613Z,buy,3.75e-06,3526.0,0.0132225
BRD/BTC,1635526113617,2021-10-29T16:48:33.617Z,sell,3.75e-06,4582.0,0.0171825
BRD/BTC,1635526113878,2021-10-29T16:48:33.878Z,buy,3.73e-06,2050.0,0.0076465
BRD/BTC,1635526123866,2021-10-29T16:48:43.866Z,buy,3.73e-06,277.0,0.00103321
BRD/BTC,1635526272992,2021-10-29T16:51:12.992Z,sell,3.73e-06,1755.0,0.00654615
BRD/BTC,1635526272992,2021-10-29T16:51:12.992Z,sell,3.72e-06,24750.0,0.09207
BRD/BTC,1635526371660,2021-10-29T16:52:51.660Z,sell,3.73e-06,108.0,0.00040284
BRD/BTC,1635526371660,2021-10-29T16:52:51.660Z,sell,3.72e-06,1971.0,0.00733212
BRD/BTC,1635526420652,2021-10-29T16:53:40.652Z,sell,3.72e-06,500.0,0.0018599999999999999
BRD/BTC,1635526420652,2021-10-29T16:53:40.652Z,sell,3.72e-06,500.0,0.0018599999999999999
BRD/BTC,1635526829453,2021-10-29T17:00:29.453Z,sell,3.73e-06,534.0,0.00199182
BRD/BTC,1635527075187,2021-10-29T17:04:35.187Z,buy,3.75e-06,100.0,0.000375
BRD/BTC,1635527306248,2021-10-29T17:08:26.248Z,sell,3.72e-06,146.0,0.00054312
BRD/BTC,1635527587536,2021-10-29T17:13:07.536Z,sell,3.72e-06,542.0,0.00201624
BRD/BTC,1635528283272,2021-10-29T17:24:43.272Z,sell,3.72e-06,1703.0,0.00633516
BRD/BTC,1635528575042,2021-10-29T17:29:35.042Z,sell,3.72e-06,883.0,0.00328476
BRD/BTC,1635528669915,2021-10-29T17:31:09.915Z,sell,3.72e-06,4680.0,0.0174096
BRD/BTC,1635528984590,2021-10-29T17:36:24.590Z,sell,3.72e-06,534.0,0.00198648
BRD/BTC,1635529301895,2021-10-29T17:41:41.895Z,sell,3.72e-06,423.0,0.0015735599999999999
BRD/BTC,1635529492845,2021-10-29T17:44:52.845Z,buy,3.74e-06,3879.0,0.014507460000000002
BRD/BTC,1635529493347,2021-10-29T17:44:53.347Z,sell,3.74e-06,1206.0,0.00451044
BRD/BTC,1635529612924,2021-10-29T17:46:52.924Z,buy,3.75e-06,27273.0,0.10227375
BRD/BTC,1635529687547,2021-10-29T17:48:07.547Z,sell,3.74e-06,163.0,0.0006096200000000001
BRD/BTC,1635529687547,2021-10-29T17:48:07.547Z,sell,3.74e-06,163.0,0.0006096200000000001
BRD/BTC,1635530152894,2021-10-29T17:55:52.894Z,sell,3.74e-06,224.0,0.00083776
BRD/BTC,1635530253501,2021-10-29T17:57:33.501Z,buy,3.75e-06,30.0,0.0001125
BRD/BTC,1635530257581,2021-10-29T17:57:37.581Z,sell,3.74e-06,40.0,0.0001496
BRD/BTC,1635530415136,2021-10-29T18:00:15.136Z,buy,3.75e-06,16209.0,0.060783750000000004
BRD/BTC,1635530415998,2021-10-29T18:00:15.998Z,buy,3.75e-06,53.0,0.00019875
BRD/BTC,1635530692627,2021-10-29T18:04:52.627Z,sell,3.74e-06,13206.0,0.04939044
BRD/BTC,1635530692627,2021-10-29T18:04:52.627Z,sell,3.73e-06,2104.0,0.00784792
BRD/BTC,1635530692627,2021-10-29T18:04:52.627Z,sell,3.72e-06,14365.0,0.0534378
BRD/BTC,1635530805979,2021-10-29T18:06:45.979Z,buy,3.74e-06,563.0,0.0021056200000000003
BRD/BTC,1635531039386,2021-10-29T18:10:39.386Z,buy,3.74e-06,494.0,0.00184756
BRD/BTC,1635531077897,2021-10-29T18:11:17.897Z,sell,3.72e-06,5507.0,0.02048604
BRD/BTC,1635531077897,2021-10-29T18:11:17.897Z,sell,3.71e-06,22301.0,0.08273671
BRD/BTC,1635531331118,2021-10-29T18:15:31.118Z,buy,3.73e-06,5510.0,0.0205523
BRD/BTC,1635531331118,2021-10-29T18:15:31.118Z,buy,3.74e-06,1487.0,0.00556138
BRD/BTC,1635531331118,2021-10-29T18:15:31.118Z,buy,3.75e-06,7754.0,0.0290775
BRD/BTC,1635531387756,2021-10-29T18:16:27.756Z,buy,3.76e-06,37.0,0.00013912
BRD/BTC,1635531440459,2021-10-29T18:17:20.459Z,buy,3.76e-06,37.0,0.00013912
BRD/BTC,1635531488396,2021-10-29T18:18:08.396Z,buy,3.76e-06,41.0,0.00015416
BRD/BTC,1635531579348,2021-10-29T18:19:39.348Z,buy,3.76e-06,83.0,0.00031208
BRD/BTC,1635531665984,2021-10-29T18:21:05.984Z,buy,3.76e-06,45.0,0.0001692
BRD/BTC,1635531799022,2021-10-29T18:23:19.022Z,buy,3.76e-06,486.0,0.00182736
BRD/BTC,1635531909648,2021-10-29T18:25:09.648Z,buy,3.76e-06,1325.0,0.004982
BRD/BTC,1635532050594,2021-10-29T18:27:30.594Z,sell,3.75e-06,158.0,0.0005925
BRD/BTC,1635532261668,2021-10-29T18:31:01.668Z,buy,3.76e-06,32.0,0.00012032
BRD/BTC,1635532732197,2021-10-29T18:38:52.197Z,sell,3.75e-06,265.0,0.00099375
BRD/BTC,1635532898356,2021-10-29T18:41:38.356Z,sell,3.75e-06,500.0,0.0018750000000000001
BRD/BTC,1635532926427,2021-10-29T18:42:06.427Z,buy,3.76e-06,500.0,0.00188
BRD/BTC,1635532953091,2021-10-29T18:42:33.091Z,buy,3.76e-06,500.0,0.00188
BRD/BTC,1635533157209,2021-10-29T18:45:57.209Z,buy,3.77e-06,20072.0,0.07567143999999999
BRD/BTC,1635533157217,2021-10-29T18:45:57.217Z,sell,3.77e-06,863.0,0.00325351
BRD/BTC,1635533157227,2021-10-29T18:45:57.227Z,sell,3.77e-06,97.0,0.00036569
BRD/BTC,1635533157227,2021-10-29T18:45:57.227Z,sell,3.77e-06,97.0,0.00036569
BRD/BTC,1635533164271,2021-10-29T18:46:04.271Z,sell,3.77e-06,360.0,0.0013572
BRD/BTC,1635533240322,2021-10-29T18:47:20.322Z,buy,3.78e-06,3500.0,0.013229999999999999
BRD/BTC,1635533240333,2021-10-29T18:47:20.333Z,sell,3.78e-06,874.0,0.00330372
BRD/BTC,1635533240352,2021-10-29T18:47:20.352Z,sell,3.78e-06,291.0,0.00109998
BRD/BTC,1635533240596,2021-10-29T18:47:20.596Z,sell,3.78e-06,868.0,0.00328104
BRD/BTC,1635533240596,2021-10-29T18:47:20.596Z,sell,3.76e-06,755.0,0.0028388
BRD/BTC,1635533240596,2021-10-29T18:47:20.596Z,sell,3.78e-06,868.0,0.00328104
BRD/BTC,1635533240596,2021-10-29T18:47:20.596Z,sell,3.76e-06,755.0,0.0028388
BRD/BTC,1635533889093,2021-10-29T18:58:09.093Z,sell,3.76e-06,453.0,0.00170328
BRD/BTC,1635534278019,2021-10-29T19:04:38.019Z,buy,3.77e-06,27.0,0.00010179
BRD/BTC,1635534409252,2021-10-29T19:06:49.252Z,buy,3.77e-06,154.0,0.00058058
BRD/BTC,1635534789320,2021-10-29T19:13:09.320Z,sell,3.76e-06,31.0,0.00011656
BRD/BTC,1635534960141,2021-10-29T19:16:00.141Z,buy,3.77e-06,323.0,0.0012177099999999999
BRD/BTC,1635535252661,2021-10-29T19:20:52.661Z,buy,3.79e-06,80.0,0.0003032
BRD/BTC,1635535511061,2021-10-29T19:25:11.061Z,sell,3.77e-06,91.0,0.00034307
BRD/BTC,1635535628845,2021-10-29T19:27:08.845Z,buy,3.78e-06,53.0,0.00020034
BRD/BTC,1635535801791,2021-10-29T19:30:01.791Z,sell,3.77e-06,45.0,0.00016965
BRD/BTC,1635535801791,2021-10-29T19:30:01.791Z,sell,3.76e-06,962.0,0.00361712
BRD/BTC,1635536690445,2021-10-29T19:44:50.445Z,buy,3.79e-06,1697.0,0.00643163
BRD/BTC,1635536768766,2021-10-29T19:46:08.766Z,sell,3.76e-06,527.0,0.00198152
BRD/BTC,1635536768766,2021-10-29T19:46:08.766Z,sell,3.76e-06,527.0,0.00198152
BRD/BTC,1635536950889,2021-10-29T19:49:10.889Z,buy,3.79e-06,215.0,0.00081485
BRD/BTC,1635536961964,2021-10-29T19:49:21.964Z,buy,3.79e-06,207.0,0.0007845300000000001
BRD/BTC,1635537293383,2021-10-29T19:54:53.383Z,buy,3.79e-06,38.0,0.00014402
BRD/BTC,1635537639045,2021-10-29T20:00:39.045Z,buy,3.79e-06,374.0,0.00141746
BRD/BTC,1635537749518,2021-10-29T20:02:29.518Z,buy,3.79e-06,136.0,0.00051544
BRD/BTC,1635538113884,2021-10-29T20:08:33.884Z,buy,3.79e-06,791.0,0.00299789
BRD/BTC,1635538154836,2021-10-29T20:09:14.836Z,buy,3.79e-06,31.0,0.00011749
BRD/BTC,1635538372289,2021-10-29T20:12:52.289Z,sell,3.77e-06,3772.0,0.014220439999999999
BRD/BTC,1635538372289,2021-10-29T20:12:52.289Z,sell,3.76e-06,2900.0,0.010904
BRD/BTC,1635538372289,2021-10-29T20:12:52.289Z,sell,3.75e-06,23072.0,0.08652
BRD/BTC,1635538498094,2021-10-29T20:14:58.094Z,sell,3.76e-06,110.0,0.0004136
BRD/BTC,1635538708243,2021-10-29T20:18:28.243Z,buy,3.78e-06,2468.0,0.00932904
BRD/BTC,1635538708286,2021-10-29T20:18:28.286Z,buy,3.78e-06,1234.0,0.00466452
BRD/BTC,1635538708939,2021-10-29T20:18:28.939Z,buy,3.78e-06,247.0,0.00093366
BRD/BTC,1635539035397,2021-10-29T20:23:55.397Z,buy,3.78e-06,247.0,0.00093366
BRD/BTC,1635539118392,2021-10-29T20:25:18.392Z,buy,3.78e-06,319.0,0.00120582
BRD/BTC,1635539533137,2021-10-29T20:32:13.137Z,sell,3.76e-06,277.0,0.00104152
BRD/BTC,1635539736146,2021-10-29T20:35:36.146Z,sell,3.76e-06,1811.0,0.00680936
BRD/BTC,1635539789087,2021-10-29T20:36:29.087Z,buy,3.76e-06,326.0,0.00122576
BRD/BTC,1635539897434,2021-10-29T20:38:17.434Z,buy,3.76e-06,239.0,0.00089864
BRD/BTC,1635540102088,2021-10-29T20:41:42.088Z,buy,3.76e-06,291.0,0.00109416
BRD/BTC,1635540102088,2021-10-29T20:41:42.088Z,buy,3.76e-06,291.0,0.00109416
BRD/BTC,1635540414558,2021-10-29T20:46:54.558Z,buy,3.76e-06,265.0,0.0009964
BRD/BTC,1635540416989,2021-10-29T20:46:56.989Z,buy,3.76e-06,1917.0,0.00720792
BRD/BTC,1635540417039,2021-10-29T20:46:57.039Z,buy,3.76e-06,996.0,0.00374496
BRD/BTC,1635540417091,2021-10-29T20:46:57.091Z,buy,3.76e-06,498.0,0.00187248
BRD/BTC,1635540417144,2021-10-29T20:46:57.144Z,buy,3.76e-06,249.0,0.00093624
BRD/BTC,1635540418139,2021-10-29T20:46:58.139Z,buy,3.76e-06,291.0,0.00109416
BRD/BTC,1635540506736,2021-10-29T20:48:26.736Z,sell,3.75e-06,3198.0,0.0119925
BRD/BTC,1635540506736,2021-10-29T20:48:26.736Z,sell,3.74e-06,1198.0,0.00448052
BRD/BTC,1635540677811,2021-10-29T20:51:17.811Z,buy,3.76e-06,1330.0,0.0050008
BRD/BTC,1635540679374,2021-10-29T20:51:19.374Z,buy,3.76e-06,266.0,0.00100016
BRD/BTC,1635541125217,2021-10-29T20:58:45.217Z,sell,3.74e-06,103.0,0.00038522000000000003
BRD/BTC,1635541175017,2021-10-29T20:59:35.017Z,sell,3.74e-06,776.0,0.00290224
BRD/BTC,1635541276107,2021-10-29T21:01:16.107Z,sell,3.74e-06,1759.0,0.00657866
BRD/BTC,1635541296952,2021-10-29T21:01:36.952Z,sell,3.74e-06,2463.0,0.00921162
BRD/BTC,1635541296992,2021-10-29T21:01:36.992Z,buy,3.74e-06,190.0,0.0007106
BRD/BTC,1635541576003,2021-10-29T21:06:16.003Z,buy,3.74e-06,405.0,0.0015147000000000001
BRD/BTC,1635541576078,2021-10-29T21:06:16.078Z,buy,3.74e-06,1190.0,0.0044506
BRD/BTC,1635541576095,2021-10-29T21:06:16.095Z,buy,3.74e-06,759.0,0.0028386600000000002
BRD/BTC,1635541576138,2021-10-29T21:06:16.138Z,buy,3.74e-06,287.0,0.00107338
BRD/BTC,1635541803601,2021-10-29T21:10:03.601Z,sell,3.73e-06,4036.0,0.01505428
BRD/BTC,1635541804392,2021-10-29T21:10:04.392Z,sell,3.73e-06,28.0,0.00010444
BRD/BTC,1635541834987,2021-10-29T21:10:34.987Z,sell,3.73e-06,373.0,0.0013912899999999999
BRD/BTC,1635541971055,2021-10-29T21:12:51.055Z,buy,3.74e-06,807.0,0.00301818
BRD/BTC,1635542414742,2021-10-29T21:20:14.742Z,sell,3.72e-06,198.0,0.00073656
BRD/BTC,1635542496736,2021-10-29T21:21:36.736Z,buy,3.73e-06,385.0,0.00143605
BRD/BTC,1635542666777,2021-10-29T21:24:26.777Z,buy,3.74e-06,54.0,0.00020196
BRD/BTC,1635542971450,2021-10-29T21:29:31.450Z,sell,3.72e-06,4967.0,0.01847724
BRD/BTC,1635542971450,2021-10-29T21:29:31.450Z,sell,3.72e-06,4967.0,0.01847724
BRD/BTC,1635543728591,2021-10-29T21:42:08.591Z,buy,3.74e-06,245.0,0.0009163000000000001
BRD/BTC,1635544416025,2021-10-29T21:53:36.025Z,buy,3.73e-06,246.0,0.00091758
BRD/BTC,1635544464715,2021-10-29T21:54:24.715Z,buy,3.73e-06,506.0,0.00188738
BRD/BTC,1635544464715,2021-10-29T21:54:24.715Z,buy,3.74e-06,458.0,0.0017129200000000002
BRD/BTC,1635544802934,2021-10-29T22:00:02.934Z,sell,3.72e-06,60.0,0.0002232
BRD/BTC,1635544915038,2021-10-29T22:01:55.038Z,buy,3.74e-06,530.0,0.0019822
BRD/BTC,1635544915781,2021-10-29T22:01:55.781Z,buy,3.74e-06,28.0,0.00010472
BRD/BTC,1635544978653,2021-10-29T22:02:58.653Z,sell,3.72e-06,713.0,0.00265236
BRD/BTC,1635545081260,2021-10-29T22:04:41.260Z,buy,3.74e-06,60.0,0.0002244
BRD/BTC,1635545795850,2021-10-29T22:16:35.850Z,sell,3.72e-06,171.0,0.00063612
BRD/BTC,1635545941410,2021-10-29T22:19:01.410Z,sell,3.72e-06,138.0,0.00051336
BRD/BTC,1635546173659,2021-10-29T22:22:53.659Z,sell,3.72e-06,336.0,0.00124992
BRD/BTC,1635546501296,2021-10-29T22:28:21.296Z,sell,3.72e-06,50.0,0.000186
BRD/BTC,1635546501296,2021-10-29T22:28:21.296Z,sell,3.72e-06,50.0,0.000186
BRD/BTC,1635547739539,2021-10-29T22:48:59.539Z,buy,3.74e-06,142.0,0.0005310800000000001
BRD/BTC,1635547783315,2021-10-29T22:49:43.315Z,sell,3.72e-06,1236.0,0.00459792
BRD/BTC,1635547783359,2021-10-29T22:49:43.359Z,sell,3.72e-06,1509.0,0.00561348
BRD/BTC,1635547971186,2021-10-29T22:52:51.186Z,sell,3.72e-06,172.0,0.00063984
BRD/BTC,1635548344845,2021-10-29T22:59:04.845Z,buy,3.74e-06,41.0,0.00015334000000000002
BRD/BTC,1635548396041,2021-10-29T22:59:56.041Z,buy,3.74e-06,1781.0,0.006660940000000001
BRD/BTC,1635548671835,2021-10-29T23:04:31.835Z,buy,3.75e-06,94.0,0.0003525
BRD/BTC,1635549075373,2021-10-29T23:11:15.373Z,buy,3.75e-06,32.0,0.00012
BRD/BTC,1635549389335,2021-10-29T23:16:29.335Z,buy,3.75e-06,3214.0,0.0120525
BRD/BTC,1635549424823,2021-10-29T23:17:04.823Z,buy,3.75e-06,65.0,0.00024375000000000002
BRD/BTC,1635549424823,2021-10-29T23:17:04.823Z,buy,3.76e-06,34.0,0.00012784
BRD/BTC,1635549501403,2021-10-29T23:18:21.403Z,sell,3.73e-06,141.0,0.00052593
BRD/BTC,1635549604943,2021-10-29T23:20:04.943Z,buy,3.76e-06,27.0,0.00010152
BRD/BTC,1635550095398,2021-10-29T23:28:15.398Z,sell,3.73e-06,36.0,0.00013428
BRD/BTC,1635550095398,2021-10-29T23:28:15.398Z,sell,3.73e-06,36.0,0.00013428
BRD/BTC,1635550261277,2021-10-29T23:31:01.277Z,buy,3.76e-06,32.0,0.00012032
BRD/BTC,1635550435787,2021-10-29T23:33:55.787Z,sell,3.73e-06,3200.0,0.011935999999999999
BRD/BTC,1635550646988,2021-10-29T23:37:26.988Z,sell,3.72e-06,98.0,0.00036456
BRD/BTC,1635550791085,2021-10-29T23:39:51.085Z,buy,3.75e-06,124.0,0.000465
BRD/BTC,1635550934808,2021-10-29T23:42:14.808Z,sell,3.72e-06,4566.0,0.01698552
BRD/BTC,1635550934816,2021-10-29T23:42:14.816Z,buy,3.72e-06,1465.0,0.0054498
BRD/BTC,1635550934839,2021-10-29T23:42:14.839Z,buy,3.72e-06,779.0,0.00289788
BRD/BTC,1635551151855,2021-10-29T23:45:51.855Z,sell,3.73e-06,1189.0,0.00443497
BRD/BTC,1635551151855,2021-10-29T23:45:51.855Z,sell,3.72e-06,1260.0,0.0046872
BRD/BTC,1635551310591,2021-10-29T23:48:30.591Z,sell,3.71e-06,2671.0,0.00990941
BRD/BTC,1635551359946,2021-10-29T23:49:19.946Z,sell,3.71e-06,143.0,0.00053053
BRD/BTC,1635551959949,2021-10-29T23:59:19.949Z,sell,3.71e-06,28507.0,0.10576097
BRD/BTC,1635551959949,2021-10-29T23:59:19.949Z,sell,3.7e-06,1493.0,0.0055241000000000005
BRD/BTC,1635551963553,2021-10-29T23:59:23.553Z,buy,3.72e-06,59.0,0.00021948
BRD/BTC,1635552135144,2021-10-30T00:02:15.144Z,buy,3.73e-06,1097.0,0.0040918099999999995
BRD/BTC,1635552136296,2021-10-30T00:02:16.296Z,buy,3.73e-06,309.0,0.00115257
BRD/BTC,1635552287298,2021-10-30T00:04:47.298Z,buy,3.73e-06,129.0,0.00048117
BRD/BTC,1635552329654,2021-10-30T00:05:29.654Z,buy,3.73e-06,9.0,3.357e-05
BRD/BTC,1635552407483,2021-10-30T00:06:47.483Z,sell,3.71e-06,2778.0,0.01030638
BRD/BTC,1635552407483,2021-10-30T00:06:47.483Z,sell,3.7e-06,732.0,0.0027084
BRD/BTC,1635552871314,2021-10-30T00:14:31.314Z,sell,3.71e-06,1000.0,0.00371
BRD/BTC,1635552871538,2021-10-30T00:14:31.538Z,buy,3.72e-06,31.0,0.00011532
BRD/BTC,1635552871538,2021-10-30T00:14:31.538Z,buy,3.72e-06,31.0,0.00011532
BRD/BTC,1635554412810,2021-10-30T00:40:12.810Z,sell,3.7e-06,50.0,0.000185
BRD/BTC,1635554547494,2021-10-30T00:42:27.494Z,sell,3.7e-06,2545.0,0.0094165
BRD/BTC,1635554615784,2021-10-30T00:43:35.784Z,sell,3.7e-06,95.0,0.00035150000000000003
BRD/BTC,1635554684847,2021-10-30T00:44:44.847Z,sell,3.7e-06,1401.0,0.0051837
BRD/BTC,1635555105069,2021-10-30T00:51:45.069Z,sell,3.7e-06,3280.0,0.012136000000000001
BRD/BTC,1635555192567,2021-10-30T00:53:12.567Z,sell,3.7e-06,81.0,0.0002997
BRD/BTC,1635555891258,2021-10-30T01:04:51.258Z,buy,3.72e-06,288.0,0.00107136
BRD/BTC,1635555952638,2021-10-30T01:05:52.638Z,buy,3.72e-06,214.0,0.00079608
BRD/BTC,1635555952638,2021-10-30T01:05:52.638Z,buy,3.72e-06,214.0,0.00079608
BRD/BTC,1635556886995,2021-10-30T01:21:26.995Z,buy,3.72e-06,35.0,0.0001302
BRD/BTC,1635557604977,2021-10-30T01:33:24.977Z,sell,3.7e-06,1418.0,0.005246600000000001
BRD/BTC,1635557682977,2021-10-30T01:34:42.977Z,buy,3.72e-06,28.0,0.00010416
BRD/BTC,1635557877233,2021-10-30T01:37:57.233Z,sell,3.7e-06,3282.0,0.0121434
BRD/BTC,1635557953844,2021-10-30T01:39:13.844Z,sell,3.7e-06,1097.0,0.0040589
BRD/BTC,1635558191694,2021-10-30T01:43:11.694Z,buy,3.72e-06,97.0,0.00036084
BRD/BTC,1635558665625,2021-10-30T01:51:05.625Z,sell,3.7e-06,96.0,0.0003552
BRD/BTC,1635558758057,2021-10-30T01:52:38.057Z,sell,3.7e-06,309.0,0.0011433
BRD/BTC,1635559148930,2021-10-30T01:59:08.930Z,sell,3.7e-06,59.0,0.00021830000000000002
BRD/BTC,1635559487038,2021-10-30T02:04:47.038Z,buy,3.72e-06,91.0,0.00033852
BRD/BTC,1635559487038,2021-10-30T02:04:47.038Z,buy,3.72e-06,91.0,0.00033852
BRD/BTC,1635559667094,2021-10-30T02:07:47.094Z,buy,3.72e-06,188.0,0.00069936
BRD/BTC,1635559686064,2021-10-30T02:08:06.064Z,buy,3.72e-06,188.0,0.00069936
BRD/BTC,1635561877148,2021-10-30T02:44:37.148Z,sell,3.7e-06,32.0,0.0001184
BRD/BTC,1635561918942,2021-10-30T02:45:18.942Z,sell,3.7e-06,520.0,0.0019240000000000001
BRD/BTC,1635562225240,2021-10-30T02:50:25.240Z,sell,3.7e-06,446.0,0.0016502
BRD/BTC,1635562356397,2021-10-30T02:52:36.397Z,sell,3.7e-06,136.0,0.0005032
BRD/BTC,1635562396151,2021-10-30T02:53:16.151Z,sell,3.7e-06,325.0,0.0012025
BRD/BTC,1635562695896,2021-10-30T02:58:15.896Z,buy,3.72e-06,250.0,0.0009299999999999999
BRD/BTC,1635563065797,2021-10-30T03:04:25.797Z,buy,3.72e-06,63.0,0.00023436
BRD/BTC,1635563065797,2021-10-30T03:04:25.797Z,buy,3.72e-06,63.0,0.00023436
BRD/BTC,1635563095353,2021-10-30T03:04:55.353Z,sell,3.7e-06,210.0,0.000777
BRD/BTC,1635563584328,2021-10-30T03:13:04.328Z,sell,3.7e-06,1579.0,0.0058423
BRD/BTC,1635565351669,2021-10-30T03:42:31.669Z,buy,3.72e-06,63.0,0.00023436
BRD/BTC,1635565506472,2021-10-30T03:45:06.472Z,sell,3.7e-06,951.0,0.0035187
BRD/BTC,1635565506472,2021-10-30T03:45:06.472Z,sell,3.7e-06,951.0,0.0035187
BRD/BTC,1635566689784,2021-10-30T04:04:49.784Z,buy,3.72e-06,125.0,0.00046499999999999997
BRD/BTC,1635567308526,2021-10-30T04:15:08.526Z,sell,3.7e-06,235.0,0.0008695
BRD/BTC,1635567661761,2021-10-30T04:21:01.761Z,sell,3.7e-06,26995.0,0.0998815
BRD/BTC,1635569073456,2021-10-30T04:44:33.456Z,sell,3.7e-06,900.0,0.00333
BRD/BTC,1635569073456,2021-10-30T04:44:33.456Z,sell,3.7e-06,900.0,0.00333
BRD/BTC,1635569438708,2021-10-30T04:50:38.708Z,sell,3.7e-06,2414.0,0.0089318
BRD/BTC,1635570258884,2021-10-30T05:04:18.884Z,buy,3.72e-06,32.0,0.00011904
BRD/BTC,1635570731663,2021-10-30T05:12:11.663Z,buy,3.72e-06,1110.0,0.0041291999999999995
BRD/BTC,1635570731663,2021-10-30T05:12:11.663Z,buy,3.73e-06,3747.0,0.013976309999999999
BRD/BTC,1635570731663,2021-10-30T05:12:11.663Z,buy,3.74e-06,13719.0,0.051309060000000004
BRD/BTC,1635571075796,2021-10-30T05:17:55.796Z,buy,3.74e-06,4642.0,0.01736108
BRD/BTC,1635571712654,2021-10-30T05:28:32.654Z,sell,3.72e-06,293.0,0.00108996
BRD/BTC,1635572504550,2021-10-30T05:41:44.550Z,sell,3.73e-06,779.0,0.00290567
BRD/BTC,1635572504550,2021-10-30T05:41:44.550Z,sell,3.72e-06,1377.0,0.00512244
BRD/BTC,1635572504550,2021-10-30T05:41:44.550Z,sell,3.73e-06,779.0,0.00290567
BRD/BTC,1635572504550,2021-10-30T05:41:44.550Z,sell,3.72e-06,1377.0,0.00512244
BRD/BTC,1635573257448,2021-10-30T05:54:17.448Z,buy,3.74e-06,3786.0,0.014159640000000001
BRD/BTC,1635573257448,2021-10-30T05:54:17.448Z,buy,3.75e-06,1106.0,0.0041475
BRD/BTC,1635573413893,2021-10-30T05:56:53.893Z,sell,3.72e-06,247.0,0.00091884
BRD/BTC,1635573889446,2021-10-30T06:04:49.446Z,buy,3.75e-06,133.0,0.0004987500000000001
BRD/BTC,1635574422661,2021-10-30T06:13:42.661Z,buy,3.75e-06,40.0,0.00015000000000000001
BRD/BTC,1635574707837,2021-10-30T06:18:27.837Z,sell,3.72e-06,2484.0,0.00924048
BRD/BTC,1635574707837,2021-10-30T06:18:27.837Z,sell,3.71e-06,6893.0,0.02557303
BRD/BTC,1635574707837,2021-10-30T06:18:27.837Z,sell,3.7e-06,8509.0,0.0314833
BRD/BTC,1635574939546,2021-10-30T06:22:19.546Z,sell,3.71e-06,312.0,0.00115752
BRD/BTC,1635575328058,2021-10-30T06:28:48.058Z,sell,3.71e-06,462.0,0.0017140200000000001
BRD/BTC,1635575682890,2021-10-30T06:34:42.890Z,buy,3.73e-06,597.0,0.00222681
BRD/BTC,1635575829654,2021-10-30T06:37:09.654Z,buy,3.73e-06,32.0,0.00011936
BRD/BTC,1635575955614,2021-10-30T06:39:15.614Z,sell,3.71e-06,2711.0,0.01005781
BRD/BTC,1635575993994,2021-10-30T06:39:53.994Z,sell,3.71e-06,1287.0,0.00477477
BRD/BTC,1635575993994,2021-10-30T06:39:53.994Z,sell,3.71e-06,1287.0,0.00477477
BRD/BTC,1635576960173,2021-10-30T06:56:00.173Z,buy,3.73e-06,1006.0,0.00375238
BRD/BTC,1635577493835,2021-10-30T07:04:53.835Z,buy,3.73e-06,982.0,0.00366286
BRD/BTC,1635578668962,2021-10-30T07:24:28.962Z,sell,3.71e-06,54.0,0.00020034
BRD/BTC,1635578809798,2021-10-30T07:26:49.798Z,sell,3.71e-06,2567.0,0.00952357
BRD/BTC,1635578809798,2021-10-30T07:26:49.798Z,sell,3.7e-06,5976.0,0.0221112
BRD/BTC,1635578878996,2021-10-30T07:27:58.996Z,buy,3.72e-06,47.0,0.00017484
BRD/BTC,1635578878996,2021-10-30T07:27:58.996Z,buy,3.73e-06,632.0,0.0023573599999999998
BRD/BTC,1635578973112,2021-10-30T07:29:33.112Z,buy,3.73e-06,864.0,0.00322272
BRD/BTC,1635578973112,2021-10-30T07:29:33.112Z,buy,3.73e-06,864.0,0.00322272
BRD/BTC,1635580817794,2021-10-30T08:00:17.794Z,sell,3.7e-06,183.0,0.0006771
BRD/BTC,1635581018765,2021-10-30T08:03:38.765Z,buy,3.73e-06,270.0,0.0010071
BRD/BTC,1635581019187,2021-10-30T08:03:39.187Z,buy,3.73e-06,322.0,0.0012010599999999999
BRD/BTC,1635581022105,2021-10-30T08:03:42.105Z,buy,3.74e-06,40.0,0.0001496
BRD/BTC,1635581473027,2021-10-30T08:11:13.027Z,buy,3.74e-06,65.0,0.0002431
BRD/BTC,1635581778793,2021-10-30T08:16:18.793Z,sell,3.71e-06,140.0,0.0005194
BRD/BTC,1635581778793,2021-10-30T08:16:18.793Z,sell,3.71e-06,140.0,0.0005194
BRD/BTC,1635583481864,2021-10-30T08:44:41.864Z,sell,3.71e-06,1693.0,0.00628103
BRD/BTC,1635583481902,2021-10-30T08:44:41.902Z,sell,3.71e-06,846.0,0.00313866
BRD/BTC,1635583481960,2021-10-30T08:44:41.960Z,sell,3.71e-06,226.0,0.00083846
BRD/BTC,1635584002592,2021-10-30T08:53:22.592Z,sell,3.7e-06,951.0,0.0035187
BRD/BTC,1635584283384,2021-10-30T08:58:03.384Z,buy,3.72e-06,1832.0,0.00681504
BRD/BTC,1635584283384,2021-10-30T08:58:03.384Z,buy,3.73e-06,6248.0,0.02330504
BRD/BTC,1635584283384,2021-10-30T08:58:03.384Z,buy,3.74e-06,2442.0,0.00913308
BRD/BTC,1635584283384,2021-10-30T08:58:03.384Z,buy,3.75e-06,2688.0,0.01008
BRD/BTC,1635584283384,2021-10-30T08:58:03.384Z,buy,3.76e-06,8666.0,0.03258416
BRD/BTC,1635584283388,2021-10-30T08:58:03.388Z,sell,3.76e-06,188.0,0.00070688
BRD/BTC,1635584283389,2021-10-30T08:58:03.389Z,sell,3.76e-06,188.0,0.00070688
BRD/BTC,1635584283389,2021-10-30T08:58:03.389Z,sell,3.76e-06,188.0,0.00070688
BRD/BTC,1635584283389,2021-10-30T08:58:03.389Z,sell,3.76e-06,188.0,0.00070688
BRD/BTC,1635584283389,2021-10-30T08:58:03.389Z,sell,3.76e-06,188.0,0.00070688
BRD/BTC,1635584283389,2021-10-30T08:58:03.389Z,sell,3.76e-06,188.0,0.00070688
BRD/BTC,1635584283389,2021-10-30T08:58:03.389Z,sell,3.76e-06,3712.0,0.01395712
BRD/BTC,1635584283389,2021-10-30T08:58:03.389Z,sell,3.76e-06,3712.0,0.01395712
BRD/BTC,1635584283389,2021-10-30T08:58:03.389Z,sell,3.76e-06,188.0,0.00070688
BRD/BTC,1635584283389,2021-10-30T08:58:03.389Z,sell,3.76e-06,188.0,0.00070688
BRD/BTC,1635584283389,2021-10-30T08:58:03.389Z,sell,3.76e-06,188.0,0.00070688
BRD/BTC,1635584283390,2021-10-30T08:58:03.390Z,sell,3.76e-06,188.0,0.00070688
BRD/BTC,1635584283390,2021-10-30T08:58:03.390Z,sell,3.76e-06,188.0,0.00070688
BRD/BTC,1635584283390,2021-10-30T08:58:03.390Z,sell,3.76e-06,188.0,0.00070688
BRD/BTC,1635584283390,2021-10-30T08:58:03.390Z,sell,3.76e-06,188.0,0.00070688
BRD/BTC,1635584283390,2021-10-30T08:58:03.390Z,sell,3.76e-06,188.0,0.00070688
BRD/BTC,1635584283391,2021-10-30T08:58:03.391Z,sell,3.76e-06,188.0,0.00070688
BRD/BTC,1635584283391,2021-10-30T08:58:03.391Z,sell,3.76e-06,188.0,0.00070688
BRD/BTC,1635584283391,2021-10-30T08:58:03.391Z,sell,3.76e-06,188.0,0.00070688
BRD/BTC,1635584283391,2021-10-30T08:58:03.391Z,sell,3.76e-06,188.0,0.00070688
BRD/BTC,1635584283391,2021-10-30T08:58:03.391Z,sell,3.76e-06,188.0,0.00070688
BRD/BTC,1635584283391,2021-10-30T08:58:03.391Z,sell,3.76e-06,188.0,0.00070688
BRD/BTC,1635584283391,2021-10-30T08:58:03.391Z,sell,3.76e-06,188.0,0.00070688
BRD/BTC,1635584283392,2021-10-30T08:58:03.392Z,sell,3.76e-06,188.0,0.00070688
BRD/BTC,1635584283392,2021-10-30T08:58:03.392Z,sell,3.76e-06,188.0,0.00070688
BRD/BTC,1635584283392,2021-10-30T08:58:03.392Z,sell,3.76e-06,188.0,0.00070688
BRD/BTC,1635584283392,2021-10-30T08:58:03.392Z,sell,3.76e-06,188.0,0.00070688
BRD/BTC,1635584283392,2021-10-30T08:58:03.392Z,sell,3.76e-06,188.0,0.00070688
BRD/BTC,1635584283393,2021-10-30T08:58:03.393Z,sell,3.76e-06,188.0,0.00070688
BRD/BTC,1635584283393,2021-10-30T08:58:03.393Z,sell,3.76e-06,188.0,0.00070688
BRD/BTC,1635584283393,2021-10-30T08:58:03.393Z,sell,3.76e-06,188.0,0.00070688
BRD/BTC,1635584283393,2021-10-30T08:58:03.393Z,sell,3.76e-06,188.0,0.00070688
BRD/BTC,1635584283393,2021-10-30T08:58:03.393Z,sell,3.76e-06,188.0,0.00070688
BRD/BTC,1635584283393,2021-10-30T08:58:03.393Z,sell,3.76e-06,188.0,0.00070688
BRD/BTC,1635584283393,2021-10-30T08:58:03.393Z,sell,3.76e-06,188.0,0.00070688
BRD/BTC,1635584283394,2021-10-30T08:58:03.394Z,sell,3.76e-06,188.0,0.00070688
BRD/BTC,1635584283394,2021-10-30T08:58:03.394Z,sell,3.76e-06,188.0,0.00070688
BRD/BTC,1635584283394,2021-10-30T08:58:03.394Z,sell,3.76e-06,188.0,0.00070688
BRD/BTC,1635584283394,2021-10-30T08:58:03.394Z,sell,3.76e-06,188.0,0.00070688
BRD/BTC,1635584283394,2021-10-30T08:58:03.394Z,sell,3.76e-06,188.0,0.00070688
BRD/BTC,1635584283394,2021-10-30T08:58:03.394Z,sell,3.76e-06,188.0,0.00070688
BRD/BTC,1635584283395,2021-10-30T08:58:03.395Z,sell,3.76e-06,188.0,0.00070688
BRD/BTC,1635584283395,2021-10-30T08:58:03.395Z,sell,3.76e-06,188.0,0.00070688
BRD/BTC,1635584283396,2021-10-30T08:58:03.396Z,sell,3.76e-06,188.0,0.00070688
BRD/BTC,1635584283397,2021-10-30T08:58:03.397Z,sell,3.76e-06,188.0,0.00070688
BRD/BTC,1635584283397,2021-10-30T08:58:03.397Z,sell,3.76e-06,640.0,0.0024064
BRD/BTC,1635584283400,2021-10-30T08:58:03.400Z,sell,3.76e-06,188.0,0.00070688
BRD/BTC,1635584283400,2021-10-30T08:58:03.400Z,sell,3.76e-06,188.0,0.00070688
BRD/BTC,1635584283412,2021-10-30T08:58:03.412Z,sell,3.76e-06,535.0,0.0020116
BRD/BTC,1635584283413,2021-10-30T08:58:03.413Z,buy,3.77e-06,2250.0,0.0084825
BRD/BTC,1635584283413,2021-10-30T08:58:03.413Z,buy,3.78e-06,5146.0,0.019451879999999998
BRD/BTC,1635584343417,2021-10-30T08:59:03.417Z,buy,3.79e-06,1040.0,0.0039416
BRD/BTC,1635584351534,2021-10-30T08:59:11.534Z,sell,3.77e-06,53.0,0.00019981
BRD/BTC,1635584365958,2021-10-30T08:59:25.958Z,buy,3.79e-06,322.0,0.00122038
BRD/BTC,1635584380299,2021-10-30T08:59:40.299Z,buy,3.79e-06,161.0,0.00061019
BRD/BTC,1635584580721,2021-10-30T09:03:00.721Z,buy,3.79e-06,1449.0,0.00549171
BRD/BTC,1635584615512,2021-10-30T09:03:35.512Z,sell,3.77e-06,267.0,0.00100659
BRD/BTC,1635584631213,2021-10-30T09:03:51.213Z,sell,3.77e-06,402.0,0.00151554
BRD/BTC,1635584631359,2021-10-30T09:03:51.359Z,sell,3.77e-06,402.0,0.00151554
BRD/BTC,1635584631492,2021-10-30T09:03:51.492Z,sell,3.77e-06,328.0,0.00123656
BRD/BTC,1635584631680,2021-10-30T09:03:51.680Z,sell,3.77e-06,628.0,0.00236756
BRD/BTC,1635584631680,2021-10-30T09:03:51.680Z,sell,3.76e-06,328.0,0.00123328
BRD/BTC,1635584652514,2021-10-30T09:04:12.514Z,sell,3.76e-06,47.0,0.00017672
BRD/BTC,1635584675857,2021-10-30T09:04:35.857Z,sell,3.76e-06,832.0,0.00312832
BRD/BTC,1635584675857,2021-10-30T09:04:35.857Z,sell,3.76e-06,832.0,0.00312832
BRD/BTC,1635585646406,2021-10-30T09:20:46.406Z,buy,3.78e-06,312.0,0.00117936
BRD/BTC,1635585671993,2021-10-30T09:21:11.993Z,sell,3.76e-06,3426.0,0.01288176
BRD/BTC,1635585820726,2021-10-30T09:23:40.726Z,buy,3.78e-06,156.0,0.00058968
BRD/BTC,1635585890202,2021-10-30T09:24:50.202Z,buy,3.78e-06,80.0,0.0003024
BRD/BTC,1635586389055,2021-10-30T09:33:09.055Z,buy,3.78e-06,65.0,0.0002457
BRD/BTC,1635586389785,2021-10-30T09:33:09.785Z,buy,3.78e-06,28.0,0.00010583999999999999
BRD/BTC,1635586547939,2021-10-30T09:35:47.939Z,sell,3.76e-06,28.0,0.00010528
BRD/BTC,1635586634046,2021-10-30T09:37:14.046Z,buy,3.76e-06,124.0,0.00046624
BRD/BTC,1635586949421,2021-10-30T09:42:29.421Z,buy,3.78e-06,2696.0,0.01019088
BRD/BTC,1635586949421,2021-10-30T09:42:29.421Z,buy,3.79e-06,726.0,0.0027515400000000002
BRD/BTC,1635587028196,2021-10-30T09:43:48.196Z,buy,3.79e-06,2285.0,0.00866015
BRD/BTC,1635587028207,2021-10-30T09:43:48.207Z,sell,3.79e-06,344.0,0.00130376
BRD/BTC,1635587028211,2021-10-30T09:43:48.211Z,sell,3.79e-06,116.0,0.00043964000000000004
BRD/BTC,1635587028217,2021-10-30T09:43:48.217Z,sell,3.79e-06,116.0,0.00043964000000000004
BRD/BTC,1635587028343,2021-10-30T09:43:48.343Z,sell,3.79e-06,448.0,0.0016979200000000001
BRD/BTC,1635587033969,2021-10-30T09:43:53.969Z,sell,3.79e-06,124.0,0.00046996
BRD/BTC,1635587125054,2021-10-30T09:45:25.054Z,sell,3.79e-06,164.0,0.0006215600000000001
BRD/BTC,1635587366911,2021-10-30T09:49:26.911Z,sell,3.79e-06,83.0,0.00031457
BRD/BTC,1635587407750,2021-10-30T09:50:07.750Z,sell,3.79e-06,27.0,0.00010233
BRD/BTC,1635587472126,2021-10-30T09:51:12.126Z,buy,3.8e-06,423.0,0.0016074
BRD/BTC,1635588094151,2021-10-30T10:01:34.151Z,buy,3.8e-06,5013.0,0.0190494
BRD/BTC,1635588237351,2021-10-30T10:03:57.351Z,sell,3.79e-06,55.0,0.00020845
BRD/BTC,1635588237351,2021-10-30T10:03:57.351Z,sell,3.79e-06,55.0,0.00020845
BRD/BTC,1635588701336,2021-10-30T10:11:41.336Z,sell,3.79e-06,494.0,0.0018722600000000002
BRD/BTC,1635588710697,2021-10-30T10:11:50.697Z,sell,3.79e-06,82.0,0.00031078000000000003
BRD/BTC,1635588718217,2021-10-30T10:11:58.217Z,buy,3.8e-06,777.0,0.0029526
BRD/BTC,1635588718217,2021-10-30T10:11:58.217Z,buy,3.81e-06,10012.0,0.03814572
BRD/BTC,1635588802274,2021-10-30T10:13:22.274Z,sell,3.79e-06,930.0,0.0035247
BRD/BTC,1635589383730,2021-10-30T10:23:03.730Z,sell,3.79e-06,4039.0,0.01530781
BRD/BTC,1635589461983,2021-10-30T10:24:21.983Z,sell,3.78e-06,147.0,0.0005556599999999999
BRD/BTC,1635589466986,2021-10-30T10:24:26.986Z,sell,3.78e-06,268.0,0.00101304
BRD/BTC,1635589489097,2021-10-30T10:24:49.097Z,buy,3.8e-06,1229.0,0.0046702
BRD/BTC,1635589644756,2021-10-30T10:27:24.756Z,sell,3.78e-06,1227.0,0.004638059999999999
BRD/BTC,1635589991883,2021-10-30T10:33:11.883Z,sell,3.79e-06,1209.0,0.00458211
BRD/BTC,1635590212708,2021-10-30T10:36:52.708Z,buy,3.8e-06,1390.0,0.005282
BRD/BTC,1635590212720,2021-10-30T10:36:52.720Z,sell,3.8e-06,120.0,0.000456
BRD/BTC,1635590212846,2021-10-30T10:36:52.846Z,sell,3.8e-06,205.0,0.000779
BRD/BTC,1635590218618,2021-10-30T10:36:58.618Z,sell,3.8e-06,322.0,0.0012236
BRD/BTC,1635590218629,2021-10-30T10:36:58.629Z,sell,3.8e-06,40.0,0.000152
BRD/BTC,1635590218630,2021-10-30T10:36:58.630Z,sell,3.8e-06,53.0,0.0002014
BRD/BTC,1635590278161,2021-10-30T10:37:58.161Z,buy,3.81e-06,10272.0,0.03913632
BRD/BTC,1635590278374,2021-10-30T10:37:58.374Z,buy,3.82e-06,1660.0,0.0063412
BRD/BTC,1635590480565,2021-10-30T10:41:20.565Z,sell,3.8e-06,136.0,0.0005168
BRD/BTC,1635590518015,2021-10-30T10:41:58.015Z,sell,3.8e-06,1000.0,0.0038
BRD/BTC,1635590583355,2021-10-30T10:43:03.355Z,buy,3.8e-06,421.0,0.0015998
BRD/BTC,1635590585668,2021-10-30T10:43:05.668Z,sell,3.8e-06,30.0,0.000114
BRD/BTC,1635590643902,2021-10-30T10:44:03.902Z,buy,3.8e-06,456.0,0.0017328
BRD/BTC,1635591222794,2021-10-30T10:53:42.794Z,buy,3.81e-06,352.0,0.00134112
BRD/BTC,1635591368761,2021-10-30T10:56:08.761Z,buy,3.82e-06,240.0,0.0009168
BRD/BTC,1635591369281,2021-10-30T10:56:09.281Z,buy,3.82e-06,33.0,0.00012606
BRD/BTC,1635591418529,2021-10-30T10:56:58.529Z,sell,3.81e-06,260.0,0.0009906
BRD/BTC,1635591418529,2021-10-30T10:56:58.529Z,sell,3.8e-06,1564.0,0.0059432
BRD/BTC,1635591422033,2021-10-30T10:57:02.033Z,sell,3.8e-06,453.0,0.0017214
BRD/BTC,1635591441726,2021-10-30T10:57:21.726Z,buy,3.82e-06,3406.0,0.013010919999999999
BRD/BTC,1635591441726,2021-10-30T10:57:21.726Z,buy,3.83e-06,296.0,0.00113368
BRD/BTC,1635591496309,2021-10-30T10:58:16.309Z,sell,3.81e-06,3847.0,0.01465707
BRD/BTC,1635591535076,2021-10-30T10:58:55.076Z,buy,3.83e-06,404.0,0.0015473199999999998
BRD/BTC,1635591801777,2021-10-30T11:03:21.777Z,sell,3.8e-06,806.0,0.0030628
BRD/BTC,1635591802473,2021-10-30T11:03:22.473Z,buy,3.83e-06,28.0,0.00010724
BRD/BTC,1635591802473,2021-10-30T11:03:22.473Z,buy,3.83e-06,28.0,0.00010724
BRD/BTC,1635591845133,2021-10-30T11:04:05.133Z,sell,3.8e-06,104.0,0.0003952
BRD/BTC,1635592002672,2021-10-30T11:06:42.672Z,buy,3.83e-06,306.0,0.00117198
BRD/BTC,1635592032381,2021-10-30T11:07:12.381Z,buy,3.83e-06,316.0,0.00121028
BRD/BTC,1635592245452,2021-10-30T11:10:45.452Z,sell,3.8e-06,124.0,0.0004712
BRD/BTC,1635592499430,2021-10-30T11:14:59.430Z,sell,3.8e-06,173.0,0.0006574
BRD/BTC,1635592951115,2021-10-30T11:22:31.115Z,sell,3.8e-06,42.0,0.0001596
BRD/BTC,1635593179332,2021-10-30T11:26:19.332Z,buy,3.82e-06,62.0,0.00023684
BRD/BTC,1635593248400,2021-10-30T11:27:28.400Z,buy,3.83e-06,68.0,0.00026043999999999997
BRD/BTC,1635593402983,2021-10-30T11:30:02.983Z,buy,3.83e-06,146.0,0.0005591799999999999
BRD/BTC,1635593413524,2021-10-30T11:30:13.524Z,sell,3.81e-06,87.0,0.00033147
BRD/BTC,1635593456218,2021-10-30T11:30:56.218Z,buy,3.83e-06,1300.0,0.004979
BRD/BTC,1635593743820,2021-10-30T11:35:43.820Z,buy,3.83e-06,1104.0,0.00422832
BRD/BTC,1635593743829,2021-10-30T11:35:43.829Z,sell,3.83e-06,211.0,0.0008081299999999999
BRD/BTC,1635593743866,2021-10-30T11:35:43.866Z,sell,3.83e-06,1001.0,0.00383383
BRD/BTC,1635593743866,2021-10-30T11:35:43.866Z,sell,3.81e-06,110.0,0.0004191
BRD/BTC,1635593745375,2021-10-30T11:35:45.375Z,sell,3.81e-06,1330.0,0.0050673
BRD/BTC,1635593745392,2021-10-30T11:35:45.392Z,sell,3.81e-06,269.0,0.00102489
BRD/BTC,1635593745412,2021-10-30T11:35:45.412Z,sell,3.81e-06,266.0,0.0010134599999999999
BRD/BTC,1635594099056,2021-10-30T11:41:39.056Z,sell,3.82e-06,27.0,0.00010313999999999999
BRD/BTC,1635594221899,2021-10-30T11:43:41.899Z,buy,3.82e-06,1095.0,0.0041829
BRD/BTC,1635594277082,2021-10-30T11:44:37.082Z,sell,3.81e-06,160.0,0.0006096
BRD/BTC,1635594488724,2021-10-30T11:48:08.724Z,buy,3.82e-06,66.0,0.00025212
BRD/BTC,1635594827755,2021-10-30T11:53:47.755Z,buy,3.82e-06,100.0,0.00038199999999999996
BRD/BTC,1635595119134,2021-10-30T11:58:39.134Z,buy,3.82e-06,84.0,0.00032088
BRD/BTC,1635595301520,2021-10-30T12:01:41.520Z,buy,3.82e-06,531.0,0.00202842
BRD/BTC,1635595301520,2021-10-30T12:01:41.520Z,buy,3.83e-06,482.0,0.0018460599999999998
BRD/BTC,1635595301520,2021-10-30T12:01:41.520Z,buy,3.82e-06,531.0,0.00202842
BRD/BTC,1635595301520,2021-10-30T12:01:41.520Z,buy,3.83e-06,482.0,0.0018460599999999998
BRD/BTC,1635595444839,2021-10-30T12:04:04.839Z,sell,3.81e-06,82.0,0.00031242
BRD/BTC,1635595638058,2021-10-30T12:07:18.058Z,sell,3.81e-06,1262.0,0.00480822
BRD/BTC,1635595641594,2021-10-30T12:07:21.594Z,buy,3.82e-06,70.0,0.0002674
BRD/BTC,1635595683581,2021-10-30T12:08:03.581Z,sell,3.82e-06,34.0,0.00012988
BRD/BTC,1635595683581,2021-10-30T12:08:03.581Z,sell,3.81e-06,266.0,0.0010134599999999999
BRD/BTC,1635595929632,2021-10-30T12:12:09.632Z,sell,3.81e-06,214.0,0.00081534
BRD/BTC,1635596027423,2021-10-30T12:13:47.423Z,sell,3.81e-06,336.0,0.00128016
BRD/BTC,1635596053197,2021-10-30T12:14:13.197Z,sell,3.81e-06,926.0,0.00352806
BRD/BTC,1635596142168,2021-10-30T12:15:42.168Z,buy,3.83e-06,846.0,0.0032401799999999996
BRD/BTC,1635596160985,2021-10-30T12:16:00.985Z,sell,3.81e-06,71.0,0.00027051
BRD/BTC,1635596254295,2021-10-30T12:17:34.295Z,buy,3.83e-06,536.0,0.00205288
BRD/BTC,1635596333622,2021-10-30T12:18:53.622Z,buy,3.83e-06,336.0,0.00128688
BRD/BTC,1635596500594,2021-10-30T12:21:40.594Z,sell,3.82e-06,202.0,0.00077164
BRD/BTC,1635596508665,2021-10-30T12:21:48.665Z,sell,3.81e-06,891.0,0.00339471
BRD/BTC,1635596826873,2021-10-30T12:27:06.873Z,buy,3.83e-06,2038.0,0.00780554
BRD/BTC,1635596826956,2021-10-30T12:27:06.956Z,sell,3.83e-06,1269.0,0.00486027
BRD/BTC,1635596827002,2021-10-30T12:27:07.002Z,sell,3.83e-06,634.0,0.00242822
BRD/BTC,1635596827051,2021-10-30T12:27:07.051Z,sell,3.83e-06,317.0,0.00121411
BRD/BTC,1635596827098,2021-10-30T12:27:07.098Z,sell,3.83e-06,159.0,0.0006089699999999999
BRD/BTC,1635596827148,2021-10-30T12:27:07.148Z,sell,3.83e-06,159.0,0.0006089699999999999
BRD/BTC,1635597092592,2021-10-30T12:31:32.592Z,sell,3.82e-06,218.0,0.00083276
BRD/BTC,1635597258694,2021-10-30T12:34:18.694Z,sell,3.82e-06,2563.0,0.00979066
BRD/BTC,1635597309037,2021-10-30T12:35:09.037Z,sell,3.81e-06,3831.0,0.014596109999999999
BRD/BTC,1635597310845,2021-10-30T12:35:10.845Z,sell,3.8e-06,107.0,0.0004066
BRD/BTC,1635597394026,2021-10-30T12:36:34.026Z,sell,3.8e-06,491.0,0.0018658
BRD/BTC,1635597451442,2021-10-30T12:37:31.442Z,buy,3.81e-06,160.0,0.0006096
BRD/BTC,1635597457787,2021-10-30T12:37:37.787Z,buy,3.81e-06,1099.0,0.00418719
BRD/BTC,1635597457787,2021-10-30T12:37:37.787Z,buy,3.82e-06,3901.0,0.01490182
BRD/BTC,1635597479355,2021-10-30T12:37:59.355Z,buy,3.82e-06,5000.0,0.0191
BRD/BTC,1635597542196,2021-10-30T12:39:02.196Z,buy,3.82e-06,159.0,0.00060738
BRD/BTC,1635598088391,2021-10-30T12:48:08.391Z,buy,3.82e-06,240.0,0.0009168
BRD/BTC,1635598570105,2021-10-30T12:56:10.105Z,sell,3.81e-06,86.0,0.00032766
BRD/BTC,1635598580474,2021-10-30T12:56:20.474Z,sell,3.81e-06,558.0,0.00212598
BRD/BTC,1635598580474,2021-10-30T12:56:20.474Z,sell,3.81e-06,558.0,0.00212598
BRD/BTC,1635599047527,2021-10-30T13:04:07.527Z,sell,3.81e-06,43.0,0.00016383
BRD/BTC,1635599157215,2021-10-30T13:05:57.215Z,sell,3.81e-06,286.0,0.0010896599999999999
BRD/BTC,1635599187785,2021-10-30T13:06:27.785Z,sell,3.81e-06,78.0,0.00029717999999999997
BRD/BTC,1635599316498,2021-10-30T13:08:36.498Z,sell,3.81e-06,211.0,0.00080391
BRD/BTC,1635599321241,2021-10-30T13:08:41.241Z,sell,3.81e-06,2728.0,0.01039368
BRD/BTC,1635599321241,2021-10-30T13:08:41.241Z,sell,3.8e-06,1910.0,0.007258
BRD/BTC,1635599382944,2021-10-30T13:09:42.944Z,sell,3.8e-06,233.0,0.0008854
BRD/BTC,1635599462147,2021-10-30T13:11:02.147Z,sell,3.8e-06,7792.0,0.0296096
BRD/BTC,1635599462147,2021-10-30T13:11:02.147Z,sell,3.79e-06,4045.0,0.01533055
BRD/BTC,1635599462312,2021-10-30T13:11:02.312Z,buy,3.79e-06,27.0,0.00010233
BRD/BTC,1635599697585,2021-10-30T13:14:57.585Z,buy,3.79e-06,177.0,0.00067083
BRD/BTC,1635599833767,2021-10-30T13:17:13.767Z,buy,3.81e-06,160.0,0.0006096
BRD/BTC,1635599931961,2021-10-30T13:18:51.961Z,sell,3.78e-06,153.0,0.00057834
BRD/BTC,1635600095071,2021-10-30T13:21:35.071Z,sell,3.78e-06,79.0,0.00029862
BRD/BTC,1635600181103,2021-10-30T13:23:01.103Z,sell,3.78e-06,1344.0,0.00508032
BRD/BTC,1635600267254,2021-10-30T13:24:27.254Z,buy,3.8e-06,53.0,0.0002014
BRD/BTC,1635600346683,2021-10-30T13:25:46.683Z,sell,3.79e-06,211.0,0.00079969
BRD/BTC,1635600346694,2021-10-30T13:25:46.694Z,sell,3.79e-06,51.0,0.00019329000000000001
BRD/BTC,1635600346694,2021-10-30T13:25:46.694Z,sell,3.78e-06,211.0,0.00079758
BRD/BTC,1635600487603,2021-10-30T13:28:07.603Z,sell,3.78e-06,99.0,0.00037422
BRD/BTC,1635600631160,2021-10-30T13:30:31.160Z,sell,3.78e-06,3151.0,0.01191078
BRD/BTC,1635600729800,2021-10-30T13:32:09.800Z,sell,3.78e-06,632.0,0.00238896
BRD/BTC,1635600817039,2021-10-30T13:33:37.039Z,buy,3.79e-06,4192.0,0.01588768
BRD/BTC,1635600817050,2021-10-30T13:33:37.050Z,sell,3.79e-06,211.0,0.00079969
BRD/BTC,1635600817124,2021-10-30T13:33:37.124Z,sell,3.79e-06,211.0,0.00079969
BRD/BTC,1635600817151,2021-10-30T13:33:37.151Z,sell,3.79e-06,96.0,0.00036384000000000004
BRD/BTC,1635600817173,2021-10-30T13:33:37.173Z,sell,3.78e-06,307.0,0.0011604599999999999
BRD/BTC,1635600833111,2021-10-30T13:33:53.111Z,sell,3.78e-06,269.0,0.0010168199999999999
BRD/BTC,1635600910635,2021-10-30T13:35:10.635Z,sell,3.77e-06,834.0,0.00314418
BRD/BTC,1635600988652,2021-10-30T13:36:28.652Z,buy,3.79e-06,53.0,0.00020087000000000002
BRD/BTC,1635601107379,2021-10-30T13:38:27.379Z,sell,3.77e-06,221.0,0.0008331699999999999
BRD/BTC,1635601509530,2021-10-30T13:45:09.530Z,buy,3.79e-06,65.0,0.00024635
BRD/BTC,1635601968059,2021-10-30T13:52:48.059Z,sell,3.77e-06,461.0,0.00173797
BRD/BTC,1635601968059,2021-10-30T13:52:48.059Z,sell,3.77e-06,461.0,0.00173797
BRD/BTC,1635602194802,2021-10-30T13:56:34.802Z,sell,3.77e-06,597.0,0.00225069
BRD/BTC,1635602403056,2021-10-30T14:00:03.056Z,sell,3.77e-06,121.0,0.00045617
BRD/BTC,1635602763096,2021-10-30T14:06:03.096Z,sell,3.77e-06,270.0,0.0010179
BRD/BTC,1635602770983,2021-10-30T14:06:10.983Z,sell,3.76e-06,593.0,0.00222968
BRD/BTC,1635603153148,2021-10-30T14:12:33.148Z,sell,3.76e-06,2212.0,0.00831712
BRD/BTC,1635603153187,2021-10-30T14:12:33.187Z,buy,3.76e-06,1719.0,0.00646344
BRD/BTC,1635603153236,2021-10-30T14:12:33.236Z,buy,3.76e-06,860.0,0.0032336
BRD/BTC,1635603153290,2021-10-30T14:12:33.290Z,buy,3.76e-06,216.0,0.00081216
BRD/BTC,1635603198745,2021-10-30T14:13:18.745Z,buy,3.78e-06,38.0,0.00014364
BRD/BTC,1635603452728,2021-10-30T14:17:32.728Z,sell,3.75e-06,43.0,0.00016125000000000002
BRD/BTC,1635603677733,2021-10-30T14:21:17.733Z,sell,3.77e-06,50.0,0.0001885
BRD/BTC,1635603778451,2021-10-30T14:22:58.451Z,buy,3.78e-06,416.0,0.00157248
BRD/BTC,1635604260873,2021-10-30T14:31:00.873Z,buy,3.77e-06,153.0,0.00057681
BRD/BTC,1635604317402,2021-10-30T14:31:57.402Z,buy,3.78e-06,112.0,0.00042335999999999996
BRD/BTC,1635604477012,2021-10-30T14:34:37.012Z,buy,3.78e-06,52.0,0.00019656
BRD/BTC,1635604577799,2021-10-30T14:36:17.799Z,sell,3.76e-06,81.0,0.00030456
BRD/BTC,1635604658018,2021-10-30T14:37:38.018Z,buy,3.78e-06,71.0,0.00026838
BRD/BTC,1635605336396,2021-10-30T14:48:56.396Z,buy,3.78e-06,33.0,0.00012474
BRD/BTC,1635605362281,2021-10-30T14:49:22.281Z,sell,3.77e-06,230.0,0.0008671
BRD/BTC,1635605404531,2021-10-30T14:50:04.531Z,sell,3.75e-06,35.0,0.00013125
BRD/BTC,1635605404531,2021-10-30T14:50:04.531Z,sell,3.75e-06,35.0,0.00013125
BRD/BTC,1635605916584,2021-10-30T14:58:36.584Z,sell,3.75e-06,78.0,0.0002925
BRD/BTC,1635606061096,2021-10-30T15:01:01.096Z,buy,3.77e-06,526.0,0.00198302
BRD/BTC,1635606062324,2021-10-30T15:01:02.324Z,buy,3.78e-06,2310.0,0.0087318
BRD/BTC,1635606101167,2021-10-30T15:01:41.167Z,buy,3.79e-06,68.0,0.00025772
BRD/BTC,1635606182002,2021-10-30T15:03:02.002Z,sell,3.77e-06,491.0,0.00185107
BRD/BTC,1635606255171,2021-10-30T15:04:15.171Z,sell,3.76e-06,35.0,0.0001316
BRD/BTC,1635606363294,2021-10-30T15:06:03.294Z,buy,3.79e-06,52.0,0.00019708
BRD/BTC,1635606554600,2021-10-30T15:09:14.600Z,buy,3.78e-06,79.0,0.00029862
BRD/BTC,1635606791897,2021-10-30T15:13:11.897Z,buy,3.78e-06,60.0,0.00022679999999999998
BRD/BTC,1635606893017,2021-10-30T15:14:53.017Z,sell,3.76e-06,78.0,0.00029328
BRD/BTC,1635607048409,2021-10-30T15:17:28.409Z,buy,3.79e-06,1001.0,0.00379379
BRD/BTC,1635607197031,2021-10-30T15:19:57.031Z,sell,3.77e-06,287.0,0.00108199
BRD/BTC,1635607554001,2021-10-30T15:25:54.001Z,buy,3.79e-06,222.0,0.0008413800000000001
BRD/BTC,1635607659366,2021-10-30T15:27:39.366Z,sell,3.78e-06,139.0,0.00052542
BRD/BTC,1635607661886,2021-10-30T15:27:41.886Z,sell,3.78e-06,46.0,0.00017387999999999998
BRD/BTC,1635607781114,2021-10-30T15:29:41.114Z,sell,3.78e-06,145.0,0.0005480999999999999
BRD/BTC,1635607923991,2021-10-30T15:32:03.991Z,sell,3.78e-06,73.0,0.00027593999999999996
BRD/BTC,1635607934919,2021-10-30T15:32:14.919Z,buy,3.79e-06,1774.0,0.0067234600000000005
BRD/BTC,1635608906913,2021-10-30T15:48:26.913Z,sell,3.78e-06,47.0,0.00017766
BRD/BTC,1635608938469,2021-10-30T15:48:58.469Z,buy,3.79e-06,312.0,0.00118248
BRD/BTC,1635608938469,2021-10-30T15:48:58.469Z,buy,3.79e-06,312.0,0.00118248
BRD/BTC,1635609143919,2021-10-30T15:52:23.919Z,buy,3.79e-06,2186.0,0.008284940000000001
BRD/BTC,1635609143919,2021-10-30T15:52:23.919Z,buy,3.8e-06,8854.0,0.0336452
BRD/BTC,1635609143919,2021-10-30T15:52:23.919Z,buy,3.81e-06,4422.0,0.01684782
BRD/BTC,1635609143930,2021-10-30T15:52:23.930Z,sell,3.81e-06,211.0,0.00080391
BRD/BTC,1635609143953,2021-10-30T15:52:23.953Z,sell,3.81e-06,1399.0,0.00533019
BRD/BTC,1635609143953,2021-10-30T15:52:23.953Z,sell,3.78e-06,211.0,0.00079758
BRD/BTC,1635609177075,2021-10-30T15:52:57.075Z,sell,3.79e-06,117.0,0.00044343000000000003
BRD/BTC,1635609415116,2021-10-30T15:56:55.116Z,buy,3.81e-06,1714.0,0.00653034
BRD/BTC,1635609415116,2021-10-30T15:56:55.116Z,buy,3.82e-06,1684.0,0.006432879999999999
BRD/BTC,1635609448429,2021-10-30T15:57:28.429Z,sell,3.79e-06,147.0,0.00055713
BRD/BTC,1635609537724,2021-10-30T15:58:57.724Z,sell,3.79e-06,3524.0,0.01335596
BRD/BTC,1635609750533,2021-10-30T16:02:30.533Z,buy,3.81e-06,27.0,0.00010287
BRD/BTC,1635609853022,2021-10-30T16:04:13.022Z,sell,3.79e-06,87.0,0.00032973000000000003
BRD/BTC,1635609870366,2021-10-30T16:04:30.366Z,buy,3.81e-06,46.0,0.00017526
BRD/BTC,1635609946160,2021-10-30T16:05:46.160Z,buy,3.81e-06,53.0,0.00020192999999999999
BRD/BTC,1635610140952,2021-10-30T16:09:00.952Z,sell,3.79e-06,1629.0,0.00617391
BRD/BTC,1635610748417,2021-10-30T16:19:08.417Z,sell,3.79e-06,1520.0,0.0057608
BRD/BTC,1635611325721,2021-10-30T16:28:45.721Z,sell,3.79e-06,133.0,0.00050407
BRD/BTC,1635611387279,2021-10-30T16:29:47.279Z,sell,3.79e-06,75.0,0.00028425
BRD/BTC,1635611898353,2021-10-30T16:38:18.353Z,sell,3.79e-06,1061.0,0.00402119
BRD/BTC,1635612126529,2021-10-30T16:42:06.529Z,sell,3.79e-06,80.0,0.0003032
BRD/BTC,1635612532789,2021-10-30T16:48:52.789Z,buy,3.8e-06,321.0,0.0012198
BRD/BTC,1635612532789,2021-10-30T16:48:52.789Z,buy,3.8e-06,321.0,0.0012198
BRD/BTC,1635613410990,2021-10-30T17:03:30.990Z,sell,3.79e-06,83.0,0.00031457
BRD/BTC,1635613474967,2021-10-30T17:04:34.967Z,buy,3.8e-06,97.0,0.0003686
BRD/BTC,1635613636401,2021-10-30T17:07:16.401Z,buy,3.8e-06,677.0,0.0025726
BRD/BTC,1635613636401,2021-10-30T17:07:16.401Z,buy,3.81e-06,157.0,0.00059817
BRD/BTC,1635613853024,2021-10-30T17:10:53.024Z,buy,3.81e-06,65.0,0.00024765
BRD/BTC,1635614178737,2021-10-30T17:16:18.737Z,sell,3.8e-06,297.0,0.0011286
BRD/BTC,1635614186918,2021-10-30T17:16:26.918Z,sell,3.8e-06,229.0,0.0008702
BRD/BTC,1635614197553,2021-10-30T17:16:37.553Z,sell,3.8e-06,229.0,0.0008702
BRD/BTC,1635614215978,2021-10-30T17:16:55.978Z,sell,3.8e-06,229.0,0.0008702
BRD/BTC,1635614224674,2021-10-30T17:17:04.674Z,sell,3.8e-06,229.0,0.0008702
BRD/BTC,1635614403653,2021-10-30T17:20:03.653Z,sell,3.8e-06,229.0,0.0008702
BRD/BTC,1635614406094,2021-10-30T17:20:06.094Z,sell,3.8e-06,28.0,0.0001064
BRD/BTC,1635614412569,2021-10-30T17:20:12.569Z,sell,3.8e-06,201.0,0.0007638
BRD/BTC,1635614435111,2021-10-30T17:20:35.111Z,sell,3.8e-06,229.0,0.0008702
BRD/BTC,1635614454752,2021-10-30T17:20:54.752Z,sell,3.8e-06,229.0,0.0008702
BRD/BTC,1635614539910,2021-10-30T17:22:19.910Z,sell,3.8e-06,343.0,0.0013034
BRD/BTC,1635614631413,2021-10-30T17:23:51.413Z,sell,3.8e-06,136.0,0.0005168
BRD/BTC,1635614639265,2021-10-30T17:23:59.265Z,sell,3.8e-06,136.0,0.0005168
BRD/BTC,1635614645906,2021-10-30T17:24:05.906Z,sell,3.8e-06,136.0,0.0005168
BRD/BTC,1635614652933,2021-10-30T17:24:12.933Z,sell,3.8e-06,952.0,0.0036176
BRD/BTC,1635614879934,2021-10-30T17:27:59.934Z,sell,3.79e-06,317.0,0.00120143
BRD/BTC,1635615021588,2021-10-30T17:30:21.588Z,sell,3.79e-06,12388.0,0.04695052
BRD/BTC,1635615389565,2021-10-30T17:36:29.565Z,sell,3.8e-06,3569.0,0.0135622
BRD/BTC,1635615407994,2021-10-30T17:36:47.994Z,sell,3.8e-06,3569.0,0.0135622
BRD/BTC,1635615768544,2021-10-30T17:42:48.544Z,sell,3.8e-06,1307.0,0.0049666
BRD/BTC,1635615925931,2021-10-30T17:45:25.931Z,sell,3.8e-06,798.0,0.0030324
BRD/BTC,1635615925931,2021-10-30T17:45:25.931Z,sell,3.8e-06,798.0,0.0030324
BRD/BTC,1635616149722,2021-10-30T17:49:09.722Z,buy,3.81e-06,188.0,0.00071628
BRD/BTC,1635616408418,2021-10-30T17:53:28.418Z,buy,3.81e-06,7129.0,0.02716149
BRD/BTC,1635616521245,2021-10-30T17:55:21.245Z,buy,3.81e-06,160.0,0.0006096
BRD/BTC,1635616748869,2021-10-30T17:59:08.869Z,buy,3.81e-06,27.0,0.00010287
BRD/BTC,1635616802255,2021-10-30T18:00:02.255Z,buy,3.81e-06,712.0,0.00271272
BRD/BTC,1635616961953,2021-10-30T18:02:41.953Z,sell,3.8e-06,2085.0,0.007923
BRD/BTC,1635616961953,2021-10-30T18:02:41.953Z,sell,3.79e-06,5872.0,0.02225488
BRD/BTC,1635616961953,2021-10-30T18:02:41.953Z,sell,3.78e-06,2897.0,0.01095066
BRD/BTC,1635616964182,2021-10-30T18:02:44.182Z,buy,3.8e-06,12513.0,0.0475494
BRD/BTC,1635616964182,2021-10-30T18:02:44.182Z,buy,3.81e-06,6084.0,0.02318004
BRD/BTC,1635616964182,2021-10-30T18:02:44.182Z,buy,3.82e-06,2521.0,0.00963022
BRD/BTC,1635616964182,2021-10-30T18:02:44.182Z,buy,3.83e-06,150.0,0.0005744999999999999
BRD/BTC,1635617144549,2021-10-30T18:05:44.549Z,sell,3.8e-06,1772.0,0.0067336
BRD/BTC,1635617181816,2021-10-30T18:06:21.816Z,sell,3.8e-06,538.0,0.0020444
BRD/BTC,1635617529047,2021-10-30T18:12:09.047Z,sell,3.8e-06,68.0,0.0002584
BRD/BTC,1635617655981,2021-10-30T18:14:15.981Z,buy,3.82e-06,175.0,0.0006684999999999999
BRD/BTC,1635617761422,2021-10-30T18:16:01.422Z,buy,3.82e-06,524.0,0.00200168
BRD/BTC,1635617824805,2021-10-30T18:17:04.805Z,sell,3.81e-06,717.0,0.00273177
BRD/BTC,1635617824805,2021-10-30T18:17:04.805Z,sell,3.81e-06,605.0,0.00230505
BRD/BTC,1635617824805,2021-10-30T18:17:04.805Z,sell,3.81e-06,608.0,0.00231648
BRD/BTC,1635617824807,2021-10-30T18:17:04.807Z,sell,3.81e-06,418.0,0.00159258
BRD/BTC,1635617887089,2021-10-30T18:18:07.089Z,sell,3.8e-06,187.0,0.0007106
BRD/BTC,1635617887097,2021-10-30T18:18:07.097Z,sell,3.8e-06,211.0,0.0008018
BRD/BTC,1635617887143,2021-10-30T18:18:07.143Z,sell,3.8e-06,538.0,0.0020444
BRD/BTC,1635618188125,2021-10-30T18:23:08.125Z,sell,3.8e-06,711.0,0.0027018
BRD/BTC,1635618429190,2021-10-30T18:27:09.190Z,buy,3.81e-06,35.0,0.00013335
BRD/BTC,1635618516027,2021-10-30T18:28:36.027Z,sell,3.8e-06,149.0,0.0005662
BRD/BTC,1635618689433,2021-10-30T18:31:29.433Z,sell,3.8e-06,2096.0,0.0079648
BRD/BTC,1635618742192,2021-10-30T18:32:22.192Z,buy,3.8e-06,283.0,0.0010754
BRD/BTC,1635618742192,2021-10-30T18:32:22.192Z,buy,3.81e-06,262.0,0.00099822
BRD/BTC,1635618742192,2021-10-30T18:32:22.192Z,buy,3.82e-06,2838.0,0.010841159999999999
BRD/BTC,1635618821699,2021-10-30T18:33:41.699Z,buy,3.82e-06,8056.0,0.03077392
BRD/BTC,1635619241262,2021-10-30T18:40:41.262Z,sell,3.8e-06,758.0,0.0028804
BRD/BTC,1635619292982,2021-10-30T18:41:32.982Z,sell,3.8e-06,420.0,0.001596
BRD/BTC,1635619292982,2021-10-30T18:41:32.982Z,sell,3.8e-06,420.0,0.001596
BRD/BTC,1635619724906,2021-10-30T18:48:44.906Z,buy,3.82e-06,369.0,0.00140958
BRD/BTC,1635620034290,2021-10-30T18:53:54.290Z,buy,3.82e-06,40.0,0.0001528
BRD/BTC,1635620439317,2021-10-30T19:00:39.317Z,buy,3.81e-06,267.0,0.00101727
BRD/BTC,1635620466603,2021-10-30T19:01:06.603Z,sell,3.8e-06,5101.0,0.0193838
BRD/BTC,1635620486380,2021-10-30T19:01:26.380Z,sell,3.8e-06,359.0,0.0013642
BRD/BTC,1635620696457,2021-10-30T19:04:56.457Z,buy,3.82e-06,73.0,0.00027885999999999997
BRD/BTC,1635620710016,2021-10-30T19:05:10.016Z,buy,3.82e-06,10371.0,0.03961722
BRD/BTC,1635620710016,2021-10-30T19:05:10.016Z,buy,3.83e-06,32401.0,0.12409582999999999
BRD/BTC,1635620926249,2021-10-30T19:08:46.249Z,buy,3.84e-06,1040.0,0.0039936
BRD/BTC,1635620947055,2021-10-30T19:09:07.055Z,buy,3.84e-06,1337.0,0.005134079999999999
BRD/BTC,1635620980786,2021-10-30T19:09:40.786Z,buy,3.85e-06,744.0,0.0028644000000000005
BRD/BTC,1635620987894,2021-10-30T19:09:47.894Z,buy,3.85e-06,29.0,0.00011165000000000002
BRD/BTC,1635621045185,2021-10-30T19:10:45.185Z,buy,3.85e-06,4307.0,0.01658195
BRD/BTC,1635621045185,2021-10-30T19:10:45.185Z,buy,3.86e-06,5971.0,0.023048060000000002
BRD/BTC,1635621045185,2021-10-30T19:10:45.185Z,buy,3.87e-06,10574.0,0.04092138
BRD/BTC,1635621045286,2021-10-30T19:10:45.286Z,sell,3.87e-06,31.0,0.00011997
BRD/BTC,1635621045292,2021-10-30T19:10:45.292Z,sell,3.87e-06,249.0,0.00096363
BRD/BTC,1635621045305,2021-10-30T19:10:45.305Z,sell,3.87e-06,359.0,0.00138933
BRD/BTC,1635621045340,2021-10-30T19:10:45.340Z,sell,3.87e-06,416.0,0.0016099200000000001
BRD/BTC,1635621045414,2021-10-30T19:10:45.414Z,sell,3.87e-06,104.0,0.00040248000000000004
BRD/BTC,1635621045539,2021-10-30T19:10:45.539Z,sell,3.87e-06,105.0,0.00040635000000000004
BRD/BTC,1635621046282,2021-10-30T19:10:46.282Z,sell,3.87e-06,120.0,0.0004644
BRD/BTC,1635621046287,2021-10-30T19:10:46.287Z,sell,3.87e-06,43.0,0.00016641
BRD/BTC,1635621127729,2021-10-30T19:12:07.729Z,sell,3.87e-06,27.0,0.00010449000000000001
BRD/BTC,1635621316408,2021-10-30T19:15:16.408Z,sell,3.87e-06,40.0,0.00015480000000000002
BRD/BTC,1635621318319,2021-10-30T19:15:18.319Z,buy,3.88e-06,516.0,0.0020020800000000003
BRD/BTC,1635621453118,2021-10-30T19:17:33.118Z,buy,3.88e-06,615.0,0.0023862
BRD/BTC,1635621493257,2021-10-30T19:18:13.257Z,buy,3.88e-06,206.0,0.00079928
BRD/BTC,1635621533951,2021-10-30T19:18:53.951Z,sell,3.87e-06,246.0,0.00095202
BRD/BTC,1635621535936,2021-10-30T19:18:55.936Z,buy,3.88e-06,2346.0,0.00910248
BRD/BTC,1635621535936,2021-10-30T19:18:55.936Z,buy,3.89e-06,3255.0,0.01266195
BRD/BTC,1635621535936,2021-10-30T19:18:55.936Z,buy,3.9e-06,13045.0,0.0508755
BRD/BTC,1635621535947,2021-10-30T19:18:55.947Z,sell,3.9e-06,120.0,0.000468
BRD/BTC,1635621536051,2021-10-30T19:18:56.051Z,sell,3.9e-06,265.0,0.0010335
BRD/BTC,1635621558873,2021-10-30T19:19:18.873Z,sell,3.9e-06,121.0,0.0004719
BRD/BTC,1635621569464,2021-10-30T19:19:29.464Z,buy,3.91e-06,866.0,0.0033860599999999998
BRD/BTC,1635621746896,2021-10-30T19:22:26.896Z,buy,3.91e-06,814.0,0.00318274
BRD/BTC,1635621789972,2021-10-30T19:23:09.972Z,buy,3.91e-06,539.0,0.00210749
BRD/BTC,1635621874576,2021-10-30T19:24:34.576Z,buy,3.91e-06,434.0,0.0016969399999999999
BRD/BTC,1635621874576,2021-10-30T19:24:34.576Z,buy,3.92e-06,6591.0,0.025836719999999997
BRD/BTC,1635621874576,2021-10-30T19:24:34.576Z,buy,3.93e-06,3755.0,0.014757149999999998
BRD/BTC,1635621874576,2021-10-30T19:24:34.576Z,buy,3.94e-06,59237.0,0.23339378000000002
BRD/BTC,1635621874576,2021-10-30T19:24:34.576Z,sell,3.94e-06,2024.0,0.00797456
BRD/BTC,1635621874583,2021-10-30T19:24:34.583Z,sell,3.94e-06,2344.0,0.009235360000000001
BRD/BTC,1635621874588,2021-10-30T19:24:34.588Z,sell,3.94e-06,228.0,0.0008983200000000001
BRD/BTC,1635621874645,2021-10-30T19:24:34.645Z,sell,3.94e-06,340.0,0.0013396
BRD/BTC,1635621874802,2021-10-30T19:24:34.802Z,sell,3.94e-06,31.0,0.00012214000000000002
BRD/BTC,1635621875362,2021-10-30T19:24:35.362Z,buy,3.95e-06,26.0,0.0001027
BRD/BTC,1635621876280,2021-10-30T19:24:36.280Z,sell,3.94e-06,267.0,0.00105198
BRD/BTC,1635621890392,2021-10-30T19:24:50.392Z,sell,3.94e-06,57.0,0.00022458000000000002
BRD/BTC,1635621896121,2021-10-30T19:24:56.121Z,sell,3.94e-06,94.0,0.00037036
BRD/BTC,1635621901355,2021-10-30T19:25:01.355Z,sell,3.94e-06,227.0,0.0008943800000000001
BRD/BTC,1635621906071,2021-10-30T19:25:06.071Z,sell,3.94e-06,6532.0,0.02573608
BRD/BTC,1635621906596,2021-10-30T19:25:06.596Z,sell,3.94e-06,3394.0,0.013372360000000002
BRD/BTC,1635621916095,2021-10-30T19:25:16.095Z,sell,3.94e-06,4559.0,0.017962460000000003
BRD/BTC,1635621967396,2021-10-30T19:26:07.396Z,sell,3.94e-06,3399.0,0.01339206
BRD/BTC,1635622147723,2021-10-30T19:29:07.723Z,sell,3.94e-06,26.0,0.00010244000000000002
BRD/BTC,1635622261854,2021-10-30T19:31:01.854Z,sell,3.94e-06,218.0,0.0008589200000000001
BRD/BTC,1635622495692,2021-10-30T19:34:55.692Z,buy,3.95e-06,3059.0,0.012083050000000001
BRD/BTC,1635622521636,2021-10-30T19:35:21.636Z,sell,3.94e-06,1570.0,0.006185800000000001
BRD/BTC,1635622521636,2021-10-30T19:35:21.636Z,sell,3.93e-06,3664.0,0.014399519999999999
BRD/BTC,1635622522559,2021-10-30T19:35:22.559Z,sell,3.92e-06,132.0,0.00051744
BRD/BTC,1635622540173,2021-10-30T19:35:40.173Z,sell,3.92e-06,2039.0,0.007992879999999999
BRD/BTC,1635622585751,2021-10-30T19:36:25.751Z,sell,3.91e-06,2081.0,0.00813671
BRD/BTC,1635622585751,2021-10-30T19:36:25.751Z,sell,3.91e-06,108.0,0.00042228
BRD/BTC,1635622585805,2021-10-30T19:36:25.805Z,sell,3.91e-06,27.0,0.00010557
BRD/BTC,1635622587530,2021-10-30T19:36:27.530Z,sell,3.91e-06,80.0,0.0003128
BRD/BTC,1635622587796,2021-10-30T19:36:27.796Z,sell,3.91e-06,27.0,0.00010557
BRD/BTC,1635622587813,2021-10-30T19:36:27.813Z,sell,3.91e-06,397.0,0.00155227
BRD/BTC,1635622587930,2021-10-30T19:36:27.930Z,sell,3.91e-06,40.0,0.0001564
BRD/BTC,1635622588796,2021-10-30T19:36:28.796Z,sell,3.91e-06,265.0,0.00103615
BRD/BTC,1635622588915,2021-10-30T19:36:28.915Z,sell,3.91e-06,51.0,0.00019941
BRD/BTC,1635622589055,2021-10-30T19:36:29.055Z,sell,3.91e-06,51.0,0.00019941
BRD/BTC,1635622589088,2021-10-30T19:36:29.088Z,sell,3.91e-06,51.0,0.00019941
BRD/BTC,1635622589214,2021-10-30T19:36:29.214Z,sell,3.91e-06,51.0,0.00019941
BRD/BTC,1635622589217,2021-10-30T19:36:29.217Z,sell,3.91e-06,53.0,0.00020722999999999998
BRD/BTC,1635622595966,2021-10-30T19:36:35.966Z,buy,3.93e-06,409.0,0.00160737
BRD/BTC,1635622627607,2021-10-30T19:37:07.607Z,buy,3.93e-06,252.0,0.0009903599999999998
BRD/BTC,1635622637536,2021-10-30T19:37:17.536Z,buy,3.93e-06,2789.0,0.010960769999999998
BRD/BTC,1635622637536,2021-10-30T19:37:17.536Z,buy,3.94e-06,2290.0,0.0090226
BRD/BTC,1635622637536,2021-10-30T19:37:17.536Z,buy,3.95e-06,2768.0,0.010933600000000002
BRD/BTC,1635622637536,2021-10-30T19:37:17.536Z,buy,3.96e-06,2605.0,0.0103158
BRD/BTC,1635622637536,2021-10-30T19:37:17.536Z,buy,3.97e-06,15089.0,0.059903330000000005
BRD/BTC,1635622637536,2021-10-30T19:37:17.536Z,buy,3.98e-06,17223.0,0.06854754
BRD/BTC,1635622637536,2021-10-30T19:37:17.536Z,buy,3.99e-06,9003.0,0.03592197
BRD/BTC,1635622639473,2021-10-30T19:37:19.473Z,sell,3.95e-06,1401.0,0.00553395
BRD/BTC,1635622639571,2021-10-30T19:37:19.571Z,buy,3.96e-06,682.0,0.00270072
BRD/BTC,1635622639579,2021-10-30T19:37:19.579Z,sell,3.96e-06,71.0,0.00028116
BRD/BTC,1635622639917,2021-10-30T19:37:19.917Z,buy,3.97e-06,2017.0,0.00800749
BRD/BTC,1635622640309,2021-10-30T19:37:20.309Z,sell,3.96e-06,257.0,0.00101772
BRD/BTC,1635622646909,2021-10-30T19:37:26.909Z,sell,3.96e-06,113.0,0.00044748000000000005
BRD/BTC,1635622724545,2021-10-30T19:38:44.545Z,sell,3.96e-06,1007.0,0.00398772
BRD/BTC,1635622724545,2021-10-30T19:38:44.545Z,sell,3.96e-06,1007.0,0.00398772
BRD/BTC,1635622898605,2021-10-30T19:41:38.605Z,sell,3.96e-06,1582.0,0.0062647200000000005
BRD/BTC,1635622958666,2021-10-30T19:42:38.666Z,sell,3.96e-06,598.0,0.0023680800000000003
BRD/BTC,1635622995009,2021-10-30T19:43:15.009Z,sell,3.96e-06,45.0,0.00017820000000000002
BRD/BTC,1635623136989,2021-10-30T19:45:36.989Z,sell,3.96e-06,964.0,0.00381744
BRD/BTC,1635623332804,2021-10-30T19:48:52.804Z,sell,3.95e-06,37.0,0.00014615
BRD/BTC,1635623358595,2021-10-30T19:49:18.595Z,sell,3.95e-06,538.0,0.0021251
BRD/BTC,1635623843750,2021-10-30T19:57:23.750Z,sell,3.95e-06,2621.0,0.010352950000000001
BRD/BTC,1635623843750,2021-10-30T19:57:23.750Z,sell,3.94e-06,4449.0,0.017529060000000003
BRD/BTC,1635623843750,2021-10-30T19:57:23.750Z,sell,3.93e-06,573.0,0.00225189
BRD/BTC,1635623907957,2021-10-30T19:58:27.957Z,buy,3.95e-06,204.0,0.0008058000000000001
BRD/BTC,1635624008477,2021-10-30T20:00:08.477Z,sell,3.93e-06,87.0,0.00034190999999999996
BRD/BTC,1635624015186,2021-10-30T20:00:15.186Z,buy,3.95e-06,1802.0,0.007117900000000001
BRD/BTC,1635624015186,2021-10-30T20:00:15.186Z,buy,3.96e-06,2274.0,0.00900504
BRD/BTC,1635624015186,2021-10-30T20:00:15.186Z,buy,3.97e-06,952.0,0.0037794400000000002
BRD/BTC,1635624147545,2021-10-30T20:02:27.545Z,buy,3.97e-06,1392.0,0.00552624
BRD/BTC,1635624236008,2021-10-30T20:03:56.008Z,sell,3.95e-06,124.0,0.0004898000000000001
BRD/BTC,1635624245197,2021-10-30T20:04:05.197Z,buy,3.97e-06,41.0,0.00016277000000000002
BRD/BTC,1635624266750,2021-10-30T20:04:26.750Z,buy,3.97e-06,86.0,0.00034142
BRD/BTC,1635624266750,2021-10-30T20:04:26.750Z,buy,3.98e-06,287.0,0.00114226
BRD/BTC,1635624288473,2021-10-30T20:04:48.473Z,buy,3.98e-06,1963.0,0.00781274
BRD/BTC,1635624299307,2021-10-30T20:04:59.307Z,buy,3.98e-06,166.0,0.00066068
BRD/BTC,1635624329483,2021-10-30T20:05:29.483Z,buy,3.98e-06,2026.0,0.00806348
BRD/BTC,1635624329483,2021-10-30T20:05:29.483Z,buy,3.99e-06,5624.0,0.02243976
BRD/BTC,1635624342285,2021-10-30T20:05:42.285Z,buy,3.99e-06,1611.0,0.0064278899999999995
BRD/BTC,1635624374488,2021-10-30T20:06:14.488Z,buy,3.99e-06,84.0,0.00033516
BRD/BTC,1635624386136,2021-10-30T20:06:26.136Z,buy,3.99e-06,134.0,0.00053466
BRD/BTC,1635624390474,2021-10-30T20:06:30.474Z,buy,3.99e-06,43.0,0.00017156999999999999
BRD/BTC,1635624396412,2021-10-30T20:06:36.412Z,buy,3.99e-06,385.0,0.00153615
BRD/BTC,1635624418577,2021-10-30T20:06:58.577Z,buy,3.99e-06,449.0,0.00179151
BRD/BTC,1635624451027,2021-10-30T20:07:31.027Z,buy,3.99e-06,130.0,0.0005187
BRD/BTC,1635624504839,2021-10-30T20:08:24.839Z,buy,3.99e-06,191.0,0.00076209
BRD/BTC,1635624533443,2021-10-30T20:08:53.443Z,sell,3.96e-06,119.0,0.00047124000000000005
BRD/BTC,1635624569030,2021-10-30T20:09:29.030Z,buy,3.99e-06,1381.0,0.00551019
BRD/BTC,1635624583784,2021-10-30T20:09:43.784Z,buy,3.99e-06,62.0,0.00024738
BRD/BTC,1635624591351,2021-10-30T20:09:51.351Z,buy,3.99e-06,491.0,0.00195909
BRD/BTC,1635624660716,2021-10-30T20:11:00.716Z,sell,3.97e-06,73.0,0.00028981
BRD/BTC,1635624727508,2021-10-30T20:12:07.508Z,buy,3.99e-06,809.0,0.00322791
BRD/BTC,1635624801059,2021-10-30T20:13:21.059Z,sell,3.96e-06,400.0,0.0015840000000000001
BRD/BTC,1635624829607,2021-10-30T20:13:49.607Z,buy,3.98e-06,169.0,0.00067262
BRD/BTC,1635624840129,2021-10-30T20:14:00.129Z,sell,3.96e-06,179.0,0.0007088400000000001
BRD/BTC,1635624882957,2021-10-30T20:14:42.957Z,buy,3.99e-06,65.0,0.00025935
BRD/BTC,1635624988310,2021-10-30T20:16:28.310Z,sell,3.96e-06,206.0,0.00081576
BRD/BTC,1635625055791,2021-10-30T20:17:35.791Z,buy,3.98e-06,342.0,0.00136116
BRD/BTC,1635625094724,2021-10-30T20:18:14.724Z,sell,3.96e-06,31.0,0.00012276
BRD/BTC,1635625161785,2021-10-30T20:19:21.785Z,buy,3.98e-06,821.0,0.00326758
BRD/BTC,1635625197576,2021-10-30T20:19:57.576Z,buy,3.98e-06,3948.0,0.01571304
BRD/BTC,1635625251879,2021-10-30T20:20:51.879Z,sell,3.96e-06,4890.0,0.0193644
BRD/BTC,1635625251879,2021-10-30T20:20:51.879Z,sell,3.95e-06,437.0,0.00172615
BRD/BTC,1635625265082,2021-10-30T20:21:05.082Z,buy,3.98e-06,1676.0,0.00667048
BRD/BTC,1635625290384,2021-10-30T20:21:30.384Z,buy,3.97e-06,128.0,0.00050816
BRD/BTC,1635625290384,2021-10-30T20:21:30.384Z,buy,3.98e-06,986.0,0.00392428
BRD/BTC,1635625327759,2021-10-30T20:22:07.759Z,buy,3.98e-06,672.0,0.00267456
BRD/BTC,1635625336383,2021-10-30T20:22:16.383Z,buy,3.98e-06,2710.0,0.0107858
BRD/BTC,1635625336394,2021-10-30T20:22:16.394Z,sell,3.98e-06,117.0,0.00046566
BRD/BTC,1635625342669,2021-10-30T20:22:22.669Z,buy,3.99e-06,1539.0,0.0061406099999999995
BRD/BTC,1635625401417,2021-10-30T20:23:21.417Z,buy,3.99e-06,232.0,0.00092568
BRD/BTC,1635625478049,2021-10-30T20:24:38.049Z,sell,3.98e-06,92.0,0.00036616
BRD/BTC,1635625486046,2021-10-30T20:24:46.046Z,buy,3.99e-06,1263.0,0.00503937
BRD/BTC,1635625507129,2021-10-30T20:25:07.129Z,buy,3.99e-06,41.0,0.00016359
BRD/BTC,1635625657348,2021-10-30T20:27:37.348Z,sell,3.98e-06,218.0,0.00086764
BRD/BTC,1635625668343,2021-10-30T20:27:48.343Z,sell,3.98e-06,2843.0,0.01131514
BRD/BTC,1635625678899,2021-10-30T20:27:58.899Z,sell,3.98e-06,147.0,0.00058506
BRD/BTC,1635625679216,2021-10-30T20:27:59.216Z,sell,3.98e-06,110.0,0.0004378
BRD/BTC,1635625681198,2021-10-30T20:28:01.198Z,buy,3.99e-06,673.0,0.00268527
BRD/BTC,1635625770394,2021-10-30T20:29:30.394Z,sell,3.98e-06,126.0,0.00050148
BRD/BTC,1635625770452,2021-10-30T20:29:30.452Z,sell,3.98e-06,236.0,0.00093928
BRD/BTC,1635625770511,2021-10-30T20:29:30.511Z,sell,3.98e-06,236.0,0.00093928
BRD/BTC,1635625770548,2021-10-30T20:29:30.548Z,sell,3.98e-06,178.0,0.00070844
BRD/BTC,1635625802738,2021-10-30T20:30:02.738Z,buy,3.98e-06,6357.0,0.02530086
BRD/BTC,1635625802746,2021-10-30T20:30:02.746Z,sell,3.98e-06,240.0,0.0009552
BRD/BTC,1635625802802,2021-10-30T20:30:02.802Z,sell,3.98e-06,3038.0,0.01209124
BRD/BTC,1635625905802,2021-10-30T20:31:45.802Z,buy,3.97e-06,231.0,0.00091707
BRD/BTC,1635625905802,2021-10-30T20:31:45.802Z,buy,3.98e-06,20.0,7.96e-05
BRD/BTC,1635625986257,2021-10-30T20:33:06.257Z,buy,3.98e-06,5958.0,0.02371284
BRD/BTC,1635626157254,2021-10-30T20:35:57.254Z,buy,3.99e-06,77.0,0.00030722999999999997
BRD/BTC,1635626157254,2021-10-30T20:35:57.254Z,buy,3.99e-06,77.0,0.00030722999999999997
BRD/BTC,1635626510173,2021-10-30T20:41:50.173Z,sell,3.97e-06,800.0,0.003176
BRD/BTC,1635626573250,2021-10-30T20:42:53.250Z,sell,3.97e-06,1112.0,0.00441464
BRD/BTC,1635626659034,2021-10-30T20:44:19.034Z,sell,3.97e-06,2360.0,0.0093692
BRD/BTC,1635627055731,2021-10-30T20:50:55.731Z,buy,3.97e-06,1760.0,0.0069872
BRD/BTC,1635627055731,2021-10-30T20:50:55.731Z,buy,3.99e-06,13442.0,0.05363358
BRD/BTC,1635627055731,2021-10-30T20:50:55.731Z,buy,4e-06,14116.0,0.056464
BRD/BTC,1635627055731,2021-10-30T20:50:55.731Z,buy,4.01e-06,6582.0,0.02639382
BRD/BTC,1635627056402,2021-10-30T20:50:56.402Z,sell,3.98e-06,284.0,0.00113032
BRD/BTC,1635627056402,2021-10-30T20:50:56.402Z,sell,3.98e-06,284.0,0.00113032
BRD/BTC,1635627056403,2021-10-30T20:50:56.403Z,sell,3.98e-06,284.0,0.00113032
BRD/BTC,1635627056403,2021-10-30T20:50:56.403Z,sell,3.98e-06,284.0,0.00113032
BRD/BTC,1635627056403,2021-10-30T20:50:56.403Z,sell,3.98e-06,284.0,0.00113032
BRD/BTC,1635627056403,2021-10-30T20:50:56.403Z,sell,3.98e-06,284.0,0.00113032
BRD/BTC,1635627056403,2021-10-30T20:50:56.403Z,sell,3.98e-06,284.0,0.00113032
BRD/BTC,1635627056403,2021-10-30T20:50:56.403Z,sell,3.98e-06,25.0,9.95e-05
BRD/BTC,1635627056761,2021-10-30T20:50:56.761Z,buy,3.99e-06,26.0,0.00010373999999999999
BRD/BTC,1635627059028,2021-10-30T20:50:59.028Z,sell,3.98e-06,55.0,0.0002189
BRD/BTC,1635627084876,2021-10-30T20:51:24.876Z,buy,3.99e-06,19021.0,0.07589379
BRD/BTC,1635627084876,2021-10-30T20:51:24.876Z,buy,4e-06,2105.0,0.00842
BRD/BTC,1635627084876,2021-10-30T20:51:24.876Z,buy,4.01e-06,5647.0,0.02264447
BRD/BTC,1635627084876,2021-10-30T20:51:24.876Z,buy,4.02e-06,558.0,0.0022431599999999997
BRD/BTC,1635627084876,2021-10-30T20:51:24.876Z,buy,4.03e-06,951.0,0.0038325300000000002
BRD/BTC,1635627084876,2021-10-30T20:51:24.876Z,buy,4.04e-06,4426.0,0.01788104
BRD/BTC,1635627084876,2021-10-30T20:51:24.876Z,buy,4.05e-06,3103.0,0.012567150000000001
BRD/BTC,1635627084891,2021-10-30T20:51:24.891Z,sell,3.98e-06,4192.0,0.01668416
BRD/BTC,1635627084892,2021-10-30T20:51:24.892Z,sell,3.98e-06,222.0,0.00088356
BRD/BTC,1635627085785,2021-10-30T20:51:25.785Z,buy,4.04e-06,25.0,0.000101
BRD/BTC,1635627087695,2021-10-30T20:51:27.695Z,sell,4.02e-06,95.0,0.00038189999999999996
BRD/BTC,1635627094331,2021-10-30T20:51:34.331Z,sell,4.02e-06,54.0,0.00021707999999999997
BRD/BTC,1635627105549,2021-10-30T20:51:45.549Z,sell,4.01e-06,1489.0,0.0059708899999999995
BRD/BTC,1635627105549,2021-10-30T20:51:45.549Z,sell,4e-06,4341.0,0.017363999999999997
BRD/BTC,1635627105549,2021-10-30T20:51:45.549Z,sell,3.99e-06,1226.0,0.00489174
BRD/BTC,1635627105549,2021-10-30T20:51:45.549Z,sell,3.98e-06,4158.0,0.01654884
BRD/BTC,1635627105549,2021-10-30T20:51:45.549Z,sell,3.97e-06,7278.0,0.02889366
BRD/BTC,1635627105549,2021-10-30T20:51:45.549Z,sell,3.96e-06,11185.0,0.0442926
BRD/BTC,1635627105549,2021-10-30T20:51:45.549Z,sell,3.95e-06,2642.0,0.010435900000000001
BRD/BTC,1635627105549,2021-10-30T20:51:45.549Z,sell,3.94e-06,3500.0,0.013790000000000002
BRD/BTC,1635627105570,2021-10-30T20:51:45.570Z,sell,3.96e-06,892.0,0.0035323200000000003
BRD/BTC,1635627105965,2021-10-30T20:51:45.965Z,sell,3.96e-06,252.0,0.00099792
BRD/BTC,1635627105965,2021-10-30T20:51:45.965Z,sell,3.95e-06,3525.0,0.01392375
BRD/BTC,1635627106074,2021-10-30T20:51:46.074Z,sell,3.95e-06,326.0,0.0012877000000000001
BRD/BTC,1635627106153,2021-10-30T20:51:46.153Z,sell,3.95e-06,27.0,0.00010665
BRD/BTC,1635627131547,2021-10-30T20:52:11.547Z,sell,3.95e-06,546.0,0.0021567
BRD/BTC,1635627146678,2021-10-30T20:52:26.678Z,sell,3.95e-06,252.0,0.0009954
BRD/BTC,1635627155996,2021-10-30T20:52:35.996Z,buy,3.96e-06,250.0,0.00099
BRD/BTC,1635627165572,2021-10-30T20:52:45.572Z,sell,3.95e-06,996.0,0.0039342000000000005
BRD/BTC,1635627227489,2021-10-30T20:53:47.489Z,buy,3.96e-06,1803.0,0.00713988
BRD/BTC,1635627232162,2021-10-30T20:53:52.162Z,buy,3.96e-06,1353.0,0.005357880000000001
BRD/BTC,1635627240836,2021-10-30T20:54:00.836Z,buy,3.96e-06,1014.0,0.00401544
BRD/BTC,1635627244690,2021-10-30T20:54:04.690Z,buy,3.96e-06,507.0,0.00200772
BRD/BTC,1635627248879,2021-10-30T20:54:08.879Z,buy,3.96e-06,380.0,0.0015048000000000001
BRD/BTC,1635627252706,2021-10-30T20:54:12.706Z,buy,3.96e-06,285.0,0.0011286
BRD/BTC,1635627259704,2021-10-30T20:54:19.704Z,buy,3.96e-06,1781.0,0.00705276
BRD/BTC,1635627259713,2021-10-30T20:54:19.713Z,sell,3.96e-06,129.0,0.00051084
BRD/BTC,1635627265525,2021-10-30T20:54:25.525Z,buy,3.97e-06,214.0,0.0008495800000000001
BRD/BTC,1635627273891,2021-10-30T20:54:33.891Z,buy,3.97e-06,642.0,0.00254874
BRD/BTC,1635627318885,2021-10-30T20:55:18.885Z,buy,3.97e-06,1012.0,0.00401764
BRD/BTC,1635627323947,2021-10-30T20:55:23.947Z,buy,3.97e-06,1616.0,0.00641552
BRD/BTC,1635627417967,2021-10-30T20:56:57.967Z,buy,3.98e-06,148.0,0.00058904
BRD/BTC,1635627421312,2021-10-30T20:57:01.312Z,buy,3.98e-06,279.0,0.00111042
BRD/BTC,1635627439572,2021-10-30T20:57:19.572Z,buy,3.98e-06,3210.0,0.0127758
BRD/BTC,1635627461683,2021-10-30T20:57:41.683Z,sell,3.98e-06,465.0,0.0018507
BRD/BTC,1635627629295,2021-10-30T21:00:29.295Z,buy,3.99e-06,2018.0,0.00805182
BRD/BTC,1635627629305,2021-10-30T21:00:29.305Z,sell,3.99e-06,147.0,0.00058653
BRD/BTC,1635627667704,2021-10-30T21:01:07.704Z,sell,3.99e-06,26.0,0.00010373999999999999
BRD/BTC,1635627669321,2021-10-30T21:01:09.321Z,buy,4e-06,4299.0,0.017196
BRD/BTC,1635627710028,2021-10-30T21:01:50.028Z,buy,4e-06,2473.0,0.009892
BRD/BTC,1635627710028,2021-10-30T21:01:50.028Z,buy,4.01e-06,1067.0,0.00427867
BRD/BTC,1635627710032,2021-10-30T21:01:50.032Z,sell,4.01e-06,3211.0,0.01287611
BRD/BTC,1635627710032,2021-10-30T21:01:50.032Z,sell,4.01e-06,3211.0,0.01287611
BRD/BTC,1635627710037,2021-10-30T21:01:50.037Z,sell,4.01e-06,124.0,0.0004972399999999999
BRD/BTC,1635627710098,2021-10-30T21:01:50.098Z,sell,4.01e-06,606.0,0.00243006
BRD/BTC,1635627710150,2021-10-30T21:01:50.150Z,sell,4.01e-06,321.0,0.00128721
BRD/BTC,1635627727839,2021-10-30T21:02:07.839Z,buy,4.02e-06,467.0,0.00187734
BRD/BTC,1635627727839,2021-10-30T21:02:07.839Z,buy,4.04e-06,200.0,0.000808
BRD/BTC,1635627744583,2021-10-30T21:02:24.583Z,buy,4.03e-06,115.0,0.00046345
BRD/BTC,1635627744583,2021-10-30T21:02:24.583Z,buy,4.04e-06,448.0,0.00180992
BRD/BTC,1635627744597,2021-10-30T21:02:24.597Z,sell,4.04e-06,102.0,0.00041208000000000005
BRD/BTC,1635627744647,2021-10-30T21:02:24.647Z,sell,4.04e-06,152.0,0.00061408
BRD/BTC,1635627752878,2021-10-30T21:02:32.878Z,sell,4.02e-06,250.0,0.0010049999999999998
BRD/BTC,1635627761755,2021-10-30T21:02:41.755Z,sell,4.01e-06,497.0,0.0019929699999999997
BRD/BTC,1635627787661,2021-10-30T21:03:07.661Z,buy,4.03e-06,246.0,0.00099138
BRD/BTC,1635627801417,2021-10-30T21:03:21.417Z,buy,4.03e-06,68.0,0.00027404
BRD/BTC,1635627801417,2021-10-30T21:03:21.417Z,buy,4.04e-06,3244.0,0.013105760000000001
BRD/BTC,1635627807874,2021-10-30T21:03:27.874Z,buy,4.04e-06,54.0,0.00021816
BRD/BTC,1635627932981,2021-10-30T21:05:32.981Z,buy,4.04e-06,199.0,0.00080396
BRD/BTC,1635627933006,2021-10-30T21:05:33.006Z,buy,4.04e-06,100.0,0.000404
BRD/BTC,1635627933011,2021-10-30T21:05:33.011Z,buy,4.04e-06,421.0,0.0017008400000000001
BRD/BTC,1635627933270,2021-10-30T21:05:33.270Z,buy,4.05e-06,50.0,0.00020250000000000002
BRD/BTC,1635627965628,2021-10-30T21:06:05.628Z,buy,4.05e-06,53.0,0.00021465
BRD/BTC,1635627966621,2021-10-30T21:06:06.621Z,buy,4.05e-06,99.0,0.00040095
BRD/BTC,1635627966649,2021-10-30T21:06:06.649Z,buy,4.05e-06,247.0,0.0010003500000000001
BRD/BTC,1635627966774,2021-10-30T21:06:06.774Z,buy,4.05e-06,210.0,0.0008505
BRD/BTC,1635627967079,2021-10-30T21:06:07.079Z,buy,4.05e-06,25.0,0.00010125000000000001
BRD/BTC,1635627968073,2021-10-30T21:06:08.073Z,buy,4.05e-06,1753.0,0.007099650000000001
BRD/BTC,1635627985973,2021-10-30T21:06:25.973Z,buy,4.05e-06,39.0,0.00015795000000000002
BRD/BTC,1635627986307,2021-10-30T21:06:26.307Z,buy,4.05e-06,50.0,0.00020250000000000002
BRD/BTC,1635628209053,2021-10-30T21:10:09.053Z,sell,4.03e-06,39.0,0.00015717000000000001
BRD/BTC,1635628482990,2021-10-30T21:14:42.990Z,sell,4.02e-06,53.0,0.00021305999999999997
BRD/BTC,1635628533436,2021-10-30T21:15:33.436Z,sell,4.02e-06,1273.0,0.00511746
BRD/BTC,1635628533436,2021-10-30T21:15:33.436Z,sell,4.01e-06,6363.0,0.025515629999999997
BRD/BTC,1635628533436,2021-10-30T21:15:33.436Z,sell,4e-06,5734.0,0.022935999999999998
BRD/BTC,1635628560266,2021-10-30T21:16:00.266Z,sell,4e-06,520.0,0.00208
BRD/BTC,1635628746858,2021-10-30T21:19:06.858Z,buy,4.02e-06,1023.0,0.004112459999999999
BRD/BTC,1635628829359,2021-10-30T21:20:29.359Z,buy,4.02e-06,149.0,0.0005989799999999999
BRD/BTC,1635628829359,2021-10-30T21:20:29.359Z,buy,4.03e-06,1408.0,0.0056742400000000005
BRD/BTC,1635628829359,2021-10-30T21:20:29.359Z,buy,4.04e-06,2225.0,0.008989
BRD/BTC,1635628944516,2021-10-30T21:22:24.516Z,sell,4.04e-06,120.0,0.0004848
BRD/BTC,1635629038632,2021-10-30T21:23:58.632Z,buy,4.04e-06,57.0,0.00023028000000000002
BRD/BTC,1635629038632,2021-10-30T21:23:58.632Z,buy,4.05e-06,601.0,0.00243405
BRD/BTC,1635629160926,2021-10-30T21:26:00.926Z,sell,4.02e-06,325.0,0.0013065
BRD/BTC,1635629167787,2021-10-30T21:26:07.787Z,buy,4.04e-06,54.0,0.00021816
BRD/BTC,1635629167787,2021-10-30T21:26:07.787Z,buy,4.05e-06,468.0,0.0018954
BRD/BTC,1635629267720,2021-10-30T21:27:47.720Z,sell,4.02e-06,62.0,0.00024923999999999997
BRD/BTC,1635629267830,2021-10-30T21:27:47.830Z,buy,4.05e-06,8.0,3.24e-05
BRD/BTC,1635629269844,2021-10-30T21:27:49.844Z,buy,4.05e-06,493.0,0.00199665
BRD/BTC,1635629326306,2021-10-30T21:28:46.306Z,buy,4.05e-06,75.0,0.00030375000000000004
BRD/BTC,1635629587469,2021-10-30T21:33:07.469Z,buy,4.05e-06,104.0,0.00042120000000000005
BRD/BTC,1635629587476,2021-10-30T21:33:07.476Z,sell,4.05e-06,202.0,0.0008181
BRD/BTC,1635629587499,2021-10-30T21:33:07.499Z,sell,4.02e-06,202.0,0.0008120399999999999
BRD/BTC,1635629588121,2021-10-30T21:33:08.121Z,sell,4.03e-06,29.0,0.00011687000000000001
BRD/BTC,1635629647895,2021-10-30T21:34:07.895Z,sell,4.02e-06,3778.0,0.01518756
BRD/BTC,1635629659828,2021-10-30T21:34:19.828Z,sell,4.03e-06,1600.0,0.006448000000000001
BRD/BTC,1635629661943,2021-10-30T21:34:21.943Z,sell,4.03e-06,177.0,0.0007133100000000001
BRD/BTC,1635629661943,2021-10-30T21:34:21.943Z,sell,4.03e-06,177.0,0.0007133100000000001
BRD/BTC,1635629901965,2021-10-30T21:38:21.965Z,buy,4.04e-06,525.0,0.002121
BRD/BTC,1635629901965,2021-10-30T21:38:21.965Z,buy,4.05e-06,1500.0,0.0060750000000000005
BRD/BTC,1635629950145,2021-10-30T21:39:10.145Z,buy,4.05e-06,236.0,0.0009558
BRD/BTC,1635630201778,2021-10-30T21:43:21.778Z,sell,4.03e-06,4299.0,0.017324970000000002
BRD/BTC,1635630437349,2021-10-30T21:47:17.349Z,sell,4.02e-06,64.0,0.00025728
BRD/BTC,1635630563965,2021-10-30T21:49:23.965Z,sell,4.03e-06,103.0,0.00041509
BRD/BTC,1635630582916,2021-10-30T21:49:42.916Z,sell,4.02e-06,717.0,0.0028823399999999997
BRD/BTC,1635630728351,2021-10-30T21:52:08.351Z,sell,4.01e-06,498.0,0.0019969799999999998
BRD/BTC,1635630808384,2021-10-30T21:53:28.384Z,sell,4.02e-06,279.0,0.0011215799999999998
BRD/BTC,1635630808384,2021-10-30T21:53:28.384Z,sell,4.01e-06,100.0,0.000401
BRD/BTC,1635630829574,2021-10-30T21:53:49.574Z,buy,4.04e-06,51.0,0.00020604000000000003
BRD/BTC,1635630831221,2021-10-30T21:53:51.221Z,sell,4.01e-06,631.0,0.00253031
BRD/BTC,1635630905005,2021-10-30T21:55:05.005Z,buy,4.04e-06,604.0,0.0024401600000000002
BRD/BTC,1635630927902,2021-10-30T21:55:27.902Z,sell,4.02e-06,617.0,0.0024803399999999997
BRD/BTC,1635630927902,2021-10-30T21:55:27.902Z,sell,4.01e-06,1182.0,0.00473982
BRD/BTC,1635630927902,2021-10-30T21:55:27.902Z,sell,4e-06,8424.0,0.033696
BRD/BTC,1635630933945,2021-10-30T21:55:33.945Z,sell,4e-06,10190.0,0.04076
BRD/BTC,1635630993206,2021-10-30T21:56:33.206Z,sell,4e-06,212.0,0.000848
BRD/BTC,1635631035060,2021-10-30T21:57:15.060Z,buy,4.02e-06,50.0,0.00020099999999999998
BRD/BTC,1635631054330,2021-10-30T21:57:34.330Z,buy,4.02e-06,99.0,0.00039798
BRD/BTC,1635631077529,2021-10-30T21:57:57.529Z,sell,4.02e-06,317.0,0.0012743399999999999
BRD/BTC,1635631112646,2021-10-30T21:58:32.646Z,sell,4.02e-06,3084.0,0.01239768
BRD/BTC,1635631221004,2021-10-30T22:00:21.004Z,sell,4e-06,34.0,0.000136
BRD/BTC,1635631231397,2021-10-30T22:00:31.397Z,buy,4.02e-06,50.0,0.00020099999999999998
BRD/BTC,1635631245773,2021-10-30T22:00:45.773Z,buy,4.02e-06,249.0,0.0010009799999999998
BRD/BTC,1635631267997,2021-10-30T22:01:07.997Z,buy,4.02e-06,46.0,0.00018491999999999998
BRD/BTC,1635631357322,2021-10-30T22:02:37.322Z,buy,4.02e-06,140.0,0.0005627999999999999
BRD/BTC,1635631396723,2021-10-30T22:03:16.723Z,buy,4.02e-06,1485.0,0.0059697
BRD/BTC,1635631404367,2021-10-30T22:03:24.367Z,buy,4.02e-06,140.0,0.0005627999999999999
BRD/BTC,1635631419060,2021-10-30T22:03:39.060Z,sell,4e-06,150.0,0.0006
BRD/BTC,1635631430765,2021-10-30T22:03:50.765Z,sell,4e-06,78.0,0.000312
BRD/BTC,1635631462484,2021-10-30T22:04:22.484Z,sell,4e-06,3681.0,0.014724
BRD/BTC,1635631509286,2021-10-30T22:05:09.286Z,buy,4.02e-06,206.0,0.0008281199999999999
BRD/BTC,1635631668496,2021-10-30T22:07:48.496Z,sell,4.01e-06,196.0,0.0007859599999999999
BRD/BTC,1635631685189,2021-10-30T22:08:05.189Z,buy,4.02e-06,98.0,0.00039395999999999995
BRD/BTC,1635631705461,2021-10-30T22:08:25.461Z,buy,4.02e-06,2108.0,0.00847416
BRD/BTC,1635632559447,2021-10-30T22:22:39.447Z,buy,4.02e-06,2106.0,0.008466119999999999
BRD/BTC,1635632589696,2021-10-30T22:23:09.696Z,buy,4.03e-06,1783.0,0.007185490000000001
BRD/BTC,1635632589696,2021-10-30T22:23:09.696Z,buy,4.04e-06,5937.0,0.02398548
BRD/BTC,1635632590430,2021-10-30T22:23:10.430Z,sell,4.01e-06,379.0,0.0015197899999999998
BRD/BTC,1635632590430,2021-10-30T22:23:10.430Z,sell,4e-06,149.0,0.000596
BRD/BTC,1635632590430,2021-10-30T22:23:10.430Z,sell,3.99e-06,317.0,0.00126483
BRD/BTC,1635632593748,2021-10-30T22:23:13.748Z,sell,4.02e-06,54.0,0.00021707999999999997
BRD/BTC,1635632600555,2021-10-30T22:23:20.555Z,sell,3.99e-06,385.0,0.00153615
BRD/BTC,1635632600555,2021-10-30T22:23:20.555Z,sell,3.98e-06,4022.0,0.01600756
BRD/BTC,1635632600565,2021-10-30T22:23:20.565Z,buy,4.02e-06,10.0,4.0199999999999995e-05
BRD/BTC,1635632600895,2021-10-30T22:23:20.895Z,buy,4e-06,534.0,0.002136
BRD/BTC,1635632600900,2021-10-30T22:23:20.900Z,buy,4e-06,270.0,0.00108
BRD/BTC,1635632600938,2021-10-30T22:23:20.938Z,buy,4e-06,402.0,0.0016079999999999998
BRD/BTC,1635632601048,2021-10-30T22:23:21.048Z,buy,4e-06,101.0,0.000404
BRD/BTC,1635632601145,2021-10-30T22:23:21.145Z,buy,4e-06,145.0,0.00058
BRD/BTC,1635632601176,2021-10-30T22:23:21.176Z,buy,4e-06,101.0,0.000404
BRD/BTC,1635632647436,2021-10-30T22:24:07.436Z,buy,4e-06,517.0,0.002068
BRD/BTC,1635632688836,2021-10-30T22:24:48.836Z,buy,4.02e-06,362.0,0.0014552399999999998
BRD/BTC,1635632704635,2021-10-30T22:25:04.635Z,buy,4.04e-06,12277.0,0.049599080000000004
BRD/BTC,1635632704635,2021-10-30T22:25:04.635Z,buy,4.05e-06,1764.0,0.007144200000000001
BRD/BTC,1635632704640,2021-10-30T22:25:04.640Z,sell,4.05e-06,5165.0,0.02091825
BRD/BTC,1635632770354,2021-10-30T22:26:10.354Z,buy,4.05e-06,336.0,0.0013608000000000001
BRD/BTC,1635633080077,2021-10-30T22:31:20.077Z,buy,4.05e-06,37.0,0.00014985
BRD/BTC,1635633104953,2021-10-30T22:31:44.953Z,buy,4.06e-06,868.0,0.00352408
BRD/BTC,1635633104957,2021-10-30T22:31:44.957Z,sell,4.06e-06,567.0,0.00230202
BRD/BTC,1635633104958,2021-10-30T22:31:44.958Z,sell,4.06e-06,1213.0,0.00492478
BRD/BTC,1635633104958,2021-10-30T22:31:44.958Z,sell,4.06e-06,567.0,0.00230202
BRD/BTC,1635633104963,2021-10-30T22:31:44.963Z,sell,4.06e-06,270.0,0.0010962
BRD/BTC,1635633112168,2021-10-30T22:31:52.168Z,sell,4.06e-06,1449.0,0.0058829400000000006
BRD/BTC,1635633112168,2021-10-30T22:31:52.168Z,sell,4.05e-06,25.0,0.00010125000000000001
BRD/BTC,1635633130724,2021-10-30T22:32:10.724Z,buy,4.05e-06,2291.0,0.00927855
BRD/BTC,1635633154923,2021-10-30T22:32:34.923Z,sell,4.05e-06,49.0,0.00019845
BRD/BTC,1635633239481,2021-10-30T22:33:59.481Z,buy,4.07e-06,1545.0,0.00628815
BRD/BTC,1635633247720,2021-10-30T22:34:07.720Z,sell,4.07e-06,25.0,0.00010175
BRD/BTC,1635633247720,2021-10-30T22:34:07.720Z,sell,4.07e-06,25.0,0.00010175
BRD/BTC,1635633263778,2021-10-30T22:34:23.778Z,buy,4.08e-06,53.0,0.00021624
BRD/BTC,1635633273016,2021-10-30T22:34:33.016Z,buy,4.08e-06,1020.0,0.0041616
BRD/BTC,1635633415646,2021-10-30T22:36:55.646Z,buy,4.08e-06,2006.0,0.00818448
BRD/BTC,1635633765021,2021-10-30T22:42:45.021Z,buy,4.06e-06,25.0,0.0001015
BRD/BTC,1635633781514,2021-10-30T22:43:01.514Z,buy,4.06e-06,38.0,0.00015428
BRD/BTC,1635633792209,2021-10-30T22:43:12.209Z,buy,4.06e-06,56.0,0.00022736000000000002
BRD/BTC,1635633793531,2021-10-30T22:43:13.531Z,buy,4.07e-06,363.0,0.00147741
BRD/BTC,1635633896515,2021-10-30T22:44:56.515Z,sell,4.05e-06,3129.0,0.01267245
BRD/BTC,1635633911594,2021-10-30T22:45:11.594Z,buy,4.05e-06,2000.0,0.0081
BRD/BTC,1635633967703,2021-10-30T22:46:07.703Z,buy,4.05e-06,25.0,0.00010125000000000001
BRD/BTC,1635634055278,2021-10-30T22:47:35.278Z,sell,4.04e-06,54.0,0.00021816
BRD/BTC,1635634055278,2021-10-30T22:47:35.278Z,sell,4.03e-06,508.0,0.00204724
BRD/BTC,1635634055278,2021-10-30T22:47:35.278Z,sell,4.02e-06,104.0,0.00041808
BRD/BTC,1635634080631,2021-10-30T22:48:00.631Z,sell,4.02e-06,1847.0,0.00742494
BRD/BTC,1635634080631,2021-10-30T22:48:00.631Z,sell,4.01e-06,1208.0,0.00484408
BRD/BTC,1635634080646,2021-10-30T22:48:00.646Z,buy,4.03e-06,294.0,0.00118482
BRD/BTC,1635634080676,2021-10-30T22:48:00.676Z,buy,4.03e-06,334.0,0.00134602
BRD/BTC,1635634119164,2021-10-30T22:48:39.164Z,sell,4.01e-06,1998.0,0.00801198
BRD/BTC,1635634134446,2021-10-30T22:48:54.446Z,buy,4.01e-06,570.0,0.0022857
BRD/BTC,1635634161708,2021-10-30T22:49:21.708Z,buy,4.01e-06,118.0,0.00047317999999999997
BRD/BTC,1635634161826,2021-10-30T22:49:21.826Z,buy,4.01e-06,119.0,0.00047718999999999995
BRD/BTC,1635634161843,2021-10-30T22:49:21.843Z,buy,4.01e-06,202.0,0.00081002
BRD/BTC,1635634213134,2021-10-30T22:50:13.134Z,buy,4.01e-06,853.0,0.0034205299999999998
BRD/BTC,1635634276246,2021-10-30T22:51:16.246Z,sell,4.01e-06,25.0,0.00010025
BRD/BTC,1635634282703,2021-10-30T22:51:22.703Z,sell,4.01e-06,40.0,0.0001604
BRD/BTC,1635634327454,2021-10-30T22:52:07.454Z,buy,4.02e-06,1156.0,0.004647119999999999
BRD/BTC,1635634327454,2021-10-30T22:52:07.454Z,buy,4.03e-06,280.0,0.0011284
BRD/BTC,1635634327454,2021-10-30T22:52:07.454Z,buy,4.04e-06,339.0,0.0013695600000000001
BRD/BTC,1635634327789,2021-10-30T22:52:07.789Z,sell,4.03e-06,150.0,0.0006045
BRD/BTC,1635634335854,2021-10-30T22:52:15.854Z,sell,4.03e-06,1048.0,0.00422344
BRD/BTC,1635634335854,2021-10-30T22:52:15.854Z,sell,4.02e-06,1281.0,0.00514962
BRD/BTC,1635634427863,2021-10-30T22:53:47.863Z,buy,4.04e-06,56.0,0.00022624
BRD/BTC,1635634517984,2021-10-30T22:55:17.984Z,sell,4.02e-06,150.0,0.0006029999999999999
BRD/BTC,1635634563464,2021-10-30T22:56:03.464Z,buy,4.04e-06,460.0,0.0018584
BRD/BTC,1635635027301,2021-10-30T23:03:47.301Z,sell,4.02e-06,442.0,0.0017768399999999998
BRD/BTC,1635635030104,2021-10-30T23:03:50.104Z,sell,4.02e-06,92.0,0.00036983999999999997
BRD/BTC,1635635073030,2021-10-30T23:04:33.030Z,sell,4.02e-06,3948.0,0.01587096
BRD/BTC,1635635282471,2021-10-30T23:08:02.471Z,sell,4.02e-06,500.0,0.0020099999999999996
BRD/BTC,1635635369177,2021-10-30T23:09:29.177Z,sell,4.02e-06,63.0,0.00025326
BRD/BTC,1635635375543,2021-10-30T23:09:35.543Z,buy,4.04e-06,42.0,0.00016968000000000002
BRD/BTC,1635635514979,2021-10-30T23:11:54.979Z,buy,4.04e-06,235.0,0.0009494000000000001
BRD/BTC,1635635521354,2021-10-30T23:12:01.354Z,buy,4.04e-06,46.0,0.00018584000000000002
BRD/BTC,1635635591919,2021-10-30T23:13:11.919Z,buy,4.04e-06,2459.0,0.009934360000000001
BRD/BTC,1635635592384,2021-10-30T23:13:12.384Z,buy,4.04e-06,38.0,0.00015352
BRD/BTC,1635635718868,2021-10-30T23:15:18.868Z,sell,4.02e-06,864.0,0.0034732799999999996
BRD/BTC,1635635747269,2021-10-30T23:15:47.269Z,sell,4.02e-06,2000.0,0.008039999999999999
BRD/BTC,1635636370522,2021-10-30T23:26:10.522Z,sell,4.02e-06,624.0,0.0025084799999999996
BRD/BTC,1635636470390,2021-10-30T23:27:50.390Z,sell,4.02e-06,159.0,0.0006391799999999999
BRD/BTC,1635636519793,2021-10-30T23:28:39.793Z,buy,4.03e-06,100.0,0.00040300000000000004
BRD/BTC,1635636652242,2021-10-30T23:30:52.242Z,buy,4.04e-06,687.0,0.0027754800000000003
BRD/BTC,1635636652587,2021-10-30T23:30:52.587Z,buy,4.04e-06,509.0,0.00205636
BRD/BTC,1635636653006,2021-10-30T23:30:53.006Z,buy,4.04e-06,28.0,0.00011312
BRD/BTC,1635636805356,2021-10-30T23:33:25.356Z,sell,4.01e-06,379.0,0.0015197899999999998
BRD/BTC,1635636805356,2021-10-30T23:33:25.356Z,sell,4e-06,3621.0,0.014483999999999999
BRD/BTC,1635636827263,2021-10-30T23:33:47.263Z,sell,4.01e-06,460.0,0.0018445999999999998
BRD/BTC,1635636827263,2021-10-30T23:33:47.263Z,sell,4e-06,3540.0,0.014159999999999999
BRD/BTC,1635636844112,2021-10-30T23:34:04.112Z,sell,4e-06,532.0,0.002128
BRD/BTC,1635636844112,2021-10-30T23:34:04.112Z,sell,4e-06,532.0,0.002128
BRD/BTC,1635636850377,2021-10-30T23:34:10.377Z,sell,4e-06,128.0,0.000512
BRD/BTC,1635636894820,2021-10-30T23:34:54.820Z,sell,4e-06,341.0,0.001364
BRD/BTC,1635636907037,2021-10-30T23:35:07.037Z,sell,4e-06,100.0,0.00039999999999999996
BRD/BTC,1635636948311,2021-10-30T23:35:48.311Z,sell,4e-06,33.0,0.00013199999999999998
BRD/BTC,1635636976432,2021-10-30T23:36:16.432Z,buy,4.02e-06,50.0,0.00020099999999999998
BRD/BTC,1635637184486,2021-10-30T23:39:44.486Z,sell,4e-06,92.0,0.000368
BRD/BTC,1635637618350,2021-10-30T23:46:58.350Z,buy,4.02e-06,99.0,0.00039798
BRD/BTC,1635637800679,2021-10-30T23:50:00.679Z,buy,4.04e-06,433.0,0.0017493200000000002
BRD/BTC,1635637800679,2021-10-30T23:50:00.679Z,buy,4.05e-06,664.0,0.0026892
BRD/BTC,1635637800679,2021-10-30T23:50:00.679Z,buy,4.06e-06,662.0,0.00268772
BRD/BTC,1635637800679,2021-10-30T23:50:00.679Z,buy,4.07e-06,366.0,0.00148962
BRD/BTC,1635637800679,2021-10-30T23:50:00.679Z,buy,4.08e-06,279.0,0.00113832
BRD/BTC,1635637864293,2021-10-30T23:51:04.293Z,buy,4.06e-06,445.0,0.0018067
BRD/BTC,1635637874174,2021-10-30T23:51:14.174Z,sell,4.05e-06,95.0,0.00038475
BRD/BTC,1635637877450,2021-10-30T23:51:17.450Z,sell,4.04e-06,49.0,0.00019796
BRD/BTC,1635637904698,2021-10-30T23:51:44.698Z,sell,4.04e-06,5.0,2.0200000000000003e-05
BRD/BTC,1635637904698,2021-10-30T23:51:44.698Z,sell,4.03e-06,275.0,0.00110825
BRD/BTC,1635638070892,2021-10-30T23:54:30.892Z,sell,4.03e-06,233.0,0.0009389900000000001
BRD/BTC,1635638070892,2021-10-30T23:54:30.892Z,sell,4.02e-06,136.0,0.00054672
BRD/BTC,1635638397797,2021-10-30T23:59:57.797Z,sell,4.02e-06,69.0,0.00027738
BRD/BTC,1635638446473,2021-10-31T00:00:46.473Z,buy,4.06e-06,58.0,0.00023548000000000002
BRD/BTC,1635638447443,2021-10-31T00:00:47.443Z,buy,4.06e-06,30.0,0.0001218
BRD/BTC,1635638447461,2021-10-31T00:00:47.461Z,buy,4.06e-06,474.0,0.0019244400000000001
BRD/BTC,1635638447467,2021-10-31T00:00:47.467Z,sell,4.06e-06,1314.0,0.00533484
BRD/BTC,1635638447467,2021-10-31T00:00:47.467Z,sell,4.06e-06,1314.0,0.00533484
BRD/BTC,1635638447476,2021-10-31T00:00:47.476Z,sell,4.06e-06,162.0,0.00065772
BRD/BTC,1635638447602,2021-10-31T00:00:47.602Z,sell,4.06e-06,162.0,0.00065772
BRD/BTC,1635638447739,2021-10-31T00:00:47.739Z,sell,4.06e-06,162.0,0.00065772
BRD/BTC,1635638447816,2021-10-31T00:00:47.816Z,sell,4.06e-06,889.0,0.00360934
BRD/BTC,1635638447831,2021-10-31T00:00:47.831Z,sell,4.06e-06,162.0,0.00065772
BRD/BTC,1635638447871,2021-10-31T00:00:47.871Z,sell,4.06e-06,288.0,0.00116928
BRD/BTC,1635638447871,2021-10-31T00:00:47.871Z,sell,4.03e-06,157.0,0.0006327100000000001
BRD/BTC,1635638453179,2021-10-31T00:00:53.179Z,buy,4.06e-06,74.0,0.00030044
BRD/BTC,1635638501604,2021-10-31T00:01:41.604Z,buy,4.06e-06,77.0,0.00031262
BRD/BTC,1635638501740,2021-10-31T00:01:41.740Z,buy,4.06e-06,222.0,0.00090132
BRD/BTC,1635638572208,2021-10-31T00:02:52.208Z,buy,4.06e-06,98.0,0.00039788000000000003
BRD/BTC,1635638592156,2021-10-31T00:03:12.156Z,sell,4.04e-06,25.0,0.000101
BRD/BTC,1635638609832,2021-10-31T00:03:29.832Z,buy,4.05e-06,38.0,0.0001539
BRD/BTC,1635638629977,2021-10-31T00:03:49.977Z,buy,4.05e-06,52.0,0.00021060000000000002
BRD/BTC,1635638631114,2021-10-31T00:03:51.114Z,buy,4.05e-06,77.0,0.00031185
BRD/BTC,1635638632253,2021-10-31T00:03:52.253Z,buy,4.05e-06,8.0,3.24e-05
BRD/BTC,1635638632253,2021-10-31T00:03:52.253Z,buy,4.06e-06,25.0,0.0001015
BRD/BTC,1635638632253,2021-10-31T00:03:52.253Z,buy,4.07e-06,311.0,0.00126577
BRD/BTC,1635638632253,2021-10-31T00:03:52.253Z,buy,4.08e-06,532.0,0.0021705599999999998
BRD/BTC,1635638634199,2021-10-31T00:03:54.199Z,buy,4.07e-06,86.0,0.00035002
BRD/BTC,1635638635341,2021-10-31T00:03:55.341Z,buy,4.07e-06,122.0,0.00049654
BRD/BTC,1635638638067,2021-10-31T00:03:58.067Z,buy,4.07e-06,183.0,0.00074481
BRD/BTC,1635638639220,2021-10-31T00:03:59.220Z,buy,4.07e-06,129.0,0.00052503
BRD/BTC,1635638640633,2021-10-31T00:04:00.633Z,buy,4.07e-06,265.0,0.00107855
BRD/BTC,1635638641985,2021-10-31T00:04:01.985Z,buy,4.07e-06,164.0,0.00066748
BRD/BTC,1635638643191,2021-10-31T00:04:03.191Z,buy,4.07e-06,61.0,0.00024827
BRD/BTC,1635638643191,2021-10-31T00:04:03.191Z,buy,4.08e-06,195.0,0.0007955999999999999
BRD/BTC,1635638644728,2021-10-31T00:04:04.728Z,buy,4.07e-06,218.0,0.00088726
BRD/BTC,1635638646269,2021-10-31T00:04:06.269Z,buy,4.07e-06,223.0,0.00090761
BRD/BTC,1635638647411,2021-10-31T00:04:07.411Z,buy,4.07e-06,236.0,0.00096052
BRD/BTC,1635638648543,2021-10-31T00:04:08.543Z,buy,4.07e-06,269.0,0.00109483
BRD/BTC,1635638649684,2021-10-31T00:04:09.684Z,buy,4.07e-06,270.0,0.0010989
BRD/BTC,1635638651244,2021-10-31T00:04:11.244Z,buy,4.07e-06,2386.0,0.00971102
BRD/BTC,1635638652388,2021-10-31T00:04:12.388Z,buy,4.07e-06,431.0,0.00175417
BRD/BTC,1635638653541,2021-10-31T00:04:13.541Z,buy,4.07e-06,418.0,0.00170126
BRD/BTC,1635638654687,2021-10-31T00:04:14.687Z,buy,4.07e-06,566.0,0.00230362
BRD/BTC,1635638654897,2021-10-31T00:04:14.897Z,sell,4.05e-06,3253.0,0.013174650000000001
BRD/BTC,1635638656037,2021-10-31T00:04:16.037Z,buy,4.06e-06,420.0,0.0017052
BRD/BTC,1635638657609,2021-10-31T00:04:17.609Z,buy,4.07e-06,611.0,0.00248677
BRD/BTC,1635638658760,2021-10-31T00:04:18.760Z,buy,4.07e-06,436.0,0.00177452
BRD/BTC,1635638660292,2021-10-31T00:04:20.292Z,buy,4.07e-06,604.0,0.00245828
BRD/BTC,1635638662432,2021-10-31T00:04:22.432Z,buy,4.07e-06,480.0,0.0019535999999999998
BRD/BTC,1635638663586,2021-10-31T00:04:23.586Z,buy,4.07e-06,453.0,0.00184371
BRD/BTC,1635638665123,2021-10-31T00:04:25.123Z,buy,4.07e-06,505.0,0.00205535
BRD/BTC,1635638666258,2021-10-31T00:04:26.258Z,buy,4.07e-06,514.0,0.00209198
BRD/BTC,1635638667403,2021-10-31T00:04:27.403Z,buy,4.07e-06,578.0,0.00235246
BRD/BTC,1635638668535,2021-10-31T00:04:28.535Z,buy,4.07e-06,635.0,0.00258445
BRD/BTC,1635638669669,2021-10-31T00:04:29.669Z,buy,4.07e-06,691.0,0.00281237
BRD/BTC,1635638671867,2021-10-31T00:04:31.867Z,buy,4.07e-06,473.0,0.00192511
BRD/BTC,1635638671867,2021-10-31T00:04:31.867Z,buy,4.08e-06,249.0,0.00101592
BRD/BTC,1635638673024,2021-10-31T00:04:33.024Z,buy,4.08e-06,752.0,0.00306816
BRD/BTC,1635638673327,2021-10-31T00:04:33.327Z,buy,4.08e-06,29.0,0.00011831999999999999
BRD/BTC,1635638674166,2021-10-31T00:04:34.166Z,buy,4.08e-06,725.0,0.002958
BRD/BTC,1635638674166,2021-10-31T00:04:34.166Z,buy,4.09e-06,18.0,7.361999999999999e-05
BRD/BTC,1635638675307,2021-10-31T00:04:35.307Z,buy,4.09e-06,978.0,0.00400002
BRD/BTC,1635638676445,2021-10-31T00:04:36.445Z,buy,4.09e-06,806.0,0.0032965399999999997
BRD/BTC,1635638676977,2021-10-31T00:04:36.977Z,buy,4.09e-06,2000.0,0.00818
BRD/BTC,1635638677592,2021-10-31T00:04:37.592Z,buy,4.09e-06,825.0,0.0033742499999999996
BRD/BTC,1635638678728,2021-10-31T00:04:38.728Z,buy,4.09e-06,865.0,0.00353785
BRD/BTC,1635638679864,2021-10-31T00:04:39.864Z,buy,4.09e-06,875.0,0.00357875
BRD/BTC,1635638681399,2021-10-31T00:04:41.399Z,buy,4.09e-06,1016.0,0.00415544
BRD/BTC,1635638683756,2021-10-31T00:04:43.756Z,buy,4.09e-06,1028.0,0.00420452
BRD/BTC,1635638684890,2021-10-31T00:04:44.890Z,buy,4.09e-06,1042.0,0.00426178
BRD/BTC,1635638686248,2021-10-31T00:04:46.248Z,buy,4.09e-06,1109.0,0.0045358099999999995
BRD/BTC,1635638687981,2021-10-31T00:04:47.981Z,buy,4.09e-06,1214.0,0.00496526
BRD/BTC,1635638689121,2021-10-31T00:04:49.121Z,buy,4.09e-06,1691.0,0.00691619
BRD/BTC,1635638690264,2021-10-31T00:04:50.264Z,buy,4.09e-06,1546.0,0.00632314
BRD/BTC,1635638691397,2021-10-31T00:04:51.397Z,buy,4.09e-06,1653.0,0.006760769999999999
BRD/BTC,1635638693337,2021-10-31T00:04:53.337Z,buy,4.09e-06,1818.0,0.0074356199999999996
BRD/BTC,1635638694486,2021-10-31T00:04:54.486Z,buy,4.09e-06,1950.0,0.0079755
BRD/BTC,1635638694765,2021-10-31T00:04:54.765Z,buy,4.09e-06,53.0,0.00021677
BRD/BTC,1635638695822,2021-10-31T00:04:55.822Z,buy,4.09e-06,2370.0,0.0096933
BRD/BTC,1635638697167,2021-10-31T00:04:57.167Z,buy,4.09e-06,2433.0,0.00995097
BRD/BTC,1635638698505,2021-10-31T00:04:58.505Z,buy,4.09e-06,2470.0,0.0101023
BRD/BTC,1635638699843,2021-10-31T00:04:59.843Z,buy,4.09e-06,2886.0,0.01180374
BRD/BTC,1635638701310,2021-10-31T00:05:01.310Z,buy,4.09e-06,2518.0,0.01029862
BRD/BTC,1635638702484,2021-10-31T00:05:02.484Z,buy,4.09e-06,208.0,0.0008507199999999999
BRD/BTC,1635638703282,2021-10-31T00:05:03.282Z,buy,4.09e-06,2542.0,0.01039678
BRD/BTC,1635638704419,2021-10-31T00:05:04.419Z,buy,4.09e-06,2829.0,0.01157061
BRD/BTC,1635638705570,2021-10-31T00:05:05.570Z,buy,4.09e-06,2740.0,0.011206599999999999
BRD/BTC,1635638706709,2021-10-31T00:05:06.709Z,buy,4.09e-06,3112.0,0.01272808
BRD/BTC,1635638708252,2021-10-31T00:05:08.252Z,buy,4.09e-06,3841.0,0.01570969
BRD/BTC,1635638709397,2021-10-31T00:05:09.397Z,buy,4.09e-06,4157.0,0.01700213
BRD/BTC,1635638711743,2021-10-31T00:05:11.743Z,buy,4.09e-06,5262.0,0.02152158
BRD/BTC,1635638712885,2021-10-31T00:05:12.885Z,buy,4.09e-06,5474.0,0.022388659999999998
BRD/BTC,1635638714637,2021-10-31T00:05:14.637Z,buy,4.09e-06,5304.0,0.02169336
BRD/BTC,1635638714637,2021-10-31T00:05:14.637Z,buy,4.1e-06,669.0,0.0027429
BRD/BTC,1635638715783,2021-10-31T00:05:15.783Z,buy,4.1e-06,6646.0,0.027248599999999998
BRD/BTC,1635638716928,2021-10-31T00:05:16.928Z,buy,4.1e-06,10587.0,0.0434067
BRD/BTC,1635638719754,2021-10-31T00:05:19.754Z,buy,4.1e-06,8954.0,0.0367114
BRD/BTC,1635638719771,2021-10-31T00:05:19.771Z,sell,4.08e-06,131.0,0.0005344799999999999
BRD/BTC,1635638721093,2021-10-31T00:05:21.093Z,buy,4.1e-06,8703.0,0.0356823
BRD/BTC,1635638721093,2021-10-31T00:05:21.093Z,buy,4.11e-06,453.0,0.0018618299999999999
BRD/BTC,1635638721093,2021-10-31T00:05:21.093Z,buy,4.12e-06,829.0,0.0034154800000000003
BRD/BTC,1635638722886,2021-10-31T00:05:22.886Z,buy,4.12e-06,10422.0,0.04293864000000001
BRD/BTC,1635638723891,2021-10-31T00:05:23.891Z,buy,4.12e-06,27.0,0.00011124000000000001
BRD/BTC,1635638724022,2021-10-31T00:05:24.022Z,buy,4.12e-06,2794.0,0.01151128
BRD/BTC,1635638724022,2021-10-31T00:05:24.022Z,buy,4.13e-06,156.0,0.00064428
BRD/BTC,1635638724022,2021-10-31T00:05:24.022Z,buy,4.14e-06,3463.0,0.01433682
BRD/BTC,1635638724022,2021-10-31T00:05:24.022Z,buy,4.15e-06,2027.0,0.00841205
BRD/BTC,1635638724022,2021-10-31T00:05:24.022Z,buy,4.16e-06,4932.0,0.02051712
BRD/BTC,1635638724239,2021-10-31T00:05:24.239Z,sell,4.09e-06,635.0,0.00259715
BRD/BTC,1635638724330,2021-10-31T00:05:24.330Z,sell,4.1e-06,49.0,0.00020089999999999998
BRD/BTC,1635638725560,2021-10-31T00:05:25.560Z,buy,4.11e-06,489.0,0.00200979
BRD/BTC,1635638725560,2021-10-31T00:05:25.560Z,buy,4.12e-06,146.0,0.00060152
BRD/BTC,1635638725560,2021-10-31T00:05:25.560Z,buy,4.14e-06,10679.0,0.04421106
BRD/BTC,1635638725560,2021-10-31T00:05:25.560Z,buy,4.15e-06,656.0,0.0027224000000000003
BRD/BTC,1635638725560,2021-10-31T00:05:25.560Z,buy,4.16e-06,5464.0,0.02273024
BRD/BTC,1635638725560,2021-10-31T00:05:25.560Z,buy,4.17e-06,2521.0,0.010512569999999999
BRD/BTC,1635638725560,2021-10-31T00:05:25.560Z,buy,4.18e-06,6394.0,0.026726919999999998
BRD/BTC,1635638725901,2021-10-31T00:05:25.901Z,sell,4.13e-06,261.0,0.0010779300000000002
BRD/BTC,1635638725963,2021-10-31T00:05:25.963Z,sell,4.12e-06,117.0,0.00048204000000000004
BRD/BTC,1635638726454,2021-10-31T00:05:26.454Z,sell,4.13e-06,452.0,0.00186676
BRD/BTC,1635638726566,2021-10-31T00:05:26.566Z,buy,4.16e-06,25.0,0.000104
BRD/BTC,1635638727101,2021-10-31T00:05:27.101Z,buy,4.16e-06,4167.0,0.01733472
BRD/BTC,1635638727101,2021-10-31T00:05:27.101Z,buy,4.17e-06,487.0,0.0020307899999999998
BRD/BTC,1635638727101,2021-10-31T00:05:27.101Z,buy,4.18e-06,1583.0,0.00661694
BRD/BTC,1635638727101,2021-10-31T00:05:27.101Z,buy,4.19e-06,15675.0,0.06567825
BRD/BTC,1635638727101,2021-10-31T00:05:27.101Z,buy,4.2e-06,7234.0,0.030382799999999998
BRD/BTC,1635638727144,2021-10-31T00:05:27.144Z,sell,4.13e-06,1114.0,0.00460082
BRD/BTC,1635638727165,2021-10-31T00:05:27.165Z,sell,4.14e-06,228.0,0.00094392
