symbol,timestamp,datetime,side,price,amount,btc_volume
BRD/BTC,1630083787196,2021-08-27T17:03:07.196Z,sell,3.9e-06,1004.0,0.0039156
BRD/BTC,1630083903300,2021-08-27T17:05:03.300Z,buy,3.91e-06,290.0,0.0011339
BRD/BTC,1630084629619,2021-08-27T17:17:09.619Z,buy,3.91e-06,1000.0,0.003909999999999999
BRD/BTC,1630084642648,2021-08-27T17:17:22.648Z,buy,3.91e-06,241.0,0.0009423099999999999
BRD/BTC,1630084679579,2021-08-27T17:17:59.579Z,buy,3.92e-06,95.0,0.0003724
BRD/BTC,1630084679579,2021-08-27T17:17:59.579Z,buy,3.93e-06,54.0,0.00021221999999999997
BRD/BTC,1630084679579,2021-08-27T17:17:59.579Z,buy,3.94e-06,551.0,0.00217094
BRD/BTC,1630084691516,2021-08-27T17:18:11.516Z,buy,3.92e-06,25.0,9.8e-05
BRD/BTC,1630084731113,2021-08-27T17:18:51.113Z,buy,3.92e-06,100.0,0.000392
BRD/BTC,1630084749314,2021-08-27T17:19:09.314Z,buy,3.93e-06,27.0,0.00010610999999999999
BRD/BTC,1630084875297,2021-08-27T17:21:15.297Z,buy,3.92e-06,128.0,0.00050176
BRD/BTC,1630084909929,2021-08-27T17:21:49.929Z,buy,3.92e-06,58.0,0.00022736
BRD/BTC,1630086043045,2021-08-27T17:40:43.045Z,buy,3.92e-06,97.0,0.00038023999999999995
BRD/BTC,1630086201380,2021-08-27T17:43:21.380Z,buy,3.92e-06,107.0,0.00041944
BRD/BTC,1630086263040,2021-08-27T17:44:23.040Z,sell,3.91e-06,118.0,0.00046138
BRD/BTC,1630086657210,2021-08-27T17:50:57.210Z,sell,3.91e-06,530.0,0.0020723
BRD/BTC,1630086753357,2021-08-27T17:52:33.357Z,sell,3.9e-06,516.0,0.0020124
BRD/BTC,1630086760847,2021-08-27T17:52:40.847Z,sell,3.89e-06,1360.0,0.0052904
BRD/BTC,1630086760847,2021-08-27T17:52:40.847Z,sell,3.89e-06,1360.0,0.0052904
BRD/BTC,1630087485646,2021-08-27T18:04:45.646Z,buy,3.92e-06,132.0,0.00051744
BRD/BTC,1630088389979,2021-08-27T18:19:49.979Z,buy,3.92e-06,1129.0,0.0044256799999999995
BRD/BTC,1630088389979,2021-08-27T18:19:49.979Z,buy,3.94e-06,5990.0,0.023600600000000003
BRD/BTC,1630088389979,2021-08-27T18:19:49.979Z,buy,3.95e-06,2879.0,0.011372050000000002
BRD/BTC,1630088389979,2021-08-27T18:19:49.979Z,buy,3.96e-06,24037.0,0.09518652000000001
BRD/BTC,1630088389979,2021-08-27T18:19:49.979Z,buy,3.97e-06,55624.0,0.22082728000000001
BRD/BTC,1630088389979,2021-08-27T18:19:49.979Z,buy,3.98e-06,85325.0,0.3395935
BRD/BTC,1630088389979,2021-08-27T18:19:49.979Z,buy,3.99e-06,131178.0,0.52340022
BRD/BTC,1630088389979,2021-08-27T18:19:49.979Z,buy,4e-06,42494.0,0.169976
BRD/BTC,1630088389985,2021-08-27T18:19:49.985Z,sell,4e-06,6899.0,0.027596
BRD/BTC,1630088390028,2021-08-27T18:19:50.028Z,buy,3.98e-06,441.0,0.00175518
BRD/BTC,1630088391471,2021-08-27T18:19:51.471Z,sell,3.93e-06,127.0,0.00049911
BRD/BTC,1630088395431,2021-08-27T18:19:55.431Z,sell,3.97e-06,95.0,0.00037715000000000003
BRD/BTC,1630088397846,2021-08-27T18:19:57.846Z,buy,3.98e-06,376.0,0.00149648
BRD/BTC,1630088416943,2021-08-27T18:20:16.943Z,sell,3.96e-06,34.0,0.00013464
BRD/BTC,1630088416943,2021-08-27T18:20:16.943Z,sell,3.95e-06,246.0,0.0009717
BRD/BTC,1630088420511,2021-08-27T18:20:20.511Z,buy,3.97e-06,95.0,0.00037715000000000003
BRD/BTC,1630088450016,2021-08-27T18:20:50.016Z,buy,3.98e-06,694.0,0.00276212
BRD/BTC,1630088450016,2021-08-27T18:20:50.016Z,buy,4e-06,129.0,0.000516
BRD/BTC,1630088450016,2021-08-27T18:20:50.016Z,buy,4.01e-06,347.0,0.00139147
BRD/BTC,1630088451839,2021-08-27T18:20:51.839Z,sell,3.98e-06,28.0,0.00011144
BRD/BTC,1630088452771,2021-08-27T18:20:52.771Z,sell,3.98e-06,28.0,0.00011144
BRD/BTC,1630088453228,2021-08-27T18:20:53.228Z,sell,3.98e-06,541.0,0.00215318
BRD/BTC,1630088453693,2021-08-27T18:20:53.693Z,sell,3.98e-06,28.0,0.00011144
BRD/BTC,1630088454173,2021-08-27T18:20:54.173Z,sell,3.97e-06,28.0,0.00011116
BRD/BTC,1630088454653,2021-08-27T18:20:54.653Z,sell,3.97e-06,28.0,0.00011116
BRD/BTC,1630088455135,2021-08-27T18:20:55.135Z,sell,3.97e-06,28.0,0.00011116
BRD/BTC,1630088456062,2021-08-27T18:20:56.062Z,sell,3.98e-06,28.0,0.00011144
BRD/BTC,1630088456543,2021-08-27T18:20:56.543Z,sell,3.98e-06,28.0,0.00011144
BRD/BTC,1630088457027,2021-08-27T18:20:57.027Z,sell,3.98e-06,28.0,0.00011144
BRD/BTC,1630088457515,2021-08-27T18:20:57.515Z,sell,3.98e-06,28.0,0.00011144
BRD/BTC,1630088458006,2021-08-27T18:20:58.006Z,sell,3.98e-06,28.0,0.00011144
BRD/BTC,1630088458489,2021-08-27T18:20:58.489Z,sell,3.98e-06,28.0,0.00011144
BRD/BTC,1630088458969,2021-08-27T18:20:58.969Z,sell,3.97e-06,28.0,0.00011116
BRD/BTC,1630088459893,2021-08-27T18:20:59.893Z,sell,3.97e-06,28.0,0.00011116
BRD/BTC,1630088460378,2021-08-27T18:21:00.378Z,sell,3.97e-06,28.0,0.00011116
BRD/BTC,1630088461331,2021-08-27T18:21:01.331Z,sell,3.98e-06,28.0,0.00011144
BRD/BTC,1630088461817,2021-08-27T18:21:01.817Z,sell,3.98e-06,28.0,0.00011144
BRD/BTC,1630088462305,2021-08-27T18:21:02.305Z,sell,3.98e-06,28.0,0.00011144
BRD/BTC,1630088462795,2021-08-27T18:21:02.795Z,sell,3.98e-06,28.0,0.00011144
BRD/BTC,1630088463276,2021-08-27T18:21:03.276Z,sell,3.98e-06,28.0,0.00011144
BRD/BTC,1630088466479,2021-08-27T18:21:06.479Z,sell,3.99e-06,28.0,0.00011172
BRD/BTC,1630088466956,2021-08-27T18:21:06.956Z,sell,3.99e-06,28.0,0.00011172
BRD/BTC,1630088467438,2021-08-27T18:21:07.438Z,sell,3.99e-06,28.0,0.00011172
BRD/BTC,1630088467924,2021-08-27T18:21:07.924Z,sell,3.97e-06,28.0,0.00011116
BRD/BTC,1630088468410,2021-08-27T18:21:08.410Z,sell,3.97e-06,28.0,0.00011116
BRD/BTC,1630088469331,2021-08-27T18:21:09.331Z,sell,3.97e-06,28.0,0.00011116
BRD/BTC,1630088469809,2021-08-27T18:21:09.809Z,sell,3.97e-06,28.0,0.00011116
BRD/BTC,1630088470288,2021-08-27T18:21:10.288Z,sell,3.98e-06,28.0,0.00011144
BRD/BTC,1630088470765,2021-08-27T18:21:10.765Z,sell,3.98e-06,28.0,0.00011144
BRD/BTC,1630088471247,2021-08-27T18:21:11.247Z,sell,3.98e-06,28.0,0.00011144
BRD/BTC,1630088471729,2021-08-27T18:21:11.729Z,sell,3.98e-06,28.0,0.00011144
BRD/BTC,1630088472218,2021-08-27T18:21:12.218Z,sell,3.98e-06,28.0,0.00011144
BRD/BTC,1630088472706,2021-08-27T18:21:12.706Z,sell,3.97e-06,28.0,0.00011116
BRD/BTC,1630088473188,2021-08-27T18:21:13.188Z,sell,3.98e-06,28.0,0.00011144
BRD/BTC,1630088473665,2021-08-27T18:21:13.665Z,sell,3.98e-06,28.0,0.00011144
BRD/BTC,1630088474052,2021-08-27T18:21:14.052Z,sell,3.98e-06,87.0,0.00034626
BRD/BTC,1630088474146,2021-08-27T18:21:14.146Z,sell,3.98e-06,28.0,0.00011144
BRD/BTC,1630088474625,2021-08-27T18:21:14.625Z,sell,3.98e-06,28.0,0.00011144
BRD/BTC,1630088475106,2021-08-27T18:21:15.106Z,sell,3.98e-06,28.0,0.00011144
BRD/BTC,1630088475587,2021-08-27T18:21:15.587Z,sell,3.98e-06,28.0,0.00011144
BRD/BTC,1630088476073,2021-08-27T18:21:16.073Z,sell,3.98e-06,28.0,0.00011144
BRD/BTC,1630088476549,2021-08-27T18:21:16.549Z,sell,3.98e-06,28.0,0.00011144
BRD/BTC,1630088477039,2021-08-27T18:21:17.039Z,sell,3.98e-06,28.0,0.00011144
BRD/BTC,1630088477523,2021-08-27T18:21:17.523Z,sell,3.98e-06,28.0,0.00011144
BRD/BTC,1630088478005,2021-08-27T18:21:18.005Z,sell,3.98e-06,5.0,1.99e-05
BRD/BTC,1630088478005,2021-08-27T18:21:18.005Z,sell,3.97e-06,23.0,9.131e-05
BRD/BTC,1630088478491,2021-08-27T18:21:18.491Z,sell,3.97e-06,28.0,0.00011116
BRD/BTC,1630088478971,2021-08-27T18:21:18.971Z,sell,3.97e-06,28.0,0.00011116
BRD/BTC,1630088479449,2021-08-27T18:21:19.449Z,sell,3.97e-06,28.0,0.00011116
BRD/BTC,1630088479923,2021-08-27T18:21:19.923Z,sell,3.97e-06,28.0,0.00011116
BRD/BTC,1630088480397,2021-08-27T18:21:20.397Z,sell,3.97e-06,28.0,0.00011116
BRD/BTC,1630088480885,2021-08-27T18:21:20.885Z,sell,3.97e-06,28.0,0.00011116
BRD/BTC,1630088481367,2021-08-27T18:21:21.367Z,sell,3.97e-06,28.0,0.00011116
BRD/BTC,1630088481852,2021-08-27T18:21:21.852Z,sell,3.97e-06,28.0,0.00011116
BRD/BTC,1630088482331,2021-08-27T18:21:22.331Z,sell,3.97e-06,28.0,0.00011116
BRD/BTC,1630088482811,2021-08-27T18:21:22.811Z,sell,3.97e-06,28.0,0.00011116
BRD/BTC,1630088483286,2021-08-27T18:21:23.286Z,sell,3.97e-06,28.0,0.00011116
BRD/BTC,1630088483769,2021-08-27T18:21:23.769Z,sell,3.97e-06,23.0,9.131e-05
BRD/BTC,1630088483769,2021-08-27T18:21:23.769Z,sell,3.96e-06,5.0,1.98e-05
BRD/BTC,1630088502342,2021-08-27T18:21:42.342Z,buy,4e-06,250.0,0.001
BRD/BTC,1630088511532,2021-08-27T18:21:51.532Z,sell,3.97e-06,2000.0,0.007940000000000001
BRD/BTC,1630088523965,2021-08-27T18:22:03.965Z,buy,4e-06,25.0,9.999999999999999e-05
BRD/BTC,1630088542663,2021-08-27T18:22:22.663Z,sell,3.98e-06,28.0,0.00011144
BRD/BTC,1630088543147,2021-08-27T18:22:23.147Z,sell,3.98e-06,28.0,0.00011144
BRD/BTC,1630088543630,2021-08-27T18:22:23.630Z,sell,3.98e-06,28.0,0.00011144
BRD/BTC,1630088544113,2021-08-27T18:22:24.113Z,sell,3.98e-06,28.0,0.00011144
BRD/BTC,1630088544593,2021-08-27T18:22:24.593Z,sell,3.98e-06,28.0,0.00011144
BRD/BTC,1630088545071,2021-08-27T18:22:25.071Z,sell,3.98e-06,28.0,0.00011144
BRD/BTC,1630088545555,2021-08-27T18:22:25.555Z,sell,3.98e-06,28.0,0.00011144
BRD/BTC,1630088546036,2021-08-27T18:22:26.036Z,sell,3.98e-06,28.0,0.00011144
BRD/BTC,1630088546515,2021-08-27T18:22:26.515Z,sell,3.98e-06,28.0,0.00011144
BRD/BTC,1630088546994,2021-08-27T18:22:26.994Z,sell,3.98e-06,28.0,0.00011144
BRD/BTC,1630088547474,2021-08-27T18:22:27.474Z,sell,3.98e-06,28.0,0.00011144
BRD/BTC,1630088548408,2021-08-27T18:22:28.408Z,sell,3.98e-06,28.0,0.00011144
BRD/BTC,1630088548889,2021-08-27T18:22:28.889Z,sell,3.98e-06,28.0,0.00011144
BRD/BTC,1630088553730,2021-08-27T18:22:33.730Z,sell,3.98e-06,2000.0,0.00796
BRD/BTC,1630088561070,2021-08-27T18:22:41.070Z,buy,4e-06,25.0,9.999999999999999e-05
BRD/BTC,1630088759941,2021-08-27T18:25:59.941Z,sell,3.99e-06,189.0,0.00075411
BRD/BTC,1630088955013,2021-08-27T18:29:15.013Z,buy,4e-06,125.0,0.0005
BRD/BTC,1630088957962,2021-08-27T18:29:17.962Z,sell,3.98e-06,1000.0,0.00398
BRD/BTC,1630088963203,2021-08-27T18:29:23.203Z,sell,3.98e-06,1000.0,0.00398
BRD/BTC,1630088963862,2021-08-27T18:29:23.862Z,sell,3.98e-06,1000.0,0.00398
BRD/BTC,1630088971777,2021-08-27T18:29:31.777Z,sell,3.98e-06,161.0,0.00064078
BRD/BTC,1630089319690,2021-08-27T18:35:19.690Z,sell,3.99e-06,747.0,0.00298053
BRD/BTC,1630089427330,2021-08-27T18:37:07.330Z,buy,4e-06,265.0,0.00106
BRD/BTC,1630089463803,2021-08-27T18:37:43.803Z,buy,4e-06,25.0,9.999999999999999e-05
BRD/BTC,1630089593935,2021-08-27T18:39:53.935Z,buy,4e-06,901.0,0.003604
BRD/BTC,1630089607732,2021-08-27T18:40:07.732Z,sell,4e-06,26.0,0.000104
BRD/BTC,1630089667563,2021-08-27T18:41:07.563Z,buy,4.01e-06,268.0,0.00107468
BRD/BTC,1630089667717,2021-08-27T18:41:07.717Z,sell,4e-06,26.0,0.000104
BRD/BTC,1630089710886,2021-08-27T18:41:50.886Z,sell,4e-06,10000.0,0.04
BRD/BTC,1630089753346,2021-08-27T18:42:33.346Z,buy,4.01e-06,25.0,0.00010025
BRD/BTC,1630089763008,2021-08-27T18:42:43.008Z,buy,4.02e-06,130.0,0.0005225999999999999
BRD/BTC,1630089800538,2021-08-27T18:43:20.538Z,sell,4e-06,292.0,0.001168
BRD/BTC,1630089805223,2021-08-27T18:43:25.223Z,buy,4e-06,148.0,0.000592
BRD/BTC,1630089977231,2021-08-27T18:46:17.231Z,sell,3.99e-06,14200.0,0.056658
BRD/BTC,1630090181313,2021-08-27T18:49:41.313Z,buy,4e-06,302.0,0.0012079999999999999
BRD/BTC,1630090226384,2021-08-27T18:50:26.384Z,sell,3.98e-06,138.0,0.00054924
BRD/BTC,1630090286146,2021-08-27T18:51:26.146Z,sell,3.98e-06,139.0,0.00055322
BRD/BTC,1630090286146,2021-08-27T18:51:26.146Z,sell,3.98e-06,139.0,0.00055322
BRD/BTC,1630090460862,2021-08-27T18:54:20.862Z,buy,4e-06,169.0,0.000676
BRD/BTC,1630090684069,2021-08-27T18:58:04.069Z,sell,3.98e-06,84.0,0.00033432
BRD/BTC,1630090791428,2021-08-27T18:59:51.428Z,sell,3.98e-06,33.0,0.00013134
BRD/BTC,1630091024188,2021-08-27T19:03:44.188Z,sell,3.98e-06,453.0,0.00180294
BRD/BTC,1630091292080,2021-08-27T19:08:12.080Z,sell,3.98e-06,5652.0,0.02249496
BRD/BTC,1630091754225,2021-08-27T19:15:54.225Z,sell,3.98e-06,261.0,0.00103878
BRD/BTC,1630091856433,2021-08-27T19:17:36.433Z,sell,3.98e-06,853.0,0.00339494
BRD/BTC,1630091883029,2021-08-27T19:18:03.029Z,sell,3.98e-06,780.0,0.0031044
BRD/BTC,1630092198212,2021-08-27T19:23:18.212Z,buy,4e-06,125.0,0.0005
BRD/BTC,1630092560922,2021-08-27T19:29:20.922Z,buy,4e-06,125.0,0.0005
BRD/BTC,1630093031714,2021-08-27T19:37:11.714Z,buy,4e-06,723.0,0.002892
BRD/BTC,1630093356886,2021-08-27T19:42:36.886Z,sell,3.99e-06,150.0,0.0005985
BRD/BTC,1630093356886,2021-08-27T19:42:36.886Z,sell,3.98e-06,850.0,0.003383
BRD/BTC,1630093476046,2021-08-27T19:44:36.046Z,sell,3.98e-06,700.0,0.002786
BRD/BTC,1630093492541,2021-08-27T19:44:52.541Z,sell,3.98e-06,12.0,4.7760000000000004e-05
BRD/BTC,1630093492541,2021-08-27T19:44:52.541Z,sell,3.97e-06,288.0,0.00114336
BRD/BTC,1630093661670,2021-08-27T19:47:41.670Z,sell,3.98e-06,1865.0,0.0074227
BRD/BTC,1630093803935,2021-08-27T19:50:03.935Z,sell,3.98e-06,446.0,0.00177508
BRD/BTC,1630093803935,2021-08-27T19:50:03.935Z,sell,3.98e-06,446.0,0.00177508
BRD/BTC,1630093991522,2021-08-27T19:53:11.522Z,buy,4e-06,569.0,0.002276
BRD/BTC,1630094236133,2021-08-27T19:57:16.133Z,sell,4e-06,62.0,0.000248
BRD/BTC,1630094246827,2021-08-27T19:57:26.827Z,sell,4e-06,671.0,0.0026839999999999998
BRD/BTC,1630094291139,2021-08-27T19:58:11.139Z,buy,4.01e-06,5888.0,0.023610879999999997
BRD/BTC,1630094329914,2021-08-27T19:58:49.914Z,sell,4.01e-06,244.0,0.00097844
BRD/BTC,1630094329914,2021-08-27T19:58:49.914Z,sell,4e-06,655.0,0.00262
BRD/BTC,1630094343680,2021-08-27T19:59:03.680Z,buy,4.02e-06,94.0,0.00037788
BRD/BTC,1630094439439,2021-08-27T20:00:39.439Z,buy,4.02e-06,98.0,0.00039395999999999995
BRD/BTC,1630094573192,2021-08-27T20:02:53.192Z,sell,4e-06,128.0,0.000512
BRD/BTC,1630094638122,2021-08-27T20:03:58.122Z,sell,4e-06,191.0,0.0007639999999999999
BRD/BTC,1630094828514,2021-08-27T20:07:08.514Z,sell,4e-06,127.0,0.000508
BRD/BTC,1630094833954,2021-08-27T20:07:13.954Z,buy,4.02e-06,26.0,0.00010452
BRD/BTC,1630094835019,2021-08-27T20:07:15.019Z,sell,4e-06,206.0,0.000824
BRD/BTC,1630094927704,2021-08-27T20:08:47.704Z,buy,4.02e-06,126.0,0.00050652
BRD/BTC,1630095029000,2021-08-27T20:10:29.000Z,buy,4.02e-06,65.0,0.00026129999999999995
BRD/BTC,1630095063921,2021-08-27T20:11:03.921Z,buy,4.02e-06,2055.0,0.008261099999999999
BRD/BTC,1630095336301,2021-08-27T20:15:36.301Z,sell,4e-06,95.0,0.00037999999999999997
BRD/BTC,1630095343859,2021-08-27T20:15:43.859Z,sell,4e-06,1500.0,0.006
BRD/BTC,1630095357864,2021-08-27T20:15:57.864Z,sell,4e-06,12174.0,0.048695999999999996
BRD/BTC,1630095381159,2021-08-27T20:16:21.159Z,sell,3.99e-06,96.0,0.00038303999999999996
BRD/BTC,1630095564226,2021-08-27T20:19:24.226Z,sell,3.99e-06,101.0,0.00040299
BRD/BTC,1630095899294,2021-08-27T20:24:59.294Z,buy,4.02e-06,87.0,0.00034973999999999997
BRD/BTC,1630095979905,2021-08-27T20:26:19.905Z,buy,4.02e-06,130.0,0.0005225999999999999
BRD/BTC,1630096146629,2021-08-27T20:29:06.629Z,buy,4.02e-06,115.0,0.00046229999999999996
BRD/BTC,1630096184548,2021-08-27T20:29:44.548Z,sell,3.99e-06,5647.0,0.02253153
BRD/BTC,1630096184909,2021-08-27T20:29:44.909Z,sell,3.99e-06,134.0,0.00053466
BRD/BTC,1630096407692,2021-08-27T20:33:27.692Z,sell,3.99e-06,2498.0,0.00996702
BRD/BTC,1630096428236,2021-08-27T20:33:48.236Z,sell,3.99e-06,130.0,0.0005187
BRD/BTC,1630096563255,2021-08-27T20:36:03.255Z,sell,3.99e-06,64.0,0.00025536
BRD/BTC,1630096601259,2021-08-27T20:36:41.259Z,sell,3.98e-06,1987.0,0.00790826
BRD/BTC,1630096797706,2021-08-27T20:39:57.706Z,sell,3.98e-06,122.0,0.00048556
BRD/BTC,1630096910930,2021-08-27T20:41:50.930Z,sell,3.98e-06,500.0,0.00199
BRD/BTC,1630097060233,2021-08-27T20:44:20.233Z,sell,3.98e-06,401.0,0.00159598
BRD/BTC,1630097128623,2021-08-27T20:45:28.623Z,sell,3.98e-06,252.0,0.00100296
BRD/BTC,1630097204298,2021-08-27T20:46:44.298Z,sell,3.98e-06,326.0,0.00129748
BRD/BTC,1630097277583,2021-08-27T20:47:57.583Z,sell,3.98e-06,111.0,0.00044178
BRD/BTC,1630097277583,2021-08-27T20:47:57.583Z,sell,3.98e-06,111.0,0.00044178
BRD/BTC,1630097693841,2021-08-27T20:54:53.841Z,sell,3.98e-06,122.0,0.00048556
BRD/BTC,1630097713901,2021-08-27T20:55:13.901Z,sell,3.98e-06,78.0,0.00031044
BRD/BTC,1630097714279,2021-08-27T20:55:14.279Z,sell,3.97e-06,701.0,0.00278297
BRD/BTC,1630097718196,2021-08-27T20:55:18.196Z,buy,3.98e-06,11.0,4.378e-05
BRD/BTC,1630097718196,2021-08-27T20:55:18.196Z,buy,4e-06,112.0,0.000448
BRD/BTC,1630097746364,2021-08-27T20:55:46.364Z,sell,3.97e-06,100.0,0.000397
BRD/BTC,1630097831983,2021-08-27T20:57:11.983Z,sell,3.97e-06,124.0,0.00049228
BRD/BTC,1630098034393,2021-08-27T21:00:34.393Z,sell,3.97e-06,48.0,0.00019056
BRD/BTC,1630098198867,2021-08-27T21:03:18.867Z,sell,3.97e-06,123.0,0.00048831
BRD/BTC,1630098466280,2021-08-27T21:07:46.280Z,sell,3.97e-06,100.0,0.000397
BRD/BTC,1630098495043,2021-08-27T21:08:15.043Z,buy,4e-06,61.0,0.000244
BRD/BTC,1630098555634,2021-08-27T21:09:15.634Z,buy,4e-06,110.0,0.00043999999999999996
BRD/BTC,1630098733489,2021-08-27T21:12:13.489Z,buy,4e-06,1863.0,0.007451999999999999
BRD/BTC,1630098754562,2021-08-27T21:12:34.562Z,sell,3.97e-06,110.0,0.0004367
BRD/BTC,1630098933872,2021-08-27T21:15:33.872Z,sell,3.97e-06,40.0,0.0001588
BRD/BTC,1630099102189,2021-08-27T21:18:22.189Z,sell,3.97e-06,655.0,0.00260035
BRD/BTC,1630099227635,2021-08-27T21:20:27.635Z,sell,3.97e-06,117.0,0.00046449
BRD/BTC,1630100759521,2021-08-27T21:45:59.521Z,buy,4.01e-06,48.0,0.00019247999999999997
BRD/BTC,1630100835418,2021-08-27T21:47:15.418Z,buy,4.01e-06,177.0,0.00070977
BRD/BTC,1630100835418,2021-08-27T21:47:15.418Z,buy,4.01e-06,177.0,0.00070977
BRD/BTC,1630101328304,2021-08-27T21:55:28.304Z,sell,3.98e-06,46.0,0.00018308
BRD/BTC,1630101408970,2021-08-27T21:56:48.970Z,sell,3.98e-06,80.0,0.0003184
BRD/BTC,1630101547872,2021-08-27T21:59:07.872Z,sell,3.98e-06,136.0,0.00054128
BRD/BTC,1630101847802,2021-08-27T22:04:07.802Z,sell,3.98e-06,104.0,0.00041392
BRD/BTC,1630102405472,2021-08-27T22:13:25.472Z,buy,4.01e-06,410.0,0.0016441
BRD/BTC,1630102405472,2021-08-27T22:13:25.472Z,buy,4.01e-06,410.0,0.0016441
BRD/BTC,1630102405477,2021-08-27T22:13:25.477Z,buy,4.01e-06,1.0,4.01e-06
BRD/BTC,1630102499033,2021-08-27T22:14:59.033Z,buy,4.02e-06,371.0,0.0014914199999999998
BRD/BTC,1630102681794,2021-08-27T22:18:01.794Z,sell,3.98e-06,855.0,0.0034029
BRD/BTC,1630102713598,2021-08-27T22:18:33.598Z,sell,3.98e-06,370.0,0.0014726
BRD/BTC,1630103173804,2021-08-27T22:26:13.804Z,sell,3.98e-06,303.0,0.00120594
BRD/BTC,1630103326295,2021-08-27T22:28:46.295Z,buy,4.02e-06,30.0,0.00012059999999999999
BRD/BTC,1630103407176,2021-08-27T22:30:07.176Z,buy,4.02e-06,73.0,0.00029346
BRD/BTC,1630103449949,2021-08-27T22:30:49.949Z,buy,4.02e-06,147.0,0.00059094
BRD/BTC,1630103597863,2021-08-27T22:33:17.863Z,sell,3.98e-06,110.0,0.0004378
BRD/BTC,1630103672024,2021-08-27T22:34:32.024Z,sell,3.98e-06,52.0,0.00020696
BRD/BTC,1630103833211,2021-08-27T22:37:13.211Z,buy,3.99e-06,59.0,0.00023541
BRD/BTC,1630104091127,2021-08-27T22:41:31.127Z,sell,3.98e-06,110.0,0.0004378
BRD/BTC,1630104139992,2021-08-27T22:42:19.992Z,buy,3.99e-06,226.0,0.0009017399999999999
BRD/BTC,1630104139992,2021-08-27T22:42:19.992Z,buy,3.99e-06,226.0,0.0009017399999999999
BRD/BTC,1630104483237,2021-08-27T22:48:03.237Z,sell,3.98e-06,11751.0,0.04676898
BRD/BTC,1630104529553,2021-08-27T22:48:49.553Z,buy,3.99e-06,44.0,0.00017556
BRD/BTC,1630104530007,2021-08-27T22:48:50.007Z,buy,3.99e-06,547.0,0.00218253
BRD/BTC,1630104620820,2021-08-27T22:50:20.820Z,sell,3.98e-06,80.0,0.0003184
BRD/BTC,1630105089046,2021-08-27T22:58:09.046Z,buy,3.99e-06,3351.0,0.01337049
BRD/BTC,1630105093500,2021-08-27T22:58:13.500Z,sell,3.97e-06,180.0,0.0007146
BRD/BTC,1630105159868,2021-08-27T22:59:19.868Z,sell,3.97e-06,11000.0,0.04367
BRD/BTC,1630105481239,2021-08-27T23:04:41.239Z,buy,3.99e-06,52.0,0.00020747999999999999
BRD/BTC,1630105659872,2021-08-27T23:07:39.872Z,sell,3.98e-06,1508.0,0.00600184
BRD/BTC,1630106617277,2021-08-27T23:23:37.277Z,sell,3.97e-06,368.0,0.00146096
BRD/BTC,1630106892604,2021-08-27T23:28:12.604Z,buy,3.98e-06,429.0,0.00170742
BRD/BTC,1630107203127,2021-08-27T23:33:23.127Z,sell,3.98e-06,145.0,0.0005771
BRD/BTC,1630107656262,2021-08-27T23:40:56.262Z,buy,3.99e-06,102.0,0.00040698
BRD/BTC,1630107656262,2021-08-27T23:40:56.262Z,buy,3.99e-06,102.0,0.00040698
BRD/BTC,1630107841557,2021-08-27T23:44:01.557Z,sell,3.98e-06,772.0,0.0030725600000000002
BRD/BTC,1630107967660,2021-08-27T23:46:07.660Z,buy,3.99e-06,1827.0,0.0072897299999999995
BRD/BTC,1630108040743,2021-08-27T23:47:20.743Z,sell,3.98e-06,141.0,0.00056118
BRD/BTC,1630108165107,2021-08-27T23:49:25.107Z,sell,3.98e-06,1067.0,0.00424666
BRD/BTC,1630108317072,2021-08-27T23:51:57.072Z,sell,3.97e-06,102.0,0.00040494
BRD/BTC,1630108396943,2021-08-27T23:53:16.943Z,sell,3.97e-06,3347.0,0.01328759
BRD/BTC,1630108488285,2021-08-27T23:54:48.285Z,sell,3.97e-06,1570.0,0.0062329
BRD/BTC,1630109118573,2021-08-28T00:05:18.573Z,sell,3.97e-06,777.0,0.00308469
BRD/BTC,1630109428520,2021-08-28T00:10:28.520Z,sell,3.97e-06,3433.0,0.01362901
BRD/BTC,1630109481655,2021-08-28T00:11:21.655Z,buy,3.99e-06,564.0,0.00225036
BRD/BTC,1630109481655,2021-08-28T00:11:21.655Z,buy,4.01e-06,351.0,0.0014075099999999998
BRD/BTC,1630109498852,2021-08-28T00:11:38.852Z,buy,4.01e-06,37.0,0.00014837
BRD/BTC,1630109581518,2021-08-28T00:13:01.518Z,buy,4.01e-06,400.0,0.001604
BRD/BTC,1630109733491,2021-08-28T00:15:33.491Z,buy,4.01e-06,91.0,0.00036491
BRD/BTC,1630109770682,2021-08-28T00:16:10.682Z,buy,4.01e-06,89.0,0.00035688999999999995
BRD/BTC,1630110077976,2021-08-28T00:21:17.976Z,buy,4.01e-06,467.0,0.0018726699999999999
BRD/BTC,1630110222679,2021-08-28T00:23:42.679Z,buy,4.01e-06,253.0,0.00101453
BRD/BTC,1630110222679,2021-08-28T00:23:42.679Z,buy,4.02e-06,267.0,0.0010733399999999999
BRD/BTC,1630110251914,2021-08-28T00:24:11.914Z,buy,4.01e-06,37.0,0.00014837
BRD/BTC,1630110345341,2021-08-28T00:25:45.341Z,sell,3.98e-06,466.0,0.00185468
BRD/BTC,1630110393079,2021-08-28T00:26:33.079Z,sell,3.98e-06,90.0,0.0003582
BRD/BTC,1630110418701,2021-08-28T00:26:58.701Z,buy,4.01e-06,462.0,0.00185262
BRD/BTC,1630110422689,2021-08-28T00:27:02.689Z,sell,4e-06,149.0,0.000596
BRD/BTC,1630110422689,2021-08-28T00:27:02.689Z,sell,3.99e-06,313.0,0.00124887
BRD/BTC,1630110429268,2021-08-28T00:27:09.268Z,sell,3.99e-06,1083.0,0.00432117
BRD/BTC,1630110437261,2021-08-28T00:27:17.261Z,buy,4.01e-06,87.0,0.00034887
BRD/BTC,1630110618103,2021-08-28T00:30:18.103Z,sell,3.98e-06,89.0,0.00035422
BRD/BTC,1630110641397,2021-08-28T00:30:41.397Z,sell,3.98e-06,6610.0,0.0263078
BRD/BTC,1630110921928,2021-08-28T00:35:21.928Z,sell,4e-06,396.0,0.001584
BRD/BTC,1630110922679,2021-08-28T00:35:22.679Z,sell,4e-06,1931.0,0.007724
BRD/BTC,1630110973231,2021-08-28T00:36:13.231Z,buy,4.01e-06,87.0,0.00034887
BRD/BTC,1630111045366,2021-08-28T00:37:25.366Z,sell,4e-06,7160.0,0.02864
BRD/BTC,1630111204287,2021-08-28T00:40:04.287Z,buy,4.01e-06,431.0,0.0017283099999999998
BRD/BTC,1630111204287,2021-08-28T00:40:04.287Z,buy,4.02e-06,813.0,0.00326826
BRD/BTC,1630111235726,2021-08-28T00:40:35.726Z,buy,4.02e-06,98.0,0.00039395999999999995
BRD/BTC,1630111235739,2021-08-28T00:40:35.739Z,sell,4.02e-06,716.0,0.0028783199999999998
BRD/BTC,1630111236912,2021-08-28T00:40:36.912Z,buy,4.03e-06,709.0,0.0028572700000000003
BRD/BTC,1630111236912,2021-08-28T00:40:36.912Z,buy,4.04e-06,624.0,0.00252096
BRD/BTC,1630111244247,2021-08-28T00:40:44.247Z,sell,4.02e-06,1543.0,0.006202859999999999
BRD/BTC,1630111255451,2021-08-28T00:40:55.451Z,sell,4.02e-06,1029.0,0.00413658
BRD/BTC,1630111255451,2021-08-28T00:40:55.451Z,sell,4.02e-06,1029.0,0.00413658
BRD/BTC,1630111288233,2021-08-28T00:41:28.233Z,sell,4e-06,1029.0,0.004116
BRD/BTC,1630111301936,2021-08-28T00:41:41.936Z,sell,4e-06,514.0,0.002056
BRD/BTC,1630111403581,2021-08-28T00:43:23.581Z,buy,4.04e-06,35.0,0.00014140000000000002
BRD/BTC,1630111701485,2021-08-28T00:48:21.485Z,buy,4.04e-06,797.0,0.00321988
BRD/BTC,1630111840173,2021-08-28T00:50:40.173Z,sell,4.01e-06,796.0,0.0031919599999999998
BRD/BTC,1630112390855,2021-08-28T00:59:50.855Z,sell,4e-06,1304.0,0.005216
BRD/BTC,1630112392965,2021-08-28T00:59:52.965Z,sell,4e-06,1605.0,0.0064199999999999995
BRD/BTC,1630112393547,2021-08-28T00:59:53.547Z,sell,4e-06,690.0,0.00276
BRD/BTC,1630112520173,2021-08-28T01:02:00.173Z,buy,4.03e-06,396.0,0.00159588
BRD/BTC,1630112615071,2021-08-28T01:03:35.071Z,sell,4.01e-06,174.0,0.00069774
BRD/BTC,1630112965353,2021-08-28T01:09:25.353Z,sell,4.02e-06,418.0,0.0016803599999999999
BRD/BTC,1630112987721,2021-08-28T01:09:47.721Z,sell,4.02e-06,15428.0,0.062020559999999995
BRD/BTC,1630113000632,2021-08-28T01:10:00.632Z,sell,4.02e-06,35.0,0.00014069999999999998
BRD/BTC,1630113277253,2021-08-28T01:14:37.253Z,sell,4.02e-06,44.0,0.00017687999999999997
BRD/BTC,1630113324528,2021-08-28T01:15:24.528Z,sell,4.02e-06,25.0,0.00010049999999999999
BRD/BTC,1630113571601,2021-08-28T01:19:31.601Z,sell,4.02e-06,2712.0,0.010902239999999999
BRD/BTC,1630113576087,2021-08-28T01:19:36.087Z,sell,4.02e-06,106.0,0.00042611999999999994
BRD/BTC,1630114064955,2021-08-28T01:27:44.955Z,buy,4.03e-06,610.0,0.0024583
BRD/BTC,1630114090693,2021-08-28T01:28:10.693Z,buy,4.03e-06,89.0,0.00035867000000000006
BRD/BTC,1630114281988,2021-08-28T01:31:21.988Z,buy,4.03e-06,466.0,0.0018779800000000002
BRD/BTC,1630114281988,2021-08-28T01:31:21.988Z,buy,4.03e-06,466.0,0.0018779800000000002
BRD/BTC,1630114893833,2021-08-28T01:41:33.833Z,sell,4.02e-06,109.0,0.00043818
BRD/BTC,1630115225205,2021-08-28T01:47:05.205Z,buy,4.03e-06,26.0,0.00010478000000000001
BRD/BTC,1630116055103,2021-08-28T02:00:55.103Z,buy,4.04e-06,12279.0,0.049607160000000004
BRD/BTC,1630116055125,2021-08-28T02:00:55.125Z,sell,4.04e-06,200.0,0.000808
BRD/BTC,1630116058840,2021-08-28T02:00:58.840Z,sell,4.04e-06,1076.0,0.00434704
BRD/BTC,1630116058840,2021-08-28T02:00:58.840Z,sell,4.03e-06,509.0,0.00205127
BRD/BTC,1630116058840,2021-08-28T02:00:58.840Z,sell,4.02e-06,4523.0,0.018182459999999998
BRD/BTC,1630116058855,2021-08-28T02:00:58.855Z,sell,4.02e-06,320.0,0.0012863999999999998
BRD/BTC,1630116058869,2021-08-28T02:00:58.869Z,sell,4.02e-06,51.0,0.00020501999999999999
BRD/BTC,1630116236790,2021-08-28T02:03:56.790Z,sell,4.02e-06,107.0,0.00043013999999999997
BRD/BTC,1630116361663,2021-08-28T02:06:01.663Z,sell,4.02e-06,273.0,0.00109746
BRD/BTC,1630116603618,2021-08-28T02:10:03.618Z,sell,4.02e-06,3350.0,0.013466999999999998
BRD/BTC,1630116603618,2021-08-28T02:10:03.618Z,sell,4.01e-06,23269.0,0.09330869
BRD/BTC,1630116603618,2021-08-28T02:10:03.618Z,sell,4e-06,1063.0,0.004252
BRD/BTC,1630116603618,2021-08-28T02:10:03.618Z,sell,3.99e-06,6546.0,0.02611854
BRD/BTC,1630116603618,2021-08-28T02:10:03.618Z,sell,3.98e-06,45772.0,0.18217256
BRD/BTC,1630116659422,2021-08-28T02:10:59.422Z,sell,3.99e-06,42244.0,0.16855356
BRD/BTC,1630116659422,2021-08-28T02:10:59.422Z,sell,3.98e-06,1887.0,0.00751026
BRD/BTC,1630116744457,2021-08-28T02:12:24.457Z,buy,4.01e-06,480.0,0.0019248
BRD/BTC,1630116767019,2021-08-28T02:12:47.019Z,sell,4.01e-06,143.0,0.00057343
BRD/BTC,1630117533008,2021-08-28T02:25:33.008Z,buy,4.01e-06,8890.0,0.0356489
BRD/BTC,1630117538964,2021-08-28T02:25:38.964Z,sell,3.98e-06,255.0,0.0010149
BRD/BTC,1630117629511,2021-08-28T02:27:09.511Z,buy,4.01e-06,623.0,0.0024982299999999997
BRD/BTC,1630117629511,2021-08-28T02:27:09.511Z,buy,4.01e-06,623.0,0.0024982299999999997
BRD/BTC,1630118190893,2021-08-28T02:36:30.893Z,buy,4e-06,782.0,0.0031279999999999997
BRD/BTC,1630118467702,2021-08-28T02:41:07.702Z,buy,3.99e-06,26.0,0.00010373999999999999
BRD/BTC,1630118493449,2021-08-28T02:41:33.449Z,sell,3.98e-06,6351.0,0.02527698
BRD/BTC,1630118493449,2021-08-28T02:41:33.449Z,sell,3.97e-06,19834.0,0.07874098
BRD/BTC,1630118528535,2021-08-28T02:42:08.535Z,buy,3.99e-06,626.0,0.00249774
BRD/BTC,1630118831797,2021-08-28T02:47:11.797Z,buy,3.98e-06,628.0,0.00249944
BRD/BTC,1630118890168,2021-08-28T02:48:10.168Z,buy,3.98e-06,26.0,0.00010348
BRD/BTC,1630119131018,2021-08-28T02:52:11.018Z,buy,3.98e-06,628.0,0.00249944
BRD/BTC,1630119247723,2021-08-28T02:54:07.723Z,buy,3.98e-06,26.0,0.00010348
BRD/BTC,1630119268648,2021-08-28T02:54:28.648Z,sell,3.97e-06,38.0,0.00015086
BRD/BTC,1630119301784,2021-08-28T02:55:01.784Z,sell,3.97e-06,280.0,0.0011116000000000001
BRD/BTC,1630119318885,2021-08-28T02:55:18.885Z,sell,3.97e-06,200.0,0.000794
BRD/BTC,1630119432672,2021-08-28T02:57:12.672Z,buy,3.98e-06,628.0,0.00249944
BRD/BTC,1630119629021,2021-08-28T03:00:29.021Z,sell,3.97e-06,6376.0,0.02531272
BRD/BTC,1630120213361,2021-08-28T03:10:13.361Z,buy,3.98e-06,45.0,0.0001791
BRD/BTC,1630120408021,2021-08-28T03:13:28.021Z,buy,3.98e-06,3544.0,0.01410512
BRD/BTC,1630120408021,2021-08-28T03:13:28.021Z,buy,4e-06,268.0,0.001072
BRD/BTC,1630120828847,2021-08-28T03:20:28.847Z,buy,3.99e-06,1227.0,0.00489573
BRD/BTC,1630120828847,2021-08-28T03:20:28.847Z,buy,3.99e-06,1227.0,0.00489573
BRD/BTC,1630121291891,2021-08-28T03:28:11.891Z,buy,3.98e-06,507.0,0.00201786
BRD/BTC,1630121495323,2021-08-28T03:31:35.323Z,sell,3.98e-06,1215.0,0.0048357
BRD/BTC,1630122116931,2021-08-28T03:41:56.931Z,sell,3.98e-06,49.0,0.00019502
BRD/BTC,1630122569632,2021-08-28T03:49:29.632Z,sell,3.98e-06,150.0,0.000597
BRD/BTC,1630123292388,2021-08-28T04:01:32.388Z,buy,3.99e-06,43.0,0.00017156999999999999
BRD/BTC,1630123296199,2021-08-28T04:01:36.199Z,buy,3.99e-06,701.0,0.00279699
BRD/BTC,1630123474911,2021-08-28T04:04:34.911Z,buy,3.99e-06,70.0,0.0002793
BRD/BTC,1630123479386,2021-08-28T04:04:39.386Z,buy,3.99e-06,2482.0,0.00990318
BRD/BTC,1630123524414,2021-08-28T04:05:24.414Z,buy,3.99e-06,361.0,0.00144039
BRD/BTC,1630123633222,2021-08-28T04:07:13.222Z,sell,3.98e-06,236.0,0.00093928
BRD/BTC,1630123651201,2021-08-28T04:07:31.201Z,sell,3.98e-06,1414.0,0.00562772
BRD/BTC,1630123682350,2021-08-28T04:08:02.350Z,sell,3.98e-06,417.0,0.00165966
BRD/BTC,1630124333392,2021-08-28T04:18:53.392Z,sell,3.97e-06,199.0,0.00079003
BRD/BTC,1630124333392,2021-08-28T04:18:53.392Z,sell,3.97e-06,199.0,0.00079003
BRD/BTC,1630124798180,2021-08-28T04:26:38.180Z,sell,3.97e-06,197.0,0.00078209
BRD/BTC,1630124811298,2021-08-28T04:26:51.298Z,sell,3.97e-06,10299.0,0.04088703
BRD/BTC,1630124947232,2021-08-28T04:29:07.232Z,sell,3.97e-06,295.0,0.00117115
BRD/BTC,1630125482546,2021-08-28T04:38:02.546Z,sell,3.97e-06,5164.0,0.02050108
BRD/BTC,1630125482546,2021-08-28T04:38:02.546Z,sell,3.96e-06,10001.0,0.03960396
BRD/BTC,1630125878854,2021-08-28T04:44:38.854Z,buy,3.98e-06,6295.0,0.0250541
BRD/BTC,1630126279798,2021-08-28T04:51:19.798Z,buy,3.99e-06,85.0,0.00033915
BRD/BTC,1630127027105,2021-08-28T05:03:47.105Z,sell,3.98e-06,84.0,0.00033432
BRD/BTC,1630127074275,2021-08-28T05:04:34.275Z,buy,3.99e-06,60.0,0.0002394
BRD/BTC,1630127717273,2021-08-28T05:15:17.273Z,sell,3.98e-06,110.0,0.0004378
BRD/BTC,1630127742121,2021-08-28T05:15:42.121Z,sell,3.98e-06,33.0,0.00013134
BRD/BTC,1630127742121,2021-08-28T05:15:42.121Z,sell,3.98e-06,33.0,0.00013134
BRD/BTC,1630127970138,2021-08-28T05:19:30.138Z,buy,3.99e-06,812.0,0.00323988
BRD/BTC,1630128146364,2021-08-28T05:22:26.364Z,buy,3.99e-06,494.0,0.00197106
BRD/BTC,1630128468130,2021-08-28T05:27:48.130Z,sell,3.99e-06,36.0,0.00014364
BRD/BTC,1630128719313,2021-08-28T05:31:59.313Z,buy,4e-06,15747.0,0.062988
BRD/BTC,1630128719313,2021-08-28T05:31:59.313Z,buy,4.01e-06,991.0,0.00397391
BRD/BTC,1630128719313,2021-08-28T05:31:59.313Z,buy,4.02e-06,49067.0,0.19724934
BRD/BTC,1630128719324,2021-08-28T05:31:59.324Z,sell,4.02e-06,528.0,0.00212256
BRD/BTC,1630128930224,2021-08-28T05:35:30.224Z,sell,4e-06,219.0,0.0008759999999999999
BRD/BTC,1630128934511,2021-08-28T05:35:34.511Z,sell,3.99e-06,628.0,0.00250572
BRD/BTC,1630128979635,2021-08-28T05:36:19.635Z,sell,3.99e-06,88.0,0.00035112
BRD/BTC,1630129380250,2021-08-28T05:43:00.250Z,buy,4.02e-06,25.0,0.00010049999999999999
BRD/BTC,1630129605291,2021-08-28T05:46:45.291Z,sell,4e-06,5258.0,0.021032
BRD/BTC,1630129882613,2021-08-28T05:51:22.613Z,sell,4e-06,239.0,0.0009559999999999999
BRD/BTC,1630129882613,2021-08-28T05:51:22.613Z,sell,3.99e-06,163.0,0.0006503699999999999
BRD/BTC,1630130264608,2021-08-28T05:57:44.608Z,sell,3.99e-06,202.0,0.00080598
BRD/BTC,1630130400504,2021-08-28T06:00:00.504Z,sell,3.99e-06,20479.0,0.08171120999999999
BRD/BTC,1630130588970,2021-08-28T06:03:08.970Z,buy,4.01e-06,25.0,0.00010025
BRD/BTC,1630130655417,2021-08-28T06:04:15.417Z,buy,4.01e-06,29.0,0.00011628999999999999
BRD/BTC,1630130943647,2021-08-28T06:09:03.647Z,buy,4e-06,100.0,0.00039999999999999996
BRD/BTC,1630130943647,2021-08-28T06:09:03.647Z,buy,4.01e-06,1.0,4.01e-06
BRD/BTC,1630130943647,2021-08-28T06:09:03.647Z,buy,4e-06,100.0,0.00039999999999999996
BRD/BTC,1630130943647,2021-08-28T06:09:03.647Z,buy,4.01e-06,1.0,4.01e-06
BRD/BTC,1630131574269,2021-08-28T06:19:34.269Z,sell,3.98e-06,1008.0,0.00401184
BRD/BTC,1630131679928,2021-08-28T06:21:19.928Z,buy,3.98e-06,717.0,0.00285366
BRD/BTC,1630131743234,2021-08-28T06:22:23.234Z,sell,3.97e-06,6708.0,0.02663076
BRD/BTC,1630131748894,2021-08-28T06:22:28.894Z,sell,3.97e-06,6709.0,0.026634730000000002
BRD/BTC,1630131772919,2021-08-28T06:22:52.919Z,sell,3.97e-06,66.0,0.00026202
BRD/BTC,1630131779996,2021-08-28T06:22:59.996Z,buy,3.98e-06,486.0,0.00193428
BRD/BTC,1630131791586,2021-08-28T06:23:11.586Z,buy,4.01e-06,25.0,0.00010025
BRD/BTC,1630131919274,2021-08-28T06:25:19.274Z,buy,4.01e-06,33.0,0.00013233
BRD/BTC,1630132727433,2021-08-28T06:38:47.433Z,sell,3.99e-06,292.0,0.00116508
BRD/BTC,1630132941342,2021-08-28T06:42:21.342Z,sell,3.99e-06,358.0,0.00142842
BRD/BTC,1630132979745,2021-08-28T06:42:59.745Z,sell,3.99e-06,396.0,0.00158004
BRD/BTC,1630133311332,2021-08-28T06:48:31.332Z,sell,3.99e-06,199.0,0.0007940099999999999
BRD/BTC,1630133323982,2021-08-28T06:48:43.982Z,buy,4.01e-06,25.0,0.00010025
BRD/BTC,1630133573382,2021-08-28T06:52:53.382Z,sell,3.99e-06,4963.0,0.01980237
BRD/BTC,1630133575578,2021-08-28T06:52:55.578Z,buy,4e-06,1363.0,0.005451999999999999
BRD/BTC,1630133765245,2021-08-28T06:56:05.245Z,buy,4.01e-06,391.0,0.0015679099999999998
BRD/BTC,1630133813154,2021-08-28T06:56:53.154Z,sell,3.99e-06,237.0,0.0009456299999999999
BRD/BTC,1630134349466,2021-08-28T07:05:49.466Z,sell,3.99e-06,820.0,0.0032718
BRD/BTC,1630134503836,2021-08-28T07:08:23.836Z,buy,4.01e-06,25.0,0.00010025
BRD/BTC,1630134503836,2021-08-28T07:08:23.836Z,buy,4.01e-06,25.0,0.00010025
BRD/BTC,1630134973395,2021-08-28T07:16:13.395Z,sell,3.99e-06,128.0,0.00051072
BRD/BTC,1630135248881,2021-08-28T07:20:48.881Z,buy,4.01e-06,25.0,0.00010025
BRD/BTC,1630135390985,2021-08-28T07:23:10.985Z,buy,4.01e-06,47.0,0.00018847
BRD/BTC,1630135510803,2021-08-28T07:25:10.803Z,sell,4e-06,301.0,0.001204
BRD/BTC,1630135569536,2021-08-28T07:26:09.536Z,buy,4.01e-06,500.0,0.002005
BRD/BTC,1630135572370,2021-08-28T07:26:12.370Z,buy,4.01e-06,930.0,0.0037292999999999996
BRD/BTC,1630135572370,2021-08-28T07:26:12.370Z,buy,4.02e-06,791.0,0.00317982
BRD/BTC,1630135572370,2021-08-28T07:26:12.370Z,buy,4.03e-06,11.0,4.4330000000000004e-05
BRD/BTC,1630135630479,2021-08-28T07:27:10.479Z,buy,4.03e-06,25.0,0.00010075000000000001
BRD/BTC,1630135634836,2021-08-28T07:27:14.836Z,sell,4.01e-06,409.0,0.0016400899999999999
BRD/BTC,1630135652256,2021-08-28T07:27:32.256Z,buy,4.01e-06,628.0,0.00251828
BRD/BTC,1630135652256,2021-08-28T07:27:32.256Z,buy,4.03e-06,254.0,0.00102362
BRD/BTC,1630135867828,2021-08-28T07:31:07.828Z,sell,4e-06,42.0,0.000168
BRD/BTC,1630135888552,2021-08-28T07:31:28.552Z,sell,4e-06,2000.0,0.008
BRD/BTC,1630135895191,2021-08-28T07:31:35.191Z,buy,4.03e-06,1681.0,0.0067744300000000006
BRD/BTC,1630135898343,2021-08-28T07:31:38.343Z,buy,4.03e-06,25.0,0.00010075000000000001
BRD/BTC,1630135904757,2021-08-28T07:31:44.757Z,buy,4.03e-06,533.0,0.0021479900000000002
BRD/BTC,1630135904757,2021-08-28T07:31:44.757Z,buy,4.04e-06,67.0,0.00027068000000000003
BRD/BTC,1630135943849,2021-08-28T07:32:23.849Z,buy,4.04e-06,30.0,0.0001212
BRD/BTC,1630135965153,2021-08-28T07:32:45.153Z,buy,4.04e-06,26.0,0.00010504000000000001
BRD/BTC,1630136010687,2021-08-28T07:33:30.687Z,sell,4.03e-06,507.0,0.00204321
BRD/BTC,1630136012463,2021-08-28T07:33:32.463Z,buy,4.03e-06,119.0,0.00047957
BRD/BTC,1630136012463,2021-08-28T07:33:32.463Z,buy,4.04e-06,1256.0,0.005074240000000001
BRD/BTC,1630136049173,2021-08-28T07:34:09.173Z,sell,4.01e-06,124.0,0.0004972399999999999
BRD/BTC,1630136156568,2021-08-28T07:35:56.568Z,buy,4.04e-06,28.0,0.00011312
BRD/BTC,1630136219220,2021-08-28T07:36:59.220Z,sell,4.01e-06,1374.0,0.00550974
BRD/BTC,1630136331175,2021-08-28T07:38:51.175Z,buy,4.04e-06,26.0,0.00010504000000000001
BRD/BTC,1630136492641,2021-08-28T07:41:32.641Z,buy,4.03e-06,25.0,0.00010075000000000001
BRD/BTC,1630136499929,2021-08-28T07:41:39.929Z,buy,4.04e-06,30.0,0.0001212
BRD/BTC,1630136630784,2021-08-28T07:43:50.784Z,buy,4.04e-06,2250.0,0.00909
BRD/BTC,1630136644633,2021-08-28T07:44:04.633Z,buy,4.04e-06,1215.0,0.0049086
BRD/BTC,1630136683667,2021-08-28T07:44:43.667Z,buy,4.04e-06,393.0,0.0015877200000000001
BRD/BTC,1630137225405,2021-08-28T07:53:45.405Z,sell,4.02e-06,500.0,0.0020099999999999996
BRD/BTC,1630137235049,2021-08-28T07:53:55.049Z,buy,4.04e-06,249.0,0.00100596
BRD/BTC,1630137239925,2021-08-28T07:53:59.925Z,buy,4.04e-06,16.0,6.464e-05
BRD/BTC,1630137239925,2021-08-28T07:53:59.925Z,buy,4.05e-06,46.0,0.0001863
BRD/BTC,1630137382937,2021-08-28T07:56:22.937Z,sell,4.03e-06,1000.0,0.004030000000000001
BRD/BTC,1630137476091,2021-08-28T07:57:56.091Z,buy,4.03e-06,1000.0,0.004030000000000001
BRD/BTC,1630137539951,2021-08-28T07:58:59.951Z,buy,4.05e-06,25.0,0.00010125000000000001
BRD/BTC,1630137549173,2021-08-28T07:59:09.173Z,sell,4.04e-06,392.0,0.00158368
BRD/BTC,1630137549174,2021-08-28T07:59:09.174Z,sell,4.04e-06,392.0,0.00158368
BRD/BTC,1630137549174,2021-08-28T07:59:09.174Z,sell,4.04e-06,703.0,0.0028401200000000002
BRD/BTC,1630137551063,2021-08-28T07:59:11.063Z,sell,4.04e-06,402.0,0.0016240800000000002
BRD/BTC,1630137551076,2021-08-28T07:59:11.076Z,sell,4.04e-06,134.0,0.0005413600000000001
BRD/BTC,1630137573077,2021-08-28T07:59:33.077Z,sell,4.04e-06,345.0,0.0013938000000000002
BRD/BTC,1630137607906,2021-08-28T08:00:07.906Z,sell,4.04e-06,398.0,0.00160792
BRD/BTC,1630137692751,2021-08-28T08:01:32.751Z,buy,4.05e-06,25.0,0.00010125000000000001
BRD/BTC,1630137699344,2021-08-28T08:01:39.344Z,sell,4.04e-06,3000.0,0.01212
BRD/BTC,1630137715447,2021-08-28T08:01:55.447Z,buy,4.05e-06,26.0,0.00010530000000000001
BRD/BTC,1630137829594,2021-08-28T08:03:49.594Z,sell,4.04e-06,240.0,0.0009696
BRD/BTC,1630137932962,2021-08-28T08:05:32.962Z,sell,4.04e-06,955.0,0.0038582000000000004
BRD/BTC,1630138003639,2021-08-28T08:06:43.639Z,buy,4.05e-06,2515.0,0.01018575
BRD/BTC,1630138003919,2021-08-28T08:06:43.919Z,sell,4.04e-06,26.0,0.00010504000000000001
BRD/BTC,1630138053214,2021-08-28T08:07:33.214Z,buy,4.05e-06,2884.0,0.0116802
BRD/BTC,1630138053214,2021-08-28T08:07:33.214Z,buy,4.05e-06,2884.0,0.0116802
BRD/BTC,1630138113831,2021-08-28T08:08:33.831Z,buy,4.05e-06,669.0,0.00270945
BRD/BTC,1630138144989,2021-08-28T08:09:04.989Z,buy,4.05e-06,223.0,0.00090315
BRD/BTC,1630138144989,2021-08-28T08:09:04.989Z,buy,4.06e-06,2.0,8.12e-06
BRD/BTC,1630138260354,2021-08-28T08:11:00.354Z,buy,4.06e-06,315.0,0.0012789000000000001
BRD/BTC,1630138330478,2021-08-28T08:12:10.478Z,sell,4.04e-06,124.0,0.0005009600000000001
BRD/BTC,1630138418899,2021-08-28T08:13:38.899Z,sell,4.04e-06,4000.0,0.01616
BRD/BTC,1630138424315,2021-08-28T08:13:44.315Z,buy,4.05e-06,25.0,0.00010125000000000001
BRD/BTC,1630138489997,2021-08-28T08:14:49.997Z,buy,4.06e-06,290.0,0.0011774
BRD/BTC,1630138606527,2021-08-28T08:16:46.527Z,buy,4.06e-06,25.0,0.0001015
BRD/BTC,1630138680341,2021-08-28T08:18:00.341Z,buy,4.06e-06,2129.0,0.00864374
BRD/BTC,1630138691854,2021-08-28T08:18:11.854Z,buy,4.06e-06,1323.0,0.00537138
BRD/BTC,1630138761384,2021-08-28T08:19:21.384Z,buy,4.06e-06,2189.0,0.00888734
BRD/BTC,1630138767626,2021-08-28T08:19:27.626Z,buy,4.06e-06,319.0,0.00129514
BRD/BTC,1630138767626,2021-08-28T08:19:27.626Z,buy,4.07e-06,81.0,0.00032967
BRD/BTC,1630138778427,2021-08-28T08:19:38.427Z,sell,4.05e-06,623.0,0.00252315
BRD/BTC,1630138778635,2021-08-28T08:19:38.635Z,sell,4.05e-06,27.0,0.00010935
BRD/BTC,1630138779948,2021-08-28T08:19:39.948Z,sell,4.04e-06,125.0,0.000505
BRD/BTC,1630138779962,2021-08-28T08:19:39.962Z,sell,4.04e-06,52.0,0.00021008000000000002
BRD/BTC,1630138780476,2021-08-28T08:19:40.476Z,sell,4.04e-06,250.0,0.00101
BRD/BTC,1630138794239,2021-08-28T08:19:54.239Z,buy,4.05e-06,596.0,0.0024138000000000002
BRD/BTC,1630138794239,2021-08-28T08:19:54.239Z,buy,4.07e-06,4.0,1.628e-05
BRD/BTC,1630138812231,2021-08-28T08:20:12.231Z,buy,4.07e-06,61.0,0.00024827
BRD/BTC,1630138820559,2021-08-28T08:20:20.559Z,sell,4.05e-06,3000.0,0.012150000000000001
BRD/BTC,1630138830077,2021-08-28T08:20:30.077Z,buy,4.07e-06,25.0,0.00010175
BRD/BTC,1630138866096,2021-08-28T08:21:06.096Z,buy,4.07e-06,150.0,0.0006105
BRD/BTC,1630138893147,2021-08-28T08:21:33.147Z,buy,4.07e-06,2202.0,0.00896214
BRD/BTC,1630138925890,2021-08-28T08:22:05.890Z,buy,4.08e-06,11225.0,0.045798
BRD/BTC,1630138938235,2021-08-28T08:22:18.235Z,buy,4.08e-06,66.0,0.00026928
BRD/BTC,1630138979757,2021-08-28T08:22:59.757Z,buy,4.08e-06,227.0,0.00092616
BRD/BTC,1630138996384,2021-08-28T08:23:16.384Z,sell,4.08e-06,1405.0,0.0057323999999999995
BRD/BTC,1630139011571,2021-08-28T08:23:31.571Z,buy,4.09e-06,2214.0,0.009055259999999999
BRD/BTC,1630139025242,2021-08-28T08:23:45.242Z,sell,4.08e-06,1040.0,0.0042432
BRD/BTC,1630139056411,2021-08-28T08:24:16.411Z,buy,4.08e-06,25.0,0.000102
BRD/BTC,1630139074922,2021-08-28T08:24:34.922Z,buy,4.08e-06,56.0,0.00022847999999999998
BRD/BTC,1630139095347,2021-08-28T08:24:55.347Z,buy,4.08e-06,1783.0,0.00727464
BRD/BTC,1630139095347,2021-08-28T08:24:55.347Z,buy,4.1e-06,7.0,2.87e-05
BRD/BTC,1630139227760,2021-08-28T08:27:07.760Z,sell,4.07e-06,52.0,0.00021164
BRD/BTC,1630139269461,2021-08-28T08:27:49.461Z,sell,4.07e-06,5000.0,0.02035
BRD/BTC,1630139275730,2021-08-28T08:27:55.730Z,buy,4.08e-06,25.0,0.000102
BRD/BTC,1630139331436,2021-08-28T08:28:51.436Z,buy,4.08e-06,33.0,0.00013464
BRD/BTC,1630139353808,2021-08-28T08:29:13.808Z,buy,4.08e-06,169.0,0.00068952
BRD/BTC,1630139380596,2021-08-28T08:29:40.596Z,sell,4.06e-06,1230.0,0.0049938000000000005
BRD/BTC,1630139380596,2021-08-28T08:29:40.596Z,sell,4.05e-06,3808.0,0.015422400000000001
BRD/BTC,1630139397529,2021-08-28T08:29:57.529Z,sell,4.05e-06,290.0,0.0011745
BRD/BTC,1630139399105,2021-08-28T08:29:59.105Z,buy,4.07e-06,167.0,0.00067969
BRD/BTC,1630139466514,2021-08-28T08:31:06.514Z,sell,4.06e-06,12000.0,0.04872
BRD/BTC,1630139588110,2021-08-28T08:33:08.110Z,buy,4.07e-06,378.0,0.00153846
BRD/BTC,1630139638893,2021-08-28T08:33:58.893Z,buy,4.07e-06,327.0,0.00133089
BRD/BTC,1630139648621,2021-08-28T08:34:08.621Z,buy,4.07e-06,322.0,0.00131054
BRD/BTC,1630139677426,2021-08-28T08:34:37.426Z,buy,4.07e-06,365.0,0.00148555
BRD/BTC,1630139686507,2021-08-28T08:34:46.507Z,sell,4.06e-06,108.0,0.00043848
BRD/BTC,1630139688771,2021-08-28T08:34:48.771Z,buy,4.07e-06,78.0,0.00031746
BRD/BTC,1630139744654,2021-08-28T08:35:44.654Z,sell,4.06e-06,40.0,0.0001624
BRD/BTC,1630139746518,2021-08-28T08:35:46.518Z,sell,4.06e-06,392.0,0.0015915200000000001
BRD/BTC,1630139769827,2021-08-28T08:36:09.827Z,sell,4.06e-06,378.0,0.00153468
BRD/BTC,1630139826146,2021-08-28T08:37:06.146Z,sell,4.06e-06,260.0,0.0010556
BRD/BTC,1630140101915,2021-08-28T08:41:41.915Z,sell,4.06e-06,107.0,0.00043442000000000003
BRD/BTC,1630140383628,2021-08-28T08:46:23.628Z,sell,4.06e-06,2512.0,0.01019872
BRD/BTC,1630140562020,2021-08-28T08:49:22.020Z,sell,4.06e-06,25.0,0.0001015
BRD/BTC,1630140847067,2021-08-28T08:54:07.067Z,sell,4.06e-06,390.0,0.0015834
BRD/BTC,1630140848566,2021-08-28T08:54:08.566Z,sell,4.06e-06,173.0,0.0007023800000000001
BRD/BTC,1630140897212,2021-08-28T08:54:57.212Z,buy,4.07e-06,94.0,0.00038258
BRD/BTC,1630140901571,2021-08-28T08:55:01.571Z,buy,4.07e-06,1554.0,0.00632478
BRD/BTC,1630140930325,2021-08-28T08:55:30.325Z,buy,4.07e-06,98.0,0.00039886
BRD/BTC,1630140986640,2021-08-28T08:56:26.640Z,buy,4.07e-06,3454.0,0.01405778
BRD/BTC,1630141141009,2021-08-28T08:59:01.009Z,buy,4.07e-06,495.0,0.00201465
BRD/BTC,1630141251489,2021-08-28T09:00:51.489Z,buy,4.07e-06,50.0,0.0002035
BRD/BTC,1630141267257,2021-08-28T09:01:07.257Z,sell,4.06e-06,96.0,0.00038976
BRD/BTC,1630141352632,2021-08-28T09:02:32.632Z,sell,4.06e-06,96.0,0.00038976
BRD/BTC,1630141437107,2021-08-28T09:03:57.107Z,sell,4.06e-06,191.0,0.0007754600000000001
BRD/BTC,1630141482351,2021-08-28T09:04:42.351Z,buy,4.07e-06,576.0,0.00234432
BRD/BTC,1630141485183,2021-08-28T09:04:45.183Z,buy,4.07e-06,622.0,0.00253154
BRD/BTC,1630141540177,2021-08-28T09:05:40.177Z,buy,4.07e-06,96.0,0.00039072
BRD/BTC,1630141564820,2021-08-28T09:06:04.820Z,buy,4.07e-06,76.0,0.00030931999999999997
BRD/BTC,1630141646904,2021-08-28T09:07:26.904Z,sell,4.06e-06,335.0,0.0013601
BRD/BTC,1630141646904,2021-08-28T09:07:26.904Z,sell,4.06e-06,335.0,0.0013601
BRD/BTC,1630141716253,2021-08-28T09:08:36.253Z,buy,4.07e-06,121.0,0.00049247
BRD/BTC,1630141765330,2021-08-28T09:09:25.330Z,sell,4.06e-06,67.0,0.00027202
BRD/BTC,1630141780628,2021-08-28T09:09:40.628Z,sell,4.06e-06,243.0,0.00098658
BRD/BTC,1630141856727,2021-08-28T09:10:56.727Z,sell,4.06e-06,96.0,0.00038976
BRD/BTC,1630141886889,2021-08-28T09:11:26.889Z,sell,4.06e-06,150.0,0.0006090000000000001
BRD/BTC,1630142130287,2021-08-28T09:15:30.287Z,sell,4.06e-06,120.0,0.0004872
BRD/BTC,1630142175926,2021-08-28T09:16:15.926Z,sell,4.06e-06,50.0,0.000203
BRD/BTC,1630142523413,2021-08-28T09:22:03.413Z,sell,4.06e-06,1552.0,0.00630112
BRD/BTC,1630142565620,2021-08-28T09:22:45.620Z,buy,4.07e-06,177.0,0.00072039
BRD/BTC,1630142721229,2021-08-28T09:25:21.229Z,buy,4.07e-06,1077.0,0.00438339
BRD/BTC,1630142770013,2021-08-28T09:26:10.013Z,sell,4.07e-06,5000.0,0.02035
BRD/BTC,1630142789662,2021-08-28T09:26:29.662Z,buy,4.08e-06,321.0,0.00130968
BRD/BTC,1630142832507,2021-08-28T09:27:12.507Z,buy,4.08e-06,74.0,0.00030192
BRD/BTC,1630142878150,2021-08-28T09:27:58.150Z,buy,4.08e-06,500.0,0.00204
BRD/BTC,1630142896418,2021-08-28T09:28:16.418Z,sell,4.07e-06,1569.0,0.00638583
BRD/BTC,1630142941974,2021-08-28T09:29:01.974Z,buy,4.07e-06,54.0,0.00021977999999999999
BRD/BTC,1630142957682,2021-08-28T09:29:17.682Z,sell,4.06e-06,54.0,0.00021924
BRD/BTC,1630142992076,2021-08-28T09:29:52.076Z,buy,4.07e-06,7831.0,0.03187217
BRD/BTC,1630142992076,2021-08-28T09:29:52.076Z,buy,4.08e-06,3749.0,0.01529592
BRD/BTC,1630142992076,2021-08-28T09:29:52.076Z,buy,4.09e-06,4030.0,0.0164827
BRD/BTC,1630142992076,2021-08-28T09:29:52.076Z,buy,4.1e-06,7390.0,0.030299
BRD/BTC,1630143043588,2021-08-28T09:30:43.588Z,buy,4.1e-06,54.0,0.0002214
BRD/BTC,1630143061364,2021-08-28T09:31:01.364Z,buy,4.1e-06,9888.0,0.040540799999999995
BRD/BTC,1630143061364,2021-08-28T09:31:01.364Z,buy,4.11e-06,3418.0,0.014047979999999998
BRD/BTC,1630143061364,2021-08-28T09:31:01.364Z,buy,4.12e-06,770.0,0.0031724
BRD/BTC,1630143061364,2021-08-28T09:31:01.364Z,buy,4.13e-06,31836.0,0.13148268000000002
BRD/BTC,1630143061364,2021-08-28T09:31:01.364Z,buy,4.14e-06,14088.0,0.058324320000000006
BRD/BTC,1630143072201,2021-08-28T09:31:12.201Z,buy,4.14e-06,25461.0,0.10540854000000001
BRD/BTC,1630143072205,2021-08-28T09:31:12.205Z,sell,4.14e-06,449.0,0.0018588600000000002
BRD/BTC,1630143072205,2021-08-28T09:31:12.205Z,sell,4.14e-06,1251.0,0.0051791400000000005
BRD/BTC,1630143072206,2021-08-28T09:31:12.206Z,sell,4.14e-06,449.0,0.0018588600000000002
BRD/BTC,1630143072206,2021-08-28T09:31:12.206Z,sell,4.14e-06,449.0,0.0018588600000000002
BRD/BTC,1630143072206,2021-08-28T09:31:12.206Z,sell,4.14e-06,449.0,0.0018588600000000002
BRD/BTC,1630143072206,2021-08-28T09:31:12.206Z,sell,4.14e-06,449.0,0.0018588600000000002
BRD/BTC,1630143072206,2021-08-28T09:31:12.206Z,sell,4.14e-06,449.0,0.0018588600000000002
BRD/BTC,1630143072206,2021-08-28T09:31:12.206Z,sell,4.14e-06,449.0,0.0018588600000000002
BRD/BTC,1630143072206,2021-08-28T09:31:12.206Z,sell,4.14e-06,145.0,0.0006003
BRD/BTC,1630143072228,2021-08-28T09:31:12.228Z,sell,4.1e-06,180.0,0.0007379999999999999
BRD/BTC,1630143072228,2021-08-28T09:31:12.228Z,sell,4.09e-06,2210.0,0.009038899999999999
BRD/BTC,1630143072239,2021-08-28T09:31:12.239Z,sell,4.09e-06,1202.0,0.00491618
BRD/BTC,1630143082503,2021-08-28T09:31:22.503Z,buy,4.12e-06,95.0,0.0003914
BRD/BTC,1630143082503,2021-08-28T09:31:22.503Z,buy,4.14e-06,63.0,0.00026082
BRD/BTC,1630143087299,2021-08-28T09:31:27.299Z,sell,4.11e-06,648.0,0.0026632799999999996
BRD/BTC,1630143087299,2021-08-28T09:31:27.299Z,sell,4.1e-06,129.0,0.0005289
BRD/BTC,1630143087299,2021-08-28T09:31:27.299Z,sell,4.09e-06,577.0,0.00235993
BRD/BTC,1630143092170,2021-08-28T09:31:32.170Z,sell,4.1e-06,599.0,0.0024559
BRD/BTC,1630143092170,2021-08-28T09:31:32.170Z,sell,4.09e-06,228.0,0.0009325199999999999
BRD/BTC,1630143093338,2021-08-28T09:31:33.338Z,buy,4.12e-06,95.0,0.0003914
BRD/BTC,1630143093338,2021-08-28T09:31:33.338Z,buy,4.14e-06,34.0,0.00014076
BRD/BTC,1630143093338,2021-08-28T09:31:33.338Z,buy,4.15e-06,1752.0,0.0072708
BRD/BTC,1630143093338,2021-08-28T09:31:33.338Z,buy,4.16e-06,1113.0,0.00463008
BRD/BTC,1630143097079,2021-08-28T09:31:37.079Z,sell,4.12e-06,27.0,0.00011124000000000001
BRD/BTC,1630143097560,2021-08-28T09:31:37.560Z,sell,4.12e-06,27.0,0.00011124000000000001
BRD/BTC,1630143098495,2021-08-28T09:31:38.495Z,sell,4.12e-06,27.0,0.00011124000000000001
BRD/BTC,1630143107198,2021-08-28T09:31:47.198Z,sell,4.12e-06,14.0,5.7680000000000003e-05
BRD/BTC,1630143107198,2021-08-28T09:31:47.198Z,sell,4.1e-06,752.0,0.0030832
BRD/BTC,1630143122932,2021-08-28T09:32:02.932Z,buy,4.12e-06,400.0,0.0016480000000000002
BRD/BTC,1630143123453,2021-08-28T09:32:03.453Z,buy,4.12e-06,485.0,0.0019982000000000003
BRD/BTC,1630143125126,2021-08-28T09:32:05.126Z,buy,4.12e-06,485.0,0.0019982000000000003
BRD/BTC,1630143125137,2021-08-28T09:32:05.137Z,buy,4.12e-06,85.0,0.00035020000000000006
BRD/BTC,1630143140875,2021-08-28T09:32:20.875Z,buy,4.14e-06,1281.0,0.00530334
BRD/BTC,1630143140875,2021-08-28T09:32:20.875Z,buy,4.15e-06,121.0,0.00050215
BRD/BTC,1630143140875,2021-08-28T09:32:20.875Z,buy,4.17e-06,3398.0,0.014169659999999999
BRD/BTC,1630143142307,2021-08-28T09:32:22.307Z,buy,4.17e-06,25.0,0.00010425
BRD/BTC,1630143143185,2021-08-28T09:32:23.185Z,sell,4.13e-06,74.0,0.00030562000000000005
BRD/BTC,1630143149161,2021-08-28T09:32:29.161Z,sell,4.15e-06,95.0,0.00039425
BRD/BTC,1630143149161,2021-08-28T09:32:29.161Z,sell,4.14e-06,34.0,0.00014076
BRD/BTC,1630143149161,2021-08-28T09:32:29.161Z,sell,4.12e-06,20.0,8.240000000000001e-05
BRD/BTC,1630143149164,2021-08-28T09:32:29.164Z,sell,4.12e-06,232.0,0.0009558400000000001
BRD/BTC,1630143149164,2021-08-28T09:32:29.164Z,sell,4.11e-06,910.0,0.0037400999999999997
BRD/BTC,1630143149185,2021-08-28T09:32:29.185Z,sell,4.13e-06,195.0,0.00080535
BRD/BTC,1630143149185,2021-08-28T09:32:29.185Z,sell,4.11e-06,1556.0,0.0063951599999999996
BRD/BTC,1630143149203,2021-08-28T09:32:29.203Z,sell,4.11e-06,152.0,0.0006247199999999999
BRD/BTC,1630143149223,2021-08-28T09:32:29.223Z,sell,4.11e-06,1571.0,0.0064568099999999995
BRD/BTC,1630143149223,2021-08-28T09:32:29.223Z,sell,4.1e-06,251.0,0.0010291
BRD/BTC,1630143149418,2021-08-28T09:32:29.418Z,sell,4.11e-06,247.0,0.00101517
BRD/BTC,1630143149590,2021-08-28T09:32:29.590Z,sell,4.11e-06,350.0,0.0014385
BRD/BTC,1630143149590,2021-08-28T09:32:29.590Z,sell,4.1e-06,2095.0,0.0085895
BRD/BTC,1630143149957,2021-08-28T09:32:29.957Z,sell,4.1e-06,250.0,0.0010249999999999999
BRD/BTC,1630143149976,2021-08-28T09:32:29.976Z,sell,4.1e-06,51.0,0.0002091
BRD/BTC,1630143149981,2021-08-28T09:32:29.981Z,sell,4.11e-06,51.0,0.00020961
BRD/BTC,1630143149983,2021-08-28T09:32:29.983Z,sell,4.11e-06,51.0,0.00020961
BRD/BTC,1630143149985,2021-08-28T09:32:29.985Z,sell,4.11e-06,119.0,0.00048909
BRD/BTC,1630143149991,2021-08-28T09:32:29.991Z,sell,4.11e-06,50.0,0.00020549999999999998
BRD/BTC,1630143149995,2021-08-28T09:32:29.995Z,sell,4.11e-06,147.0,0.0006041699999999999
BRD/BTC,1630143149995,2021-08-28T09:32:29.995Z,sell,4.1e-06,842.0,0.0034522
BRD/BTC,1630143149997,2021-08-28T09:32:29.997Z,sell,4.1e-06,50.0,0.000205
BRD/BTC,1630143150000,2021-08-28T09:32:30.000Z,sell,4.1e-06,51.0,0.0002091
BRD/BTC,1630143150000,2021-08-28T09:32:30.000Z,sell,4.1e-06,51.0,0.0002091
BRD/BTC,1630143150047,2021-08-28T09:32:30.047Z,sell,4.1e-06,50.0,0.000205
BRD/BTC,1630143152403,2021-08-28T09:32:32.403Z,sell,4.12e-06,48.0,0.00019776
BRD/BTC,1630143180404,2021-08-28T09:33:00.404Z,buy,4.12e-06,448.0,0.0018457600000000001
BRD/BTC,1630143211062,2021-08-28T09:33:31.062Z,buy,4.12e-06,78.0,0.00032136
BRD/BTC,1630143212222,2021-08-28T09:33:32.222Z,sell,4.1e-06,121.0,0.0004961
BRD/BTC,1630143212222,2021-08-28T09:33:32.222Z,sell,4.09e-06,403.0,0.0016482699999999999
BRD/BTC,1630143243917,2021-08-28T09:34:03.917Z,buy,4.11e-06,103.0,0.00042333
BRD/BTC,1630143303355,2021-08-28T09:35:03.355Z,sell,4.09e-06,272.0,0.00111248
BRD/BTC,1630143303355,2021-08-28T09:35:03.355Z,sell,4.08e-06,1085.0,0.0044268
BRD/BTC,1630143361995,2021-08-28T09:36:01.995Z,buy,4.11e-06,151.0,0.00062061
BRD/BTC,1630143362206,2021-08-28T09:36:02.206Z,sell,4.08e-06,106.0,0.00043248
BRD/BTC,1630143393448,2021-08-28T09:36:33.448Z,buy,4.11e-06,10000.0,0.0411
BRD/BTC,1630143410941,2021-08-28T09:36:50.941Z,sell,4.09e-06,2837.0,0.01160333
BRD/BTC,1630143425657,2021-08-28T09:37:05.657Z,sell,4.09e-06,106.0,0.00043354
BRD/BTC,1630143486412,2021-08-28T09:38:06.412Z,buy,4.11e-06,3045.0,0.012514949999999999
BRD/BTC,1630143486412,2021-08-28T09:38:06.412Z,buy,4.12e-06,780.0,0.0032136000000000005
BRD/BTC,1630143544360,2021-08-28T09:39:04.360Z,buy,4.12e-06,52.0,0.00021424
BRD/BTC,1630143556475,2021-08-28T09:39:16.475Z,buy,4.12e-06,52.0,0.00021424
BRD/BTC,1630143564352,2021-08-28T09:39:24.352Z,buy,4.12e-06,97.0,0.00039964000000000004
BRD/BTC,1630143636593,2021-08-28T09:40:36.593Z,sell,4.1e-06,95.0,0.0003895
BRD/BTC,1630143636593,2021-08-28T09:40:36.593Z,sell,4.09e-06,4705.0,0.01924345
BRD/BTC,1630143736608,2021-08-28T09:42:16.608Z,sell,4.09e-06,150.0,0.0006135
BRD/BTC,1630143810991,2021-08-28T09:43:30.991Z,sell,4.09e-06,4795.0,0.01961155
BRD/BTC,1630143834651,2021-08-28T09:43:54.651Z,sell,4.09e-06,479.0,0.00195911
BRD/BTC,1630143839324,2021-08-28T09:43:59.324Z,buy,4.12e-06,1085.0,0.0044702000000000006
BRD/BTC,1630143854871,2021-08-28T09:44:14.871Z,buy,4.13e-06,483.0,0.00199479
BRD/BTC,1630143942657,2021-08-28T09:45:42.657Z,buy,4.13e-06,330.0,0.0013629
BRD/BTC,1630143950870,2021-08-28T09:45:50.870Z,buy,4.13e-06,163.0,0.00067319
BRD/BTC,1630143952902,2021-08-28T09:45:52.902Z,buy,4.13e-06,50.0,0.0002065
BRD/BTC,1630143987224,2021-08-28T09:46:27.224Z,buy,4.13e-06,163.0,0.00067319
BRD/BTC,1630144025817,2021-08-28T09:47:05.817Z,buy,4.13e-06,495.0,0.0020443500000000003
BRD/BTC,1630144027944,2021-08-28T09:47:07.944Z,buy,4.13e-06,50.0,0.0002065
BRD/BTC,1630144061193,2021-08-28T09:47:41.193Z,buy,4.13e-06,5008.0,0.02068304
BRD/BTC,1630144070368,2021-08-28T09:47:50.368Z,buy,4.14e-06,323.0,0.00133722
BRD/BTC,1630144087728,2021-08-28T09:48:07.728Z,sell,4.14e-06,25.0,0.00010350000000000001
BRD/BTC,1630144104596,2021-08-28T09:48:24.596Z,buy,4.15e-06,318.0,0.0013197
BRD/BTC,1630144104596,2021-08-28T09:48:24.596Z,buy,4.16e-06,12.0,4.9919999999999996e-05
BRD/BTC,1630144107223,2021-08-28T09:48:27.223Z,buy,4.16e-06,89.0,0.00037024
BRD/BTC,1630144153938,2021-08-28T09:49:13.938Z,buy,4.16e-06,299.0,0.00124384
BRD/BTC,1630144153938,2021-08-28T09:49:13.938Z,buy,4.17e-06,606.0,0.00252702
BRD/BTC,1630144153951,2021-08-28T09:49:13.951Z,sell,4.17e-06,489.0,0.00203913
BRD/BTC,1630144158635,2021-08-28T09:49:18.635Z,sell,4.17e-06,1530.0,0.0063801
BRD/BTC,1630144160107,2021-08-28T09:49:20.107Z,buy,4.18e-06,494.0,0.00206492
BRD/BTC,1630144160116,2021-08-28T09:49:20.116Z,sell,4.18e-06,679.0,0.00283822
BRD/BTC,1630144161608,2021-08-28T09:49:21.608Z,buy,4.19e-06,30.0,0.0001257
BRD/BTC,1630144161727,2021-08-28T09:49:21.727Z,buy,4.19e-06,25.0,0.00010475
BRD/BTC,1630144170277,2021-08-28T09:49:30.277Z,sell,4.18e-06,5319.0,0.02223342
BRD/BTC,1630144223084,2021-08-28T09:50:23.084Z,sell,4.18e-06,2852.0,0.011921359999999999
BRD/BTC,1630144267738,2021-08-28T09:51:07.738Z,sell,4.18e-06,25.0,0.00010449999999999999
BRD/BTC,1630144343659,2021-08-28T09:52:23.659Z,sell,4.18e-06,164.0,0.00068552
BRD/BTC,1630144349549,2021-08-28T09:52:29.549Z,sell,4.18e-06,574.0,0.00239932
BRD/BTC,1630144371957,2021-08-28T09:52:51.957Z,sell,4.18e-06,78.0,0.00032604
BRD/BTC,1630144391135,2021-08-28T09:53:11.135Z,buy,4.19e-06,584.0,0.0024469599999999998
BRD/BTC,1630144391135,2021-08-28T09:53:11.135Z,buy,4.2e-06,1018.0,0.004275599999999999
BRD/BTC,1630144393159,2021-08-28T09:53:13.159Z,sell,4.18e-06,15000.0,0.06269999999999999
BRD/BTC,1630144410761,2021-08-28T09:53:30.761Z,buy,4.2e-06,161.0,0.0006762
BRD/BTC,1630144410767,2021-08-28T09:53:30.767Z,buy,4.2e-06,245.0,0.001029
BRD/BTC,1630144414803,2021-08-28T09:53:34.803Z,buy,4.2e-06,25.0,0.00010499999999999999
BRD/BTC,1630144417365,2021-08-28T09:53:37.365Z,sell,4.18e-06,1613.0,0.0067423399999999994
BRD/BTC,1630144494924,2021-08-28T09:54:54.924Z,buy,4.2e-06,3334.0,0.0140028
BRD/BTC,1630144494924,2021-08-28T09:54:54.924Z,buy,4.21e-06,1345.0,0.00566245
BRD/BTC,1630144494924,2021-08-28T09:54:54.924Z,buy,4.22e-06,24011.0,0.10132642
BRD/BTC,1630144494924,2021-08-28T09:54:54.924Z,buy,4.23e-06,6871.0,0.029064330000000003
BRD/BTC,1630144494924,2021-08-28T09:54:54.924Z,buy,4.24e-06,272.0,0.00115328
BRD/BTC,1630144494924,2021-08-28T09:54:54.924Z,buy,4.25e-06,6061.0,0.02575925
BRD/BTC,1630144494930,2021-08-28T09:54:54.930Z,sell,4.25e-06,16748.0,0.071179
BRD/BTC,1630144494937,2021-08-28T09:54:54.937Z,buy,4.24e-06,674.0,0.00285776
BRD/BTC,1630144494937,2021-08-28T09:54:54.937Z,buy,4.26e-06,297.0,0.00126522
BRD/BTC,1630144494985,2021-08-28T09:54:54.985Z,buy,4.26e-06,980.0,0.0041748
BRD/BTC,1630144494988,2021-08-28T09:54:54.988Z,buy,4.26e-06,7006.0,0.02984556
BRD/BTC,1630144494988,2021-08-28T09:54:54.988Z,buy,4.27e-06,585.0,0.00249795
BRD/BTC,1630144494993,2021-08-28T09:54:54.993Z,buy,4.27e-06,4544.0,0.019402879999999997
BRD/BTC,1630144494993,2021-08-28T09:54:54.993Z,buy,4.28e-06,6704.0,0.02869312
BRD/BTC,1630144496744,2021-08-28T09:54:56.744Z,buy,4.27e-06,24.0,0.00010248
BRD/BTC,1630144497357,2021-08-28T09:54:57.357Z,buy,4.27e-06,187.0,0.00079849
BRD/BTC,1630144499038,2021-08-28T09:54:59.038Z,sell,4.25e-06,27.0,0.00011475
BRD/BTC,1630144499527,2021-08-28T09:54:59.527Z,sell,4.25e-06,27.0,0.00011475
BRD/BTC,1630144500032,2021-08-28T09:55:00.032Z,sell,4.25e-06,27.0,0.00011475
BRD/BTC,1630144500509,2021-08-28T09:55:00.509Z,sell,4.25e-06,27.0,0.00011475
BRD/BTC,1630144501006,2021-08-28T09:55:01.006Z,sell,4.25e-06,21.0,8.925e-05
BRD/BTC,1630144501006,2021-08-28T09:55:01.006Z,sell,4.22e-06,6.0,2.532e-05
BRD/BTC,1630144509224,2021-08-28T09:55:09.224Z,sell,4.23e-06,245.0,0.0010363500000000001
BRD/BTC,1630144510053,2021-08-28T09:55:10.053Z,sell,4.22e-06,118.0,0.00049796
BRD/BTC,1630144510053,2021-08-28T09:55:10.053Z,sell,4.21e-06,2114.0,0.00889994
BRD/BTC,1630144510181,2021-08-28T09:55:10.181Z,sell,4.21e-06,154.0,0.0006483400000000001
BRD/BTC,1630144510267,2021-08-28T09:55:10.267Z,sell,4.21e-06,137.0,0.00057677
BRD/BTC,1630144510267,2021-08-28T09:55:10.267Z,sell,4.2e-06,112.0,0.00047039999999999994
BRD/BTC,1630144514284,2021-08-28T09:55:14.284Z,sell,4.21e-06,47.0,0.00019787000000000003
BRD/BTC,1630144514284,2021-08-28T09:55:14.284Z,sell,4.2e-06,186.0,0.0007811999999999999
BRD/BTC,1630144522716,2021-08-28T09:55:22.716Z,sell,4.21e-06,432.0,0.0018187200000000002
BRD/BTC,1630144525948,2021-08-28T09:55:25.948Z,buy,4.22e-06,443.0,0.00186946
BRD/BTC,1630144526098,2021-08-28T09:55:26.098Z,buy,4.22e-06,456.0,0.0019243200000000002
BRD/BTC,1630144526098,2021-08-28T09:55:26.098Z,buy,4.23e-06,229.0,0.00096867
BRD/BTC,1630144557484,2021-08-28T09:55:57.484Z,sell,4.21e-06,623.0,0.00262283
BRD/BTC,1630144560201,2021-08-28T09:56:00.201Z,buy,4.21e-06,1313.0,0.005527730000000001
BRD/BTC,1630144564173,2021-08-28T09:56:04.173Z,buy,4.21e-06,100.0,0.00042100000000000004
BRD/BTC,1630144566500,2021-08-28T09:56:06.500Z,buy,4.21e-06,171.0,0.00071991
BRD/BTC,1630144568642,2021-08-28T09:56:08.642Z,buy,4.21e-06,94.0,0.00039574000000000006
BRD/BTC,1630144613144,2021-08-28T09:56:53.144Z,buy,4.21e-06,991.0,0.004172110000000001
BRD/BTC,1630144624394,2021-08-28T09:57:04.394Z,buy,4.21e-06,453.0,0.0019071300000000002
BRD/BTC,1630144632515,2021-08-28T09:57:12.515Z,sell,4.2e-06,2654.0,0.011146799999999998
BRD/BTC,1630144744937,2021-08-28T09:59:04.937Z,sell,4.19e-06,102.0,0.00042738
BRD/BTC,1630144763042,2021-08-28T09:59:23.042Z,buy,4.2e-06,71.0,0.0002982
BRD/BTC,1630144763042,2021-08-28T09:59:23.042Z,buy,4.2e-06,1069.0,0.0044897999999999995
BRD/BTC,1630144770085,2021-08-28T09:59:30.085Z,buy,4.2e-06,65.0,0.00027299999999999997
BRD/BTC,1630144785055,2021-08-28T09:59:45.055Z,buy,4.2e-06,1883.0,0.0079086
BRD/BTC,1630144797755,2021-08-28T09:59:57.755Z,buy,4.21e-06,5652.0,0.02379492
BRD/BTC,1630144804023,2021-08-28T10:00:04.023Z,buy,4.22e-06,95.0,0.00040090000000000004
BRD/BTC,1630144804023,2021-08-28T10:00:04.023Z,buy,4.23e-06,15974.0,0.06757002000000001
BRD/BTC,1630144814014,2021-08-28T10:00:14.014Z,sell,4.23e-06,2586.0,0.01093878
BRD/BTC,1630144814014,2021-08-28T10:00:14.014Z,sell,4.21e-06,3160.0,0.0133036
BRD/BTC,1630144868059,2021-08-28T10:01:08.059Z,buy,4.24e-06,2988.0,0.01266912
BRD/BTC,1630144871677,2021-08-28T10:01:11.677Z,buy,4.24e-06,89.0,0.00037736
BRD/BTC,1630144924278,2021-08-28T10:02:04.278Z,buy,4.24e-06,164.0,0.00069536
BRD/BTC,1630144924278,2021-08-28T10:02:04.278Z,buy,4.25e-06,645.0,0.0027412499999999998
BRD/BTC,1630144924278,2021-08-28T10:02:04.278Z,buy,4.26e-06,1802.0,0.00767652
BRD/BTC,1630144924278,2021-08-28T10:02:04.278Z,buy,4.27e-06,5540.0,0.023655799999999998
BRD/BTC,1630144924278,2021-08-28T10:02:04.278Z,buy,4.28e-06,18394.0,0.07872631999999999
BRD/BTC,1630144924278,2021-08-28T10:02:04.278Z,buy,4.29e-06,72994.0,0.31314425999999995
BRD/BTC,1630144924278,2021-08-28T10:02:04.278Z,buy,4.3e-06,40155.0,0.1726665
BRD/BTC,1630144924285,2021-08-28T10:02:04.285Z,sell,4.3e-06,8682.0,0.0373326
BRD/BTC,1630144924293,2021-08-28T10:02:04.293Z,sell,4.3e-06,668.0,0.0028724
BRD/BTC,1630144924301,2021-08-28T10:02:04.301Z,buy,4.31e-06,738.0,0.0031807800000000002
BRD/BTC,1630144924301,2021-08-28T10:02:04.301Z,buy,4.32e-06,227.0,0.00098064
BRD/BTC,1630144924304,2021-08-28T10:02:04.304Z,sell,4.3e-06,660.0,0.0028380000000000002
BRD/BTC,1630144924322,2021-08-28T10:02:04.322Z,sell,4.3e-06,296.0,0.0012728000000000001
BRD/BTC,1630144924326,2021-08-28T10:02:04.326Z,buy,4.3e-06,364.0,0.0015652
BRD/BTC,1630144924326,2021-08-28T10:02:04.326Z,buy,4.32e-06,765.0,0.0033048
BRD/BTC,1630144924333,2021-08-28T10:02:04.333Z,buy,4.32e-06,969.0,0.00418608
BRD/BTC,1630144924336,2021-08-28T10:02:04.336Z,buy,4.32e-06,3423.0,0.014787360000000001
BRD/BTC,1630144924338,2021-08-28T10:02:04.338Z,buy,4.32e-06,7453.0,0.032196960000000004
BRD/BTC,1630144924338,2021-08-28T10:02:04.338Z,buy,4.33e-06,6726.0,0.02912358
BRD/BTC,1630144924453,2021-08-28T10:02:04.453Z,sell,4.28e-06,25.0,0.000107
BRD/BTC,1630144925243,2021-08-28T10:02:05.243Z,sell,4.29e-06,27.0,0.00011583
BRD/BTC,1630144925723,2021-08-28T10:02:05.723Z,sell,4.29e-06,27.0,0.00011583
BRD/BTC,1630144926204,2021-08-28T10:02:06.204Z,sell,4.27e-06,27.0,0.00011528999999999999
BRD/BTC,1630144926683,2021-08-28T10:02:06.683Z,sell,4.26e-06,27.0,0.00011501999999999999
BRD/BTC,1630144926723,2021-08-28T10:02:06.723Z,sell,4.26e-06,1354.0,0.0057680399999999995
BRD/BTC,1630144927163,2021-08-28T10:02:07.163Z,sell,4.26e-06,27.0,0.00011501999999999999
BRD/BTC,1630144927641,2021-08-28T10:02:07.641Z,sell,4.26e-06,27.0,0.00011501999999999999
BRD/BTC,1630144927794,2021-08-28T10:02:07.794Z,buy,4.29e-06,95.0,0.00040754999999999996
BRD/BTC,1630144928126,2021-08-28T10:02:08.126Z,sell,4.26e-06,27.0,0.00011501999999999999
BRD/BTC,1630144928626,2021-08-28T10:02:08.626Z,sell,4.28e-06,27.0,0.00011555999999999998
BRD/BTC,1630144929129,2021-08-28T10:02:09.129Z,sell,4.28e-06,7.0,2.9959999999999998e-05
BRD/BTC,1630144929129,2021-08-28T10:02:09.129Z,sell,4.27e-06,20.0,8.539999999999999e-05
BRD/BTC,1630144929611,2021-08-28T10:02:09.611Z,sell,4.27e-06,27.0,0.00011528999999999999
BRD/BTC,1630144930089,2021-08-28T10:02:10.089Z,sell,4.27e-06,27.0,0.00011528999999999999
BRD/BTC,1630144931035,2021-08-28T10:02:11.035Z,sell,4.27e-06,21.0,8.967e-05
BRD/BTC,1630144931035,2021-08-28T10:02:11.035Z,sell,4.26e-06,6.0,2.556e-05
BRD/BTC,1630144931519,2021-08-28T10:02:11.519Z,sell,4.26e-06,27.0,0.00011501999999999999
BRD/BTC,1630144932001,2021-08-28T10:02:12.001Z,sell,4.26e-06,27.0,0.00011501999999999999
BRD/BTC,1630144932263,2021-08-28T10:02:12.263Z,buy,4.29e-06,25.0,0.00010724999999999999
BRD/BTC,1630144932486,2021-08-28T10:02:12.486Z,sell,4.26e-06,27.0,0.00011501999999999999
BRD/BTC,1630144932980,2021-08-28T10:02:12.980Z,sell,4.26e-06,27.0,0.00011501999999999999
BRD/BTC,1630144933907,2021-08-28T10:02:13.907Z,sell,4.26e-06,27.0,0.00011501999999999999
BRD/BTC,1630144934392,2021-08-28T10:02:14.392Z,sell,4.26e-06,27.0,0.00011501999999999999
BRD/BTC,1630144934871,2021-08-28T10:02:14.871Z,sell,4.26e-06,27.0,0.00011501999999999999
BRD/BTC,1630144935353,2021-08-28T10:02:15.353Z,sell,4.26e-06,27.0,0.00011501999999999999
BRD/BTC,1630144935888,2021-08-28T10:02:15.888Z,buy,4.29e-06,5000.0,0.021449999999999997
BRD/BTC,1630144936730,2021-08-28T10:02:16.730Z,sell,4.26e-06,27.0,0.00011501999999999999
BRD/BTC,1630144938109,2021-08-28T10:02:18.109Z,sell,4.26e-06,27.0,0.00011501999999999999
BRD/BTC,1630144938591,2021-08-28T10:02:18.591Z,sell,4.26e-06,27.0,0.00011501999999999999
BRD/BTC,1630144939523,2021-08-28T10:02:19.523Z,sell,4.26e-06,27.0,0.00011501999999999999
BRD/BTC,1630144942663,2021-08-28T10:02:22.663Z,sell,4.26e-06,573.0,0.0024409799999999997
BRD/BTC,1630144953435,2021-08-28T10:02:33.435Z,buy,4.27e-06,27.0,0.00011528999999999999
BRD/BTC,1630144953435,2021-08-28T10:02:33.435Z,buy,4.29e-06,73.0,0.00031317
BRD/BTC,1630144954612,2021-08-28T10:02:34.612Z,buy,4.29e-06,646.0,0.0027713399999999997
BRD/BTC,1630144957877,2021-08-28T10:02:37.877Z,sell,4.27e-06,308.0,0.00131516
BRD/BTC,1630144957877,2021-08-28T10:02:37.877Z,sell,4.26e-06,1164.0,0.00495864
BRD/BTC,1630144959177,2021-08-28T10:02:39.177Z,buy,4.29e-06,1504.0,0.006452159999999999
BRD/BTC,1630144960004,2021-08-28T10:02:40.004Z,sell,4.26e-06,12451.0,0.05304126
BRD/BTC,1630144960004,2021-08-28T10:02:40.004Z,sell,4.25e-06,154.0,0.0006545
BRD/BTC,1630144960004,2021-08-28T10:02:40.004Z,sell,4.24e-06,949.0,0.00402376
BRD/BTC,1630144960004,2021-08-28T10:02:40.004Z,sell,4.23e-06,5264.0,0.02226672
BRD/BTC,1630144960004,2021-08-28T10:02:40.004Z,sell,4.22e-06,1171.0,0.00494162
BRD/BTC,1630144960004,2021-08-28T10:02:40.004Z,sell,4.21e-06,2479.0,0.01043659
BRD/BTC,1630144960004,2021-08-28T10:02:40.004Z,sell,4.2e-06,2974.0,0.012490799999999998
BRD/BTC,1630144960047,2021-08-28T10:02:40.047Z,buy,4.28e-06,1126.0,0.00481928
BRD/BTC,1630144963661,2021-08-28T10:02:43.661Z,buy,4.25e-06,131.0,0.00055675
BRD/BTC,1630144963661,2021-08-28T10:02:43.661Z,buy,4.27e-06,287.0,0.0012254899999999999
BRD/BTC,1630144963661,2021-08-28T10:02:43.661Z,buy,4.28e-06,5177.0,0.02215756
BRD/BTC,1630144965133,2021-08-28T10:02:45.133Z,sell,4.24e-06,47.0,0.00019928
BRD/BTC,1630144966922,2021-08-28T10:02:46.922Z,buy,4.23e-06,95.0,0.00040185000000000004
BRD/BTC,1630144969209,2021-08-28T10:02:49.209Z,sell,4.22e-06,145.0,0.0006119000000000001
BRD/BTC,1630144970475,2021-08-28T10:02:50.475Z,sell,4.22e-06,98.0,0.00041356000000000005
BRD/BTC,1630144987892,2021-08-28T10:03:07.892Z,sell,4.22e-06,43.0,0.00018146000000000001
BRD/BTC,1630145007467,2021-08-28T10:03:27.467Z,sell,4.22e-06,963.0,0.00406386
BRD/BTC,1630145007716,2021-08-28T10:03:27.716Z,sell,4.22e-06,62.0,0.00026164
BRD/BTC,1630145007716,2021-08-28T10:03:27.716Z,sell,4.21e-06,535.0,0.00225235
BRD/BTC,1630145007716,2021-08-28T10:03:27.716Z,sell,4.2e-06,906.0,0.0038051999999999995
BRD/BTC,1630145029066,2021-08-28T10:03:49.066Z,sell,4.21e-06,469.0,0.00197449
BRD/BTC,1630145049091,2021-08-28T10:04:09.091Z,buy,4.23e-06,79.0,0.00033417
BRD/BTC,1630145049091,2021-08-28T10:04:09.091Z,buy,4.24e-06,272.0,0.00115328
BRD/BTC,1630145049091,2021-08-28T10:04:09.091Z,buy,4.25e-06,765.0,0.00325125
BRD/BTC,1630145049091,2021-08-28T10:04:09.091Z,buy,4.26e-06,228.0,0.0009712799999999999
BRD/BTC,1630145049091,2021-08-28T10:04:09.091Z,buy,4.27e-06,780.0,0.0033306
BRD/BTC,1630145049091,2021-08-28T10:04:09.091Z,buy,4.28e-06,2896.0,0.012394879999999999
BRD/BTC,1630145099478,2021-08-28T10:04:59.478Z,sell,4.25e-06,483.0,0.00205275
BRD/BTC,1630145160548,2021-08-28T10:06:00.548Z,sell,4.25e-06,1541.0,0.0065492499999999995
BRD/BTC,1630145232963,2021-08-28T10:07:12.963Z,buy,4.25e-06,1758.0,0.0074715
BRD/BTC,1630145239869,2021-08-28T10:07:19.869Z,sell,4.24e-06,18217.0,0.07724008
BRD/BTC,1630145239869,2021-08-28T10:07:19.869Z,sell,4.24e-06,18217.0,0.07724008
BRD/BTC,1630145338507,2021-08-28T10:08:58.507Z,buy,4.24e-06,25.0,0.000106
BRD/BTC,1630145367485,2021-08-28T10:09:27.485Z,buy,4.24e-06,975.0,0.004134
BRD/BTC,1630145367485,2021-08-28T10:09:27.485Z,buy,4.27e-06,81.0,0.00034586999999999997
BRD/BTC,1630145373644,2021-08-28T10:09:33.644Z,sell,4.23e-06,25.0,0.00010575000000000001
BRD/BTC,1630145453093,2021-08-28T10:10:53.093Z,sell,4.23e-06,671.0,0.00283833
BRD/BTC,1630145453105,2021-08-28T10:10:53.105Z,sell,4.23e-06,671.0,0.00283833
BRD/BTC,1630145453128,2021-08-28T10:10:53.128Z,sell,4.23e-06,450.0,0.0019035
BRD/BTC,1630145457356,2021-08-28T10:10:57.356Z,sell,4.23e-06,30351.0,0.12838473
BRD/BTC,1630145464670,2021-08-28T10:11:04.670Z,sell,4.22e-06,1502.0,0.006338440000000001
BRD/BTC,1630145471749,2021-08-28T10:11:11.749Z,sell,4.22e-06,678.0,0.00286116
BRD/BTC,1630145624595,2021-08-28T10:13:44.595Z,sell,4.22e-06,95.0,0.00040090000000000004
BRD/BTC,1630145681987,2021-08-28T10:14:41.987Z,sell,4.22e-06,199.0,0.00083978
BRD/BTC,1630145816677,2021-08-28T10:16:56.677Z,buy,4.24e-06,68.0,0.00028832
BRD/BTC,1630145834664,2021-08-28T10:17:14.664Z,buy,4.24e-06,6212.0,0.026338880000000002
BRD/BTC,1630145838105,2021-08-28T10:17:18.105Z,sell,4.22e-06,36.0,0.00015192
BRD/BTC,1630145868536,2021-08-28T10:17:48.536Z,buy,4.24e-06,70.0,0.0002968
BRD/BTC,1630145879477,2021-08-28T10:17:59.477Z,buy,4.24e-06,46.0,0.00019504
BRD/BTC,1630145975600,2021-08-28T10:19:35.600Z,sell,4.22e-06,500.0,0.0021100000000000003
BRD/BTC,1630146003908,2021-08-28T10:20:03.908Z,sell,4.22e-06,1123.0,0.004739060000000001
BRD/BTC,1630146019986,2021-08-28T10:20:19.986Z,buy,4.24e-06,71.0,0.00030104000000000003
BRD/BTC,1630146129513,2021-08-28T10:22:09.513Z,buy,4.24e-06,5141.0,0.02179784
BRD/BTC,1630146160017,2021-08-28T10:22:40.017Z,buy,4.24e-06,719.0,0.00304856
BRD/BTC,1630146365116,2021-08-28T10:26:05.116Z,sell,4.22e-06,421.0,0.00177662
BRD/BTC,1630146369722,2021-08-28T10:26:09.722Z,sell,4.22e-06,321.0,0.0013546200000000002
BRD/BTC,1630146396229,2021-08-28T10:26:36.229Z,buy,4.24e-06,1223.0,0.00518552
BRD/BTC,1630146427794,2021-08-28T10:27:07.794Z,sell,4.22e-06,30.0,0.00012660000000000001
BRD/BTC,1630146483411,2021-08-28T10:28:03.411Z,sell,4.22e-06,3454.0,0.014575880000000001
BRD/BTC,1630146527790,2021-08-28T10:28:47.790Z,sell,4.22e-06,30.0,0.00012660000000000001
BRD/BTC,1630146551988,2021-08-28T10:29:11.988Z,sell,4.22e-06,343.0,0.00144746
BRD/BTC,1630146559103,2021-08-28T10:29:19.103Z,sell,4.21e-06,1493.0,0.00628553
BRD/BTC,1630146572558,2021-08-28T10:29:32.558Z,sell,4.2e-06,1498.0,0.0062916
BRD/BTC,1630146609088,2021-08-28T10:30:09.088Z,buy,4.24e-06,269.0,0.00114056
BRD/BTC,1630146646270,2021-08-28T10:30:46.270Z,sell,4.21e-06,65.0,0.00027365
BRD/BTC,1630146796226,2021-08-28T10:33:16.226Z,buy,4.24e-06,27.0,0.00011448
BRD/BTC,1630146796226,2021-08-28T10:33:16.226Z,buy,4.25e-06,309.0,0.00131325
BRD/BTC,1630146983161,2021-08-28T10:36:23.161Z,buy,4.25e-06,48.0,0.000204
BRD/BTC,1630147001668,2021-08-28T10:36:41.668Z,buy,4.25e-06,38.0,0.0001615
BRD/BTC,1630147030723,2021-08-28T10:37:10.723Z,sell,4.23e-06,5183.0,0.02192409
BRD/BTC,1630147130193,2021-08-28T10:38:50.193Z,sell,4.23e-06,1191.0,0.00503793
BRD/BTC,1630147148510,2021-08-28T10:39:08.510Z,buy,4.25e-06,38.0,0.0001615
BRD/BTC,1630147193547,2021-08-28T10:39:53.547Z,buy,4.25e-06,500.0,0.002125
BRD/BTC,1630147239302,2021-08-28T10:40:39.302Z,sell,4.24e-06,50.0,0.000212
BRD/BTC,1630147282593,2021-08-28T10:41:22.593Z,sell,4.24e-06,93.0,0.00039432
BRD/BTC,1630147296593,2021-08-28T10:41:36.593Z,buy,4.25e-06,273.0,0.00116025
BRD/BTC,1630147309154,2021-08-28T10:41:49.154Z,sell,4.25e-06,686.0,0.0029155
BRD/BTC,1630147562676,2021-08-28T10:46:02.676Z,sell,4.25e-06,41.0,0.00017425
BRD/BTC,1630147562676,2021-08-28T10:46:02.676Z,sell,4.24e-06,95.0,0.00040280000000000003
BRD/BTC,1630147609554,2021-08-28T10:46:49.554Z,buy,4.27e-06,1320.0,0.0056364
BRD/BTC,1630147609554,2021-08-28T10:46:49.554Z,buy,4.28e-06,1978.0,0.008465839999999999
BRD/BTC,1630147643189,2021-08-28T10:47:23.189Z,buy,4.27e-06,92.0,0.00039284
BRD/BTC,1630147712804,2021-08-28T10:48:32.804Z,sell,4.25e-06,6212.0,0.026401
BRD/BTC,1630147760492,2021-08-28T10:49:20.492Z,sell,4.25e-06,635.0,0.00269875
BRD/BTC,1630147768331,2021-08-28T10:49:28.331Z,sell,4.25e-06,93.0,0.00039525
BRD/BTC,1630147795228,2021-08-28T10:49:55.228Z,sell,4.25e-06,90.0,0.0003825
BRD/BTC,1630147800091,2021-08-28T10:50:00.091Z,buy,4.25e-06,576.0,0.002448
BRD/BTC,1630147800091,2021-08-28T10:50:00.091Z,buy,4.26e-06,25.0,0.0001065
BRD/BTC,1630147800091,2021-08-28T10:50:00.091Z,buy,4.27e-06,1417.0,0.00605059
BRD/BTC,1630148082249,2021-08-28T10:54:42.249Z,sell,4.25e-06,1208.0,0.005134
BRD/BTC,1630148129823,2021-08-28T10:55:29.823Z,sell,4.24e-06,894.0,0.00379056
BRD/BTC,1630148129823,2021-08-28T10:55:29.823Z,sell,4.22e-06,1107.0,0.00467154
BRD/BTC,1630148134576,2021-08-28T10:55:34.576Z,sell,4.21e-06,50.0,0.00021050000000000002
BRD/BTC,1630148152192,2021-08-28T10:55:52.192Z,sell,4.21e-06,856.0,0.00360376
BRD/BTC,1630148193312,2021-08-28T10:56:33.312Z,sell,4.22e-06,47.0,0.00019834
BRD/BTC,1630148204851,2021-08-28T10:56:44.851Z,sell,4.21e-06,43.0,0.00018103000000000002
BRD/BTC,1630148216428,2021-08-28T10:56:56.428Z,sell,4.21e-06,2726.0,0.01147646
BRD/BTC,1630148244404,2021-08-28T10:57:24.404Z,sell,4.2e-06,8885.0,0.037316999999999996
BRD/BTC,1630148266099,2021-08-28T10:57:46.099Z,sell,4.2e-06,2863.0,0.012024599999999998
BRD/BTC,1630148425889,2021-08-28T11:00:25.889Z,buy,4.24e-06,803.0,0.00340472
BRD/BTC,1630148425889,2021-08-28T11:00:25.889Z,buy,4.25e-06,2643.0,0.01123275
BRD/BTC,1630148457349,2021-08-28T11:00:57.349Z,buy,4.26e-06,24.0,0.00010224
BRD/BTC,1630148623482,2021-08-28T11:03:43.482Z,sell,4.22e-06,356.0,0.0015023200000000001
BRD/BTC,1630148631212,2021-08-28T11:03:51.212Z,sell,4.22e-06,221.0,0.0009326200000000001
BRD/BTC,1630148700239,2021-08-28T11:05:00.239Z,sell,4.22e-06,523.0,0.0022070600000000003
BRD/BTC,1630148700239,2021-08-28T11:05:00.239Z,sell,4.21e-06,1060.0,0.004462600000000001
BRD/BTC,1630148700239,2021-08-28T11:05:00.239Z,sell,4.22e-06,523.0,0.0022070600000000003
BRD/BTC,1630148700239,2021-08-28T11:05:00.239Z,sell,4.21e-06,1060.0,0.004462600000000001
BRD/BTC,1630149014843,2021-08-28T11:10:14.843Z,sell,4.22e-06,267.0,0.00112674
BRD/BTC,1630149083010,2021-08-28T11:11:23.010Z,sell,4.22e-06,907.0,0.0038275400000000004
BRD/BTC,1630149130504,2021-08-28T11:12:10.504Z,buy,4.24e-06,5000.0,0.0212
BRD/BTC,1630149204066,2021-08-28T11:13:24.066Z,buy,4.25e-06,66.0,0.0002805
BRD/BTC,1630149209931,2021-08-28T11:13:29.931Z,buy,4.25e-06,525.0,0.00223125
BRD/BTC,1630149296167,2021-08-28T11:14:56.167Z,buy,4.26e-06,237.0,0.00100962
BRD/BTC,1630149341514,2021-08-28T11:15:41.514Z,buy,4.26e-06,103.0,0.00043878
BRD/BTC,1630149387600,2021-08-28T11:16:27.600Z,sell,4.26e-06,1842.0,0.00784692
BRD/BTC,1630149487181,2021-08-28T11:18:07.181Z,buy,4.26e-06,124.0,0.00052824
BRD/BTC,1630149551075,2021-08-28T11:19:11.075Z,sell,4.23e-06,263.0,0.00111249
BRD/BTC,1630149621921,2021-08-28T11:20:21.921Z,sell,4.23e-06,381.0,0.00161163
BRD/BTC,1630149625400,2021-08-28T11:20:25.400Z,buy,4.26e-06,529.0,0.00225354
BRD/BTC,1630149625400,2021-08-28T11:20:25.400Z,buy,4.27e-06,303.0,0.0012938099999999998
BRD/BTC,1630149654696,2021-08-28T11:20:54.696Z,sell,4.25e-06,95.0,0.00040375
BRD/BTC,1630149697603,2021-08-28T11:21:37.603Z,buy,4.25e-06,6.0,2.55e-05
BRD/BTC,1630149928448,2021-08-28T11:25:28.448Z,buy,4.25e-06,254.0,0.0010795
BRD/BTC,1630149928448,2021-08-28T11:25:28.448Z,buy,4.27e-06,572.0,0.0024424399999999997
BRD/BTC,1630149928448,2021-08-28T11:25:28.448Z,buy,4.28e-06,174.0,0.0007447199999999999
BRD/BTC,1630149964327,2021-08-28T11:26:04.327Z,buy,4.27e-06,83.0,0.00035441
BRD/BTC,1630150029210,2021-08-28T11:27:09.210Z,sell,4.27e-06,30.0,0.0001281
BRD/BTC,1630150035681,2021-08-28T11:27:15.681Z,buy,4.28e-06,416.0,0.0017804799999999999
BRD/BTC,1630150057767,2021-08-28T11:27:37.767Z,buy,4.28e-06,2074.0,0.00887672
BRD/BTC,1630150162541,2021-08-28T11:29:22.541Z,sell,4.25e-06,129.0,0.00054825
BRD/BTC,1630150162541,2021-08-28T11:29:22.541Z,sell,4.24e-06,345.0,0.0014628
BRD/BTC,1630150197092,2021-08-28T11:29:57.092Z,sell,4.24e-06,787.0,0.00333688
BRD/BTC,1630150212392,2021-08-28T11:30:12.392Z,sell,4.24e-06,85.0,0.0003604
BRD/BTC,1630150387021,2021-08-28T11:33:07.021Z,sell,4.23e-06,42.0,0.00017766
BRD/BTC,1630150391516,2021-08-28T11:33:11.516Z,sell,4.23e-06,38.0,0.00016074
BRD/BTC,1630150391516,2021-08-28T11:33:11.516Z,sell,4.22e-06,3.0,1.266e-05
BRD/BTC,1630150433846,2021-08-28T11:33:53.846Z,sell,4.22e-06,898.0,0.0037895600000000004
BRD/BTC,1630150468307,2021-08-28T11:34:28.307Z,buy,4.24e-06,1299.0,0.00550776
BRD/BTC,1630150545327,2021-08-28T11:35:45.327Z,sell,4.23e-06,3000.0,0.01269
BRD/BTC,1630150552176,2021-08-28T11:35:52.176Z,buy,4.24e-06,24.0,0.00010176
BRD/BTC,1630150673531,2021-08-28T11:37:53.531Z,buy,4.24e-06,176.0,0.00074624
BRD/BTC,1630150994411,2021-08-28T11:43:14.411Z,sell,4.23e-06,4394.0,0.01858662
BRD/BTC,1630151051503,2021-08-28T11:44:11.503Z,sell,4.22e-06,5167.0,0.021804740000000003
BRD/BTC,1630151339566,2021-08-28T11:48:59.566Z,sell,4.21e-06,306.0,0.00128826
BRD/BTC,1630151339566,2021-08-28T11:48:59.566Z,sell,4.2e-06,1567.0,0.006581399999999999
BRD/BTC,1630151339566,2021-08-28T11:48:59.566Z,sell,4.19e-06,845.0,0.00354055
BRD/BTC,1630151339566,2021-08-28T11:48:59.566Z,sell,4.18e-06,2192.0,0.00916256
BRD/BTC,1630151339566,2021-08-28T11:48:59.566Z,sell,4.17e-06,90.0,0.0003753
BRD/BTC,1630151339566,2021-08-28T11:48:59.566Z,sell,4.17e-06,398.0,0.0016596599999999999
BRD/BTC,1630151339566,2021-08-28T11:48:59.566Z,sell,4.17e-06,312.0,0.00130104
BRD/BTC,1630151349163,2021-08-28T11:49:09.163Z,sell,4.18e-06,1657.0,0.00692626
BRD/BTC,1630151349485,2021-08-28T11:49:09.485Z,sell,4.18e-06,1872.0,0.007824959999999999
BRD/BTC,1630151420220,2021-08-28T11:50:20.220Z,sell,4.18e-06,100.0,0.00041799999999999997
BRD/BTC,1630151500885,2021-08-28T11:51:40.885Z,buy,4.2e-06,2468.0,0.010365599999999999
BRD/BTC,1630151511977,2021-08-28T11:51:51.977Z,buy,4.2e-06,78.0,0.0003276
BRD/BTC,1630151535476,2021-08-28T11:52:15.476Z,sell,4.18e-06,54.0,0.00022572
BRD/BTC,1630151546010,2021-08-28T11:52:26.010Z,sell,4.18e-06,2823.0,0.011800139999999999
BRD/BTC,1630151564577,2021-08-28T11:52:44.577Z,sell,4.17e-06,19359.0,0.08072702999999999
BRD/BTC,1630151585751,2021-08-28T11:53:05.751Z,sell,4.16e-06,3446.0,0.01433536
BRD/BTC,1630151585751,2021-08-28T11:53:05.751Z,sell,4.16e-06,474.0,0.00197184
BRD/BTC,1630151585751,2021-08-28T11:53:05.751Z,sell,4.16e-06,357.0,0.00148512
BRD/BTC,1630151648898,2021-08-28T11:54:08.898Z,sell,4.16e-06,78.0,0.00032448
BRD/BTC,1630151750631,2021-08-28T11:55:50.631Z,buy,4.18e-06,676.0,0.0028256799999999997
BRD/BTC,1630151813011,2021-08-28T11:56:53.011Z,buy,4.18e-06,77.0,0.00032186
BRD/BTC,1630151818078,2021-08-28T11:56:58.078Z,sell,4.17e-06,123.0,0.00051291
BRD/BTC,1630151829976,2021-08-28T11:57:09.976Z,sell,4.17e-06,692.0,0.00288564
BRD/BTC,1630151898955,2021-08-28T11:58:18.955Z,sell,4.17e-06,2985.0,0.012447449999999999
BRD/BTC,1630151921314,2021-08-28T11:58:41.314Z,sell,4.17e-06,1298.0,0.00541266
BRD/BTC,1630151943121,2021-08-28T11:59:03.121Z,sell,4.17e-06,77.0,0.00032109
BRD/BTC,1630152055525,2021-08-28T12:00:55.525Z,buy,4.18e-06,49.0,0.00020481999999999998
BRD/BTC,1630152171923,2021-08-28T12:02:51.923Z,sell,4.17e-06,3298.0,0.01375266
BRD/BTC,1630152213102,2021-08-28T12:03:33.102Z,buy,4.18e-06,147.0,0.0006144599999999999
BRD/BTC,1630152271190,2021-08-28T12:04:31.190Z,sell,4.17e-06,711.0,0.00296487
BRD/BTC,1630152271190,2021-08-28T12:04:31.190Z,sell,4.16e-06,1.0,4.16e-06
BRD/BTC,1630152271190,2021-08-28T12:04:31.190Z,sell,4.17e-06,711.0,0.00296487
BRD/BTC,1630152271190,2021-08-28T12:04:31.190Z,sell,4.16e-06,1.0,4.16e-06
BRD/BTC,1630152300567,2021-08-28T12:05:00.567Z,sell,4.16e-06,61.0,0.00025376
BRD/BTC,1630152306460,2021-08-28T12:05:06.460Z,buy,4.18e-06,71.0,0.00029677999999999996
BRD/BTC,1630152384807,2021-08-28T12:06:24.807Z,buy,4.18e-06,77.0,0.00032186
BRD/BTC,1630152401051,2021-08-28T12:06:41.051Z,sell,4.16e-06,3855.0,0.0160368
BRD/BTC,1630152401603,2021-08-28T12:06:41.603Z,buy,4.16e-06,27.0,0.00011232
BRD/BTC,1630152402087,2021-08-28T12:06:42.087Z,buy,4.16e-06,27.0,0.00011232
BRD/BTC,1630152403018,2021-08-28T12:06:43.018Z,buy,4.16e-06,27.0,0.00011232
BRD/BTC,1630152403494,2021-08-28T12:06:43.494Z,buy,4.16e-06,27.0,0.00011232
BRD/BTC,1630152403585,2021-08-28T12:06:43.585Z,buy,4.16e-06,2514.0,0.01045824
BRD/BTC,1630152403976,2021-08-28T12:06:43.976Z,buy,4.16e-06,27.0,0.00011232
BRD/BTC,1630152404459,2021-08-28T12:06:44.459Z,buy,4.16e-06,27.0,0.00011232
BRD/BTC,1630152405388,2021-08-28T12:06:45.388Z,buy,4.16e-06,27.0,0.00011232
BRD/BTC,1630152405870,2021-08-28T12:06:45.870Z,buy,4.16e-06,27.0,0.00011232
BRD/BTC,1630152406355,2021-08-28T12:06:46.355Z,buy,4.16e-06,27.0,0.00011232
BRD/BTC,1630152406839,2021-08-28T12:06:46.839Z,buy,4.16e-06,27.0,0.00011232
BRD/BTC,1630152407320,2021-08-28T12:06:47.320Z,buy,4.16e-06,27.0,0.00011232
BRD/BTC,1630152407800,2021-08-28T12:06:47.800Z,buy,4.16e-06,27.0,0.00011232
BRD/BTC,1630152408743,2021-08-28T12:06:48.743Z,buy,4.16e-06,27.0,0.00011232
BRD/BTC,1630152409225,2021-08-28T12:06:49.225Z,buy,4.16e-06,27.0,0.00011232
BRD/BTC,1630152409705,2021-08-28T12:06:49.705Z,buy,4.16e-06,27.0,0.00011232
BRD/BTC,1630152410184,2021-08-28T12:06:50.184Z,buy,4.16e-06,16.0,6.656e-05
BRD/BTC,1630152410184,2021-08-28T12:06:50.184Z,buy,4.18e-06,11.0,4.598e-05
BRD/BTC,1630152464157,2021-08-28T12:07:44.157Z,buy,4.18e-06,38.0,0.00015884
BRD/BTC,1630152535085,2021-08-28T12:08:55.085Z,sell,4.15e-06,416.0,0.0017264000000000001
BRD/BTC,1630152603398,2021-08-28T12:10:03.398Z,sell,4.15e-06,300.0,0.001245
BRD/BTC,1630152603398,2021-08-28T12:10:03.398Z,sell,4.14e-06,1.0,4.14e-06
BRD/BTC,1630152628771,2021-08-28T12:10:28.771Z,sell,4.14e-06,1043.0,0.0043180200000000005
BRD/BTC,1630152650196,2021-08-28T12:10:50.196Z,buy,4.17e-06,52.0,0.00021684
BRD/BTC,1630152673327,2021-08-28T12:11:13.327Z,buy,4.17e-06,37.0,0.00015429
BRD/BTC,1630152911893,2021-08-28T12:15:11.893Z,buy,4.16e-06,27.0,0.00011232
BRD/BTC,1630152912374,2021-08-28T12:15:12.374Z,buy,4.16e-06,27.0,0.00011232
BRD/BTC,1630152912715,2021-08-28T12:15:12.715Z,buy,4.16e-06,2030.0,0.0084448
BRD/BTC,1630152912715,2021-08-28T12:15:12.715Z,buy,4.17e-06,1465.0,0.0061090499999999996
BRD/BTC,1630152912854,2021-08-28T12:15:12.854Z,buy,4.17e-06,27.0,0.00011258999999999999
BRD/BTC,1630152913332,2021-08-28T12:15:13.332Z,buy,4.17e-06,27.0,0.00011258999999999999
BRD/BTC,1630152913817,2021-08-28T12:15:13.817Z,buy,4.17e-06,27.0,0.00011258999999999999
BRD/BTC,1630152914306,2021-08-28T12:15:14.306Z,buy,4.17e-06,27.0,0.00011258999999999999
BRD/BTC,1630152914797,2021-08-28T12:15:14.797Z,buy,4.17e-06,27.0,0.00011258999999999999
BRD/BTC,1630152915045,2021-08-28T12:15:15.045Z,buy,4.17e-06,32.0,0.00013344
BRD/BTC,1630152915288,2021-08-28T12:15:15.288Z,buy,4.18e-06,27.0,0.00011286
BRD/BTC,1630152947552,2021-08-28T12:15:47.552Z,buy,4.18e-06,71.0,0.00029677999999999996
BRD/BTC,1630153017002,2021-08-28T12:16:57.002Z,sell,4.15e-06,70.0,0.0002905
BRD/BTC,1630153066339,2021-08-28T12:17:46.339Z,sell,4.15e-06,25.0,0.00010375
BRD/BTC,1630153066339,2021-08-28T12:17:46.339Z,sell,4.14e-06,51.0,0.00021114000000000001
BRD/BTC,1630153095252,2021-08-28T12:18:15.252Z,buy,4.17e-06,95.0,0.00039615
BRD/BTC,1630153095252,2021-08-28T12:18:15.252Z,buy,4.18e-06,13.0,5.434e-05
BRD/BTC,1630153115982,2021-08-28T12:18:35.982Z,buy,4.18e-06,146.0,0.0006102799999999999
BRD/BTC,1630153147656,2021-08-28T12:19:07.656Z,buy,4.18e-06,115.0,0.0004807
BRD/BTC,1630153179297,2021-08-28T12:19:39.297Z,buy,4.18e-06,91.0,0.00038038
BRD/BTC,1630153200167,2021-08-28T12:20:00.167Z,buy,4.18e-06,89.0,0.00037202
BRD/BTC,1630153297970,2021-08-28T12:21:37.970Z,buy,4.18e-06,156.0,0.00065208
BRD/BTC,1630153574144,2021-08-28T12:26:14.144Z,sell,4.15e-06,76.0,0.0003154
BRD/BTC,1630153600359,2021-08-28T12:26:40.359Z,buy,4.18e-06,659.0,0.0027546199999999997
BRD/BTC,1630153600359,2021-08-28T12:26:40.359Z,buy,4.19e-06,529.0,0.0022165099999999997
BRD/BTC,1630153620600,2021-08-28T12:27:00.600Z,buy,4.19e-06,3.0,1.257e-05
BRD/BTC,1630153620600,2021-08-28T12:27:00.600Z,buy,4.2e-06,72.0,0.0003024
BRD/BTC,1630153620600,2021-08-28T12:27:00.600Z,buy,4.2e-06,25.0,0.00010499999999999999
BRD/BTC,1630153641723,2021-08-28T12:27:21.723Z,buy,4.2e-06,1436.0,0.0060312
BRD/BTC,1630153641723,2021-08-28T12:27:21.723Z,buy,4.21e-06,34.0,0.00014314000000000002
BRD/BTC,1630153641723,2021-08-28T12:27:21.723Z,buy,4.22e-06,1500.0,0.0063300000000000006
BRD/BTC,1630153643514,2021-08-28T12:27:23.514Z,sell,4.17e-06,44.0,0.00018348
BRD/BTC,1630153650130,2021-08-28T12:27:30.130Z,buy,4.23e-06,74.0,0.00031302
BRD/BTC,1630153716351,2021-08-28T12:28:36.351Z,sell,4.2e-06,95.0,0.00039899999999999994
BRD/BTC,1630153723679,2021-08-28T12:28:43.679Z,sell,4.19e-06,546.0,0.00228774
BRD/BTC,1630153746633,2021-08-28T12:29:06.633Z,buy,4.19e-06,261.0,0.00109359
BRD/BTC,1630153746633,2021-08-28T12:29:06.633Z,buy,4.2e-06,71.0,0.0002982
BRD/BTC,1630153746633,2021-08-28T12:29:06.633Z,buy,4.22e-06,531.0,0.00224082
BRD/BTC,1630153746633,2021-08-28T12:29:06.633Z,buy,4.23e-06,1749.0,0.00739827
BRD/BTC,1630153756410,2021-08-28T12:29:16.410Z,buy,4.23e-06,87.0,0.00036801
BRD/BTC,1630153758777,2021-08-28T12:29:18.777Z,sell,4.2e-06,95.0,0.00039899999999999994
BRD/BTC,1630153758777,2021-08-28T12:29:18.777Z,sell,4.18e-06,4587.0,0.01917366
BRD/BTC,1630153758777,2021-08-28T12:29:18.777Z,sell,4.17e-06,1140.0,0.0047538
BRD/BTC,1630153771716,2021-08-28T12:29:31.716Z,sell,4.17e-06,1459.0,0.00608403
BRD/BTC,1630153781665,2021-08-28T12:29:41.665Z,sell,4.17e-06,363.0,0.00151371
BRD/BTC,1630153807146,2021-08-28T12:30:07.146Z,buy,4.2e-06,60.0,0.000252
BRD/BTC,1630153854683,2021-08-28T12:30:54.683Z,sell,4.19e-06,75.0,0.00031424999999999997
BRD/BTC,1630153893437,2021-08-28T12:31:33.437Z,sell,4.19e-06,49.0,0.00020531
BRD/BTC,1630153948597,2021-08-28T12:32:28.597Z,sell,4.19e-06,24.0,0.00010056
BRD/BTC,1630153956922,2021-08-28T12:32:36.922Z,sell,4.19e-06,74.0,0.00031005999999999997
BRD/BTC,1630153972945,2021-08-28T12:32:52.945Z,sell,4.19e-06,160.0,0.0006703999999999999
BRD/BTC,1630154064888,2021-08-28T12:34:24.888Z,sell,4.19e-06,54.0,0.00022626
BRD/BTC,1630154091588,2021-08-28T12:34:51.588Z,buy,4.19e-06,1117.0,0.00468023
BRD/BTC,1630154282150,2021-08-28T12:38:02.150Z,buy,4.19e-06,72.0,0.00030167999999999997
BRD/BTC,1630154392404,2021-08-28T12:39:52.404Z,sell,4.17e-06,131.0,0.00054627
BRD/BTC,1630154405555,2021-08-28T12:40:05.555Z,sell,4.17e-06,1527.0,0.00636759
BRD/BTC,1630154405555,2021-08-28T12:40:05.555Z,sell,4.16e-06,1440.0,0.0059904
BRD/BTC,1630154459707,2021-08-28T12:40:59.707Z,buy,4.19e-06,74.0,0.00031005999999999997
BRD/BTC,1630154540049,2021-08-28T12:42:20.049Z,buy,4.19e-06,45.0,0.00018854999999999998
BRD/BTC,1630154571597,2021-08-28T12:42:51.597Z,buy,4.19e-06,620.0,0.0025978
BRD/BTC,1630154700982,2021-08-28T12:45:00.982Z,buy,4.19e-06,133.0,0.00055727
BRD/BTC,1630154901353,2021-08-28T12:48:21.353Z,sell,4.16e-06,342.0,0.00142272
BRD/BTC,1630154946482,2021-08-28T12:49:06.482Z,sell,4.16e-06,73.0,0.00030368
BRD/BTC,1630155066079,2021-08-28T12:51:06.079Z,sell,4.16e-06,36.0,0.00014976
BRD/BTC,1630155092149,2021-08-28T12:51:32.149Z,sell,4.16e-06,2696.0,0.01121536
BRD/BTC,1630155145625,2021-08-28T12:52:25.625Z,buy,4.18e-06,1416.0,0.00591888
BRD/BTC,1630155145773,2021-08-28T12:52:25.773Z,buy,4.19e-06,264.0,0.00110616
BRD/BTC,1630155145812,2021-08-28T12:52:25.812Z,buy,4.19e-06,25.0,0.00010475
BRD/BTC,1630155146712,2021-08-28T12:52:26.712Z,buy,4.19e-06,239.0,0.0010014099999999999
BRD/BTC,1630155146869,2021-08-28T12:52:26.869Z,buy,4.19e-06,25.0,0.00010475
BRD/BTC,1630155147581,2021-08-28T12:52:27.581Z,buy,4.19e-06,48.0,0.00020112
BRD/BTC,1630155151719,2021-08-28T12:52:31.719Z,buy,4.19e-06,26.0,0.00010894
BRD/BTC,1630155152996,2021-08-28T12:52:32.996Z,buy,4.19e-06,357.0,0.0014958299999999999
BRD/BTC,1630155153252,2021-08-28T12:52:33.252Z,buy,4.19e-06,95.0,0.00039804999999999994
BRD/BTC,1630155153252,2021-08-28T12:52:33.252Z,buy,4.2e-06,262.0,0.0011003999999999999
BRD/BTC,1630155154880,2021-08-28T12:52:34.880Z,buy,4.2e-06,527.0,0.0022134
BRD/BTC,1630155188831,2021-08-28T12:53:08.831Z,buy,4.2e-06,239.0,0.0010038
BRD/BTC,1630155188975,2021-08-28T12:53:08.975Z,buy,4.2e-06,501.0,0.0021041999999999996
BRD/BTC,1630155189675,2021-08-28T12:53:09.675Z,buy,4.21e-06,34.0,0.00014314000000000002
BRD/BTC,1630155189675,2021-08-28T12:53:09.675Z,buy,4.22e-06,37.0,0.00015614
BRD/BTC,1630155194409,2021-08-28T12:53:14.409Z,sell,4.21e-06,107.0,0.00045047
BRD/BTC,1630155197395,2021-08-28T12:53:17.395Z,buy,4.22e-06,119.0,0.0005021800000000001
BRD/BTC,1630155212154,2021-08-28T12:53:32.154Z,buy,4.22e-06,30.0,0.00012660000000000001
BRD/BTC,1630155223274,2021-08-28T12:53:43.274Z,buy,4.22e-06,35.0,0.0001477
BRD/BTC,1630155233718,2021-08-28T12:53:53.718Z,buy,4.22e-06,267.0,0.00112674
BRD/BTC,1630155234157,2021-08-28T12:53:54.157Z,buy,4.22e-06,1871.0,0.00789562
BRD/BTC,1630155312380,2021-08-28T12:55:12.380Z,buy,4.22e-06,35.0,0.0001477
BRD/BTC,1630155499631,2021-08-28T12:58:19.631Z,sell,4.2e-06,95.0,0.00039899999999999994
BRD/BTC,1630155499631,2021-08-28T12:58:19.631Z,sell,4.19e-06,86.0,0.00036033999999999996
BRD/BTC,1630155630380,2021-08-28T13:00:30.380Z,buy,4.22e-06,24.0,0.00010128
BRD/BTC,1630155637184,2021-08-28T13:00:37.184Z,buy,4.22e-06,283.0,0.0011942600000000002
BRD/BTC,1630155651277,2021-08-28T13:00:51.277Z,sell,4.19e-06,350.0,0.0014665
BRD/BTC,1630155651277,2021-08-28T13:00:51.277Z,sell,4.18e-06,1944.0,0.00812592
BRD/BTC,1630155651277,2021-08-28T13:00:51.277Z,sell,4.17e-06,1288.0,0.00537096
BRD/BTC,1630155740171,2021-08-28T13:02:20.171Z,sell,4.17e-06,668.0,0.00278556
BRD/BTC,1630155774930,2021-08-28T13:02:54.930Z,sell,4.17e-06,71.0,0.00029607
BRD/BTC,1630155802245,2021-08-28T13:03:22.245Z,buy,4.2e-06,270.0,0.0011339999999999998
BRD/BTC,1630155866371,2021-08-28T13:04:26.371Z,buy,4.2e-06,740.0,0.0031079999999999997
BRD/BTC,1630155866371,2021-08-28T13:04:26.371Z,buy,4.21e-06,3457.0,0.014553970000000001
BRD/BTC,1630155866371,2021-08-28T13:04:26.371Z,buy,4.21e-06,2738.0,0.011526980000000001
BRD/BTC,1630155866371,2021-08-28T13:04:26.371Z,buy,4.22e-06,1459.0,0.00615698
BRD/BTC,1630155866371,2021-08-28T13:04:26.371Z,buy,4.2e-06,740.0,0.0031079999999999997
BRD/BTC,1630155866371,2021-08-28T13:04:26.371Z,buy,4.21e-06,3457.0,0.014553970000000001
BRD/BTC,1630155866371,2021-08-28T13:04:26.371Z,buy,4.21e-06,2738.0,0.011526980000000001
BRD/BTC,1630155866371,2021-08-28T13:04:26.371Z,buy,4.22e-06,1459.0,0.00615698
BRD/BTC,1630155882714,2021-08-28T13:04:42.714Z,buy,4.23e-06,2289.0,0.00968247
BRD/BTC,1630155890698,2021-08-28T13:04:50.698Z,buy,4.23e-06,117.0,0.00049491
BRD/BTC,1630155892361,2021-08-28T13:04:52.361Z,buy,4.23e-06,70.0,0.0002961
BRD/BTC,1630156187767,2021-08-28T13:09:47.767Z,buy,4.23e-06,46.0,0.00019458
BRD/BTC,1630156217904,2021-08-28T13:10:17.904Z,sell,4.2e-06,71.0,0.0002982
BRD/BTC,1630156226036,2021-08-28T13:10:26.036Z,buy,4.23e-06,110.0,0.00046530000000000003
BRD/BTC,1630156226039,2021-08-28T13:10:26.039Z,buy,4.23e-06,94.0,0.00039762
BRD/BTC,1630156318631,2021-08-28T13:11:58.631Z,buy,4.23e-06,193.0,0.0008163900000000001
BRD/BTC,1630156371605,2021-08-28T13:12:51.605Z,buy,4.23e-06,23.0,9.729e-05
BRD/BTC,1630156395245,2021-08-28T13:13:15.245Z,buy,4.23e-06,1.0,4.23e-06
BRD/BTC,1630156395245,2021-08-28T13:13:15.245Z,buy,4.24e-06,239.0,0.00101336
BRD/BTC,1630156414945,2021-08-28T13:13:34.945Z,buy,4.24e-06,25.0,0.000106
BRD/BTC,1630156424561,2021-08-28T13:13:44.561Z,buy,4.24e-06,70.0,0.0002968
BRD/BTC,1630156522425,2021-08-28T13:15:22.425Z,buy,4.24e-06,500.0,0.00212
BRD/BTC,1630156549873,2021-08-28T13:15:49.873Z,buy,4.23e-06,29.0,0.00012267000000000002
BRD/BTC,1630156549873,2021-08-28T13:15:49.873Z,buy,4.24e-06,17.0,7.208e-05
BRD/BTC,1630156668796,2021-08-28T13:17:48.796Z,sell,4.22e-06,392.0,0.0016542400000000002
BRD/BTC,1630156676241,2021-08-28T13:17:56.241Z,sell,4.22e-06,70.0,0.0002954
BRD/BTC,1630156730882,2021-08-28T13:18:50.882Z,buy,4.24e-06,50.0,0.000212
BRD/BTC,1630156777935,2021-08-28T13:19:37.935Z,buy,4.24e-06,388.0,0.00164512
BRD/BTC,1630156785332,2021-08-28T13:19:45.332Z,sell,4.22e-06,196.0,0.0008271200000000001
BRD/BTC,1630156814759,2021-08-28T13:20:14.759Z,sell,4.21e-06,191.0,0.00080411
BRD/BTC,1630156848885,2021-08-28T13:20:48.885Z,buy,4.22e-06,804.0,0.00339288
BRD/BTC,1630156848902,2021-08-28T13:20:48.902Z,buy,4.24e-06,1989.0,0.00843336
BRD/BTC,1630156942045,2021-08-28T13:22:22.045Z,sell,4.21e-06,35.0,0.00014735
BRD/BTC,1630156987982,2021-08-28T13:23:07.982Z,sell,4.21e-06,193.0,0.0008125300000000001
BRD/BTC,1630157002390,2021-08-28T13:23:22.390Z,sell,4.21e-06,35.0,0.00014735
BRD/BTC,1630157107121,2021-08-28T13:25:07.121Z,sell,4.21e-06,109.0,0.00045889000000000005
BRD/BTC,1630157107121,2021-08-28T13:25:07.121Z,sell,4.2e-06,16.0,6.72e-05
BRD/BTC,1630157229571,2021-08-28T13:27:09.571Z,sell,4.2e-06,1002.0,0.004208399999999999
BRD/BTC,1630157477230,2021-08-28T13:31:17.230Z,sell,4.2e-06,46.0,0.00019319999999999998
BRD/BTC,1630157585457,2021-08-28T13:33:05.457Z,buy,4.22e-06,47.0,0.00019834
BRD/BTC,1630157598521,2021-08-28T13:33:18.521Z,buy,4.22e-06,71.0,0.00029962
BRD/BTC,1630157824810,2021-08-28T13:37:04.810Z,buy,4.22e-06,28.0,0.00011816000000000001
BRD/BTC,1630157824810,2021-08-28T13:37:04.810Z,buy,4.23e-06,2258.0,0.00955134
BRD/BTC,1630157824810,2021-08-28T13:37:04.810Z,buy,4.24e-06,5451.0,0.02311224
BRD/BTC,1630157824810,2021-08-28T13:37:04.810Z,buy,4.25e-06,955.0,0.00405875
BRD/BTC,1630157824810,2021-08-28T13:37:04.810Z,buy,4.26e-06,1377.0,0.00586602
BRD/BTC,1630157824810,2021-08-28T13:37:04.810Z,buy,4.27e-06,1847.0,0.00788669
BRD/BTC,1630157824810,2021-08-28T13:37:04.810Z,buy,4.28e-06,574.0,0.00245672
BRD/BTC,1630157824810,2021-08-28T13:37:04.810Z,buy,4.29e-06,424.0,0.0018189599999999999
BRD/BTC,1630157834148,2021-08-28T13:37:14.148Z,sell,4.25e-06,47.0,0.00019975
BRD/BTC,1630157834152,2021-08-28T13:37:14.152Z,sell,4.25e-06,82.0,0.0003485
BRD/BTC,1630157834152,2021-08-28T13:37:14.152Z,sell,4.24e-06,685.0,0.0029044
BRD/BTC,1630157834152,2021-08-28T13:37:14.152Z,sell,4.23e-06,1019.0,0.00431037
BRD/BTC,1630157834781,2021-08-28T13:37:14.781Z,sell,4.24e-06,162.0,0.00068688
BRD/BTC,1630157878460,2021-08-28T13:37:58.460Z,buy,4.27e-06,288.0,0.0012297599999999999
BRD/BTC,1630157878460,2021-08-28T13:37:58.460Z,buy,4.28e-06,812.0,0.00347536
BRD/BTC,1630157884264,2021-08-28T13:38:04.264Z,buy,4.28e-06,50.0,0.000214
BRD/BTC,1630157892553,2021-08-28T13:38:12.553Z,buy,4.27e-06,50.0,0.00021349999999999999
BRD/BTC,1630157901153,2021-08-28T13:38:21.153Z,sell,4.25e-06,47.0,0.00019975
BRD/BTC,1630157907118,2021-08-28T13:38:27.118Z,buy,4.27e-06,635.0,0.00271145
BRD/BTC,1630157907118,2021-08-28T13:38:27.118Z,buy,4.28e-06,146.0,0.00062488
BRD/BTC,1630157907118,2021-08-28T13:38:27.118Z,buy,4.29e-06,219.0,0.00093951
BRD/BTC,1630157909885,2021-08-28T13:38:29.885Z,buy,4.29e-06,55.0,0.00023595
BRD/BTC,1630157956847,2021-08-28T13:39:16.847Z,buy,4.29e-06,24.0,0.00010295999999999999
BRD/BTC,1630157987429,2021-08-28T13:39:47.429Z,sell,4.26e-06,142.0,0.00060492
BRD/BTC,1630157994509,2021-08-28T13:39:54.509Z,buy,4.29e-06,24.0,0.00010295999999999999
BRD/BTC,1630157997125,2021-08-28T13:39:57.125Z,buy,4.29e-06,13191.0,0.056589389999999996
BRD/BTC,1630157997125,2021-08-28T13:39:57.125Z,buy,4.3e-06,17464.0,0.0750952
BRD/BTC,1630157997125,2021-08-28T13:39:57.125Z,buy,4.3e-06,25.0,0.00010750000000000001
BRD/BTC,1630157998532,2021-08-28T13:39:58.532Z,buy,4.3e-06,24.0,0.00010320000000000001
BRD/BTC,1630158002670,2021-08-28T13:40:02.670Z,buy,4.3e-06,24.0,0.00010320000000000001
BRD/BTC,1630158014602,2021-08-28T13:40:14.602Z,buy,4.31e-06,25.0,0.00010775
BRD/BTC,1630158020031,2021-08-28T13:40:20.031Z,sell,4.27e-06,204.0,0.00087108
BRD/BTC,1630158025659,2021-08-28T13:40:25.659Z,buy,4.3e-06,24.0,0.00010320000000000001
BRD/BTC,1630158059185,2021-08-28T13:40:59.185Z,buy,4.3e-06,705.0,0.0030315000000000003
BRD/BTC,1630158069335,2021-08-28T13:41:09.335Z,buy,4.3e-06,24.0,0.00010320000000000001
BRD/BTC,1630158075802,2021-08-28T13:41:15.802Z,buy,4.3e-06,181.0,0.0007783000000000001
BRD/BTC,1630158075802,2021-08-28T13:41:15.802Z,buy,4.32e-06,819.0,0.0035380800000000003
BRD/BTC,1630158082359,2021-08-28T13:41:22.359Z,sell,4.3e-06,95.0,0.0004085
BRD/BTC,1630158084656,2021-08-28T13:41:24.656Z,buy,4.32e-06,913.0,0.00394416
BRD/BTC,1630158091681,2021-08-28T13:41:31.681Z,buy,4.32e-06,925.0,0.003996
BRD/BTC,1630158091681,2021-08-28T13:41:31.681Z,buy,4.33e-06,75.0,0.00032475
BRD/BTC,1630158098385,2021-08-28T13:41:38.385Z,buy,4.32e-06,520.0,0.0022464
BRD/BTC,1630158109689,2021-08-28T13:41:49.689Z,buy,4.32e-06,44.0,0.00019008
BRD/BTC,1630158110295,2021-08-28T13:41:50.295Z,sell,4.3e-06,114.0,0.0004902
BRD/BTC,1630158111809,2021-08-28T13:41:51.809Z,buy,4.32e-06,24.0,0.00010368000000000001
BRD/BTC,1630158116722,2021-08-28T13:41:56.722Z,buy,4.32e-06,24.0,0.00010368000000000001
BRD/BTC,1630158120196,2021-08-28T13:42:00.196Z,buy,4.31e-06,532.0,0.00229292
BRD/BTC,1630158127427,2021-08-28T13:42:07.427Z,buy,4.31e-06,40.0,0.00017240000000000002
BRD/BTC,1630158127427,2021-08-28T13:42:07.427Z,buy,4.32e-06,10.0,4.32e-05
BRD/BTC,1630158129574,2021-08-28T13:42:09.574Z,sell,4.3e-06,6.0,2.5800000000000004e-05
BRD/BTC,1630158129574,2021-08-28T13:42:09.574Z,sell,4.28e-06,65.0,0.0002782
BRD/BTC,1630158130973,2021-08-28T13:42:10.973Z,sell,4.28e-06,89.0,0.00038092
BRD/BTC,1630158130973,2021-08-28T13:42:10.973Z,sell,4.27e-06,30.0,0.0001281
BRD/BTC,1630158134020,2021-08-28T13:42:14.020Z,sell,4.27e-06,43.0,0.00018360999999999999
BRD/BTC,1630158135348,2021-08-28T13:42:15.348Z,buy,4.31e-06,69.0,0.00029739
BRD/BTC,1630158137785,2021-08-28T13:42:17.785Z,buy,4.31e-06,25.0,0.00010775
BRD/BTC,1630158142684,2021-08-28T13:42:22.684Z,buy,4.32e-06,25.0,0.00010800000000000001
BRD/BTC,1630158150795,2021-08-28T13:42:30.795Z,sell,4.29e-06,646.0,0.0027713399999999997
BRD/BTC,1630158186086,2021-08-28T13:43:06.086Z,buy,4.29e-06,46.0,0.00019733999999999998
BRD/BTC,1630158189091,2021-08-28T13:43:09.091Z,sell,4.27e-06,238.0,0.00101626
BRD/BTC,1630158191303,2021-08-28T13:43:11.303Z,sell,4.27e-06,2372.0,0.010128439999999999
BRD/BTC,1630158193538,2021-08-28T13:43:13.538Z,buy,4.29e-06,117.0,0.0005019299999999999
BRD/BTC,1630158208807,2021-08-28T13:43:28.807Z,buy,4.29e-06,637.0,0.0027327299999999996
BRD/BTC,1630158223533,2021-08-28T13:43:43.533Z,buy,4.29e-06,24.0,0.00010295999999999999
BRD/BTC,1630158240865,2021-08-28T13:44:00.865Z,sell,4.26e-06,27176.0,0.11576976
BRD/BTC,1630158257135,2021-08-28T13:44:17.135Z,sell,4.27e-06,46.0,0.00019642
BRD/BTC,1630158257135,2021-08-28T13:44:17.135Z,sell,4.25e-06,48.0,0.000204
BRD/BTC,1630158272372,2021-08-28T13:44:32.372Z,buy,4.27e-06,140.0,0.0005978
BRD/BTC,1630158272372,2021-08-28T13:44:32.372Z,buy,4.28e-06,1.0,4.28e-06
BRD/BTC,1630158285289,2021-08-28T13:44:45.289Z,buy,4.28e-06,151.0,0.0006462799999999999
BRD/BTC,1630158321262,2021-08-28T13:45:21.262Z,buy,4.28e-06,100.0,0.000428
BRD/BTC,1630158453970,2021-08-28T13:47:33.970Z,sell,4.25e-06,154.0,0.0006545
BRD/BTC,1630158471248,2021-08-28T13:47:51.248Z,sell,4.24e-06,24.0,0.00010176
BRD/BTC,1630158526753,2021-08-28T13:48:46.753Z,sell,4.24e-06,31.0,0.00013144
BRD/BTC,1630158534389,2021-08-28T13:48:54.389Z,sell,4.24e-06,62.0,0.00026288
BRD/BTC,1630158548552,2021-08-28T13:49:08.552Z,buy,4.25e-06,2881.0,0.01224425
BRD/BTC,1630158684963,2021-08-28T13:51:24.963Z,sell,4.24e-06,32.0,0.00013568
BRD/BTC,1630158703949,2021-08-28T13:51:43.949Z,buy,4.25e-06,212.0,0.000901
BRD/BTC,1630159192274,2021-08-28T13:59:52.274Z,sell,4.24e-06,2214.0,0.00938736
BRD/BTC,1630159192279,2021-08-28T13:59:52.279Z,buy,4.24e-06,2786.0,0.011812640000000001
BRD/BTC,1630159339315,2021-08-28T14:02:19.315Z,sell,4.23e-06,414.0,0.0017512200000000002
BRD/BTC,1630159339315,2021-08-28T14:02:19.315Z,sell,4.23e-06,414.0,0.0017512200000000002
BRD/BTC,1630159491603,2021-08-28T14:04:51.603Z,sell,4.23e-06,636.0,0.00269028
BRD/BTC,1630159507662,2021-08-28T14:05:07.662Z,sell,4.23e-06,422.0,0.00178506
BRD/BTC,1630159556020,2021-08-28T14:05:56.020Z,sell,4.22e-06,63.0,0.00026586000000000003
BRD/BTC,1630159655415,2021-08-28T14:07:35.415Z,sell,4.22e-06,48.0,0.00020256
BRD/BTC,1630159692143,2021-08-28T14:08:12.143Z,sell,4.22e-06,221.0,0.0009326200000000001
BRD/BTC,1630159730089,2021-08-28T14:08:50.089Z,buy,4.23e-06,168.0,0.00071064
