symbol,timestamp,datetime,side,price,amount,btc_volume
BRD/BTC,1614013209849,2021-02-22T17:00:09.849Z,sell,4.2e-06,727.0,0.0030533999999999995
BRD/BTC,1614013209849,2021-02-22T17:00:09.849Z,sell,4.19e-06,1071.0,0.004487489999999999
BRD/BTC,1614013209849,2021-02-22T17:00:09.849Z,sell,4.18e-06,1158.0,0.00484044
BRD/BTC,1614013209849,2021-02-22T17:00:09.849Z,sell,4.17e-06,52.0,0.00021684
BRD/BTC,1614013209849,2021-02-22T17:00:09.849Z,sell,4.16e-06,2393.0,0.00995488
BRD/BTC,1614013209849,2021-02-22T17:00:09.849Z,sell,4.15e-06,13332.0,0.0553278
BRD/BTC,1614013212179,2021-02-22T17:00:12.179Z,sell,4.18e-06,1197.0,0.0050034599999999995
BRD/BTC,1614013212179,2021-02-22T17:00:12.179Z,sell,4.16e-06,1235.0,0.0051376
BRD/BTC,1614013214732,2021-02-22T17:00:14.732Z,sell,4.17e-06,545.0,0.0022726499999999998
BRD/BTC,1614013214732,2021-02-22T17:00:14.732Z,sell,4.16e-06,598.0,0.00248768
BRD/BTC,1614013214732,2021-02-22T17:00:14.732Z,sell,4.15e-06,27157.0,0.11270155
BRD/BTC,1614013214732,2021-02-22T17:00:14.732Z,sell,4.14e-06,9988.0,0.04135032
BRD/BTC,1614013214732,2021-02-22T17:00:14.732Z,sell,4.13e-06,8483.0,0.03503479
BRD/BTC,1614013214732,2021-02-22T17:00:14.732Z,sell,4.12e-06,1895.0,0.007807400000000001
BRD/BTC,1614013214739,2021-02-22T17:00:14.739Z,buy,4.12e-06,68.0,0.00028016
BRD/BTC,1614013214739,2021-02-22T17:00:14.739Z,buy,4.12e-06,5212.0,0.021473440000000003
BRD/BTC,1614013214757,2021-02-22T17:00:14.757Z,sell,4.16e-06,181.0,0.00075296
BRD/BTC,1614013217321,2021-02-22T17:00:17.321Z,sell,4.14e-06,209.0,0.0008652600000000001
BRD/BTC,1614013221012,2021-02-22T17:00:21.012Z,sell,4.11e-06,173.0,0.00071103
BRD/BTC,1614013223926,2021-02-22T17:00:23.926Z,sell,4.12e-06,376.0,0.0015491200000000002
BRD/BTC,1614013223926,2021-02-22T17:00:23.926Z,sell,4.11e-06,2868.0,0.01178748
BRD/BTC,1614013223926,2021-02-22T17:00:23.926Z,sell,4.1e-06,1556.0,0.006379599999999999
BRD/BTC,1614013223926,2021-02-22T17:00:23.926Z,sell,4.09e-06,18103.0,0.07404126999999999
BRD/BTC,1614013223926,2021-02-22T17:00:23.926Z,sell,4.09e-06,4734.0,0.01936206
BRD/BTC,1614013223926,2021-02-22T17:00:23.926Z,sell,4.08e-06,1276.0,0.00520608
BRD/BTC,1614013223926,2021-02-22T17:00:23.926Z,sell,4.07e-06,2019.0,0.00821733
BRD/BTC,1614013223926,2021-02-22T17:00:23.926Z,sell,4.06e-06,5874.0,0.023848440000000002
BRD/BTC,1614013223926,2021-02-22T17:00:23.926Z,sell,4.05e-06,16748.0,0.0678294
BRD/BTC,1614013223926,2021-02-22T17:00:23.926Z,sell,4.04e-06,3126.0,0.012629040000000001
BRD/BTC,1614013223926,2021-02-22T17:00:23.926Z,sell,4.03e-06,14224.0,0.05732272000000001
BRD/BTC,1614013223926,2021-02-22T17:00:23.926Z,sell,4.03e-06,1945.0,0.007838350000000001
BRD/BTC,1614013224127,2021-02-22T17:00:24.127Z,sell,4.1e-06,52.0,0.00021319999999999998
BRD/BTC,1614013224195,2021-02-22T17:00:24.195Z,buy,4.07e-06,329.0,0.00133903
BRD/BTC,1614013224195,2021-02-22T17:00:24.195Z,buy,4.09e-06,1992.0,0.00814728
BRD/BTC,1614013224477,2021-02-22T17:00:24.477Z,sell,4.06e-06,53.0,0.00021518
BRD/BTC,1614013224477,2021-02-22T17:00:24.477Z,sell,4.05e-06,323.0,0.0013081500000000001
BRD/BTC,1614013224708,2021-02-22T17:00:24.708Z,sell,4.05e-06,430.0,0.0017415
BRD/BTC,1614013227418,2021-02-22T17:00:27.418Z,sell,4.05e-06,75.0,0.00030375000000000004
BRD/BTC,1614013227861,2021-02-22T17:00:27.861Z,sell,4.05e-06,1235.0,0.00500175
BRD/BTC,1614013228391,2021-02-22T17:00:28.391Z,buy,4.06e-06,184.0,0.00074704
BRD/BTC,1614013228527,2021-02-22T17:00:28.527Z,sell,4.05e-06,401.0,0.0016240500000000001
BRD/BTC,1614013228527,2021-02-22T17:00:28.527Z,sell,4.04e-06,2470.0,0.009978800000000001
BRD/BTC,1614013228527,2021-02-22T17:00:28.527Z,sell,4.03e-06,372.0,0.0014991600000000002
BRD/BTC,1614013228527,2021-02-22T17:00:28.527Z,sell,4.02e-06,2358.0,0.009479159999999999
BRD/BTC,1614013228527,2021-02-22T17:00:28.527Z,sell,4.01e-06,1777.0,0.007125769999999999
BRD/BTC,1614013228527,2021-02-22T17:00:28.527Z,sell,4e-06,45878.0,0.18351199999999998
BRD/BTC,1614013228527,2021-02-22T17:00:28.527Z,sell,3.99e-06,7698.0,0.03071502
BRD/BTC,1614013228527,2021-02-22T17:00:28.527Z,sell,3.98e-06,38669.0,0.15390262
BRD/BTC,1614013228527,2021-02-22T17:00:28.527Z,sell,3.97e-06,10768.0,0.04274896
BRD/BTC,1614013228527,2021-02-22T17:00:28.527Z,sell,3.97e-06,177.0,0.0007026900000000001
BRD/BTC,1614013228649,2021-02-22T17:00:28.649Z,buy,4.04e-06,184.0,0.0007433600000000001
BRD/BTC,1614013238314,2021-02-22T17:00:38.314Z,buy,3.98e-06,167.0,0.00066466
BRD/BTC,1614013239795,2021-02-22T17:00:39.795Z,buy,3.99e-06,600.0,0.002394
BRD/BTC,1614013239795,2021-02-22T17:00:39.795Z,buy,4e-06,55245.0,0.22097999999999998
BRD/BTC,1614013239795,2021-02-22T17:00:39.795Z,buy,4.01e-06,1796.0,0.0072019599999999994
BRD/BTC,1614013239795,2021-02-22T17:00:39.795Z,buy,4.03e-06,422.0,0.00170066
BRD/BTC,1614013239795,2021-02-22T17:00:39.795Z,buy,4.04e-06,4.0,1.616e-05
BRD/BTC,1614013239795,2021-02-22T17:00:39.795Z,buy,4.05e-06,9710.0,0.0393255
BRD/BTC,1614013239795,2021-02-22T17:00:39.795Z,buy,4.06e-06,42539.0,0.17270834000000002
BRD/BTC,1614013239830,2021-02-22T17:00:39.830Z,sell,3.98e-06,22642.0,0.09011516
BRD/BTC,1614013239830,2021-02-22T17:00:39.830Z,sell,3.97e-06,45.0,0.00017865
BRD/BTC,1614013239830,2021-02-22T17:00:39.830Z,sell,3.96e-06,1890.0,0.0074844
BRD/BTC,1614013239830,2021-02-22T17:00:39.830Z,sell,3.95e-06,22745.0,0.08984275000000001
BRD/BTC,1614013239842,2021-02-22T17:00:39.842Z,buy,4.06e-06,5762.0,0.02339372
BRD/BTC,1614013239909,2021-02-22T17:00:39.909Z,buy,4e-06,378.0,0.0015119999999999999
BRD/BTC,1614013239911,2021-02-22T17:00:39.911Z,sell,4e-06,189.0,0.0007559999999999999
BRD/BTC,1614013239935,2021-02-22T17:00:39.935Z,sell,4e-06,189.0,0.0007559999999999999
BRD/BTC,1614013239953,2021-02-22T17:00:39.953Z,sell,4e-06,189.0,0.0007559999999999999
BRD/BTC,1614013239962,2021-02-22T17:00:39.962Z,sell,4e-06,189.0,0.0007559999999999999
BRD/BTC,1614013239963,2021-02-22T17:00:39.963Z,sell,4e-06,189.0,0.0007559999999999999
BRD/BTC,1614013239976,2021-02-22T17:00:39.976Z,sell,4e-06,189.0,0.0007559999999999999
BRD/BTC,1614013239984,2021-02-22T17:00:39.984Z,sell,4e-06,189.0,0.0007559999999999999
BRD/BTC,1614013240103,2021-02-22T17:00:40.103Z,sell,4e-06,189.0,0.0007559999999999999
BRD/BTC,1614013241408,2021-02-22T17:00:41.408Z,sell,4.01e-06,4615.0,0.01850615
BRD/BTC,1614013241408,2021-02-22T17:00:41.408Z,sell,4e-06,1434.0,0.005736
BRD/BTC,1614013241408,2021-02-22T17:00:41.408Z,sell,3.98e-06,4988.0,0.01985224
BRD/BTC,1614013241408,2021-02-22T17:00:41.408Z,sell,3.97e-06,1000.0,0.0039700000000000004
BRD/BTC,1614013241408,2021-02-22T17:00:41.408Z,sell,3.96e-06,7542.0,0.029866320000000002
BRD/BTC,1614013241408,2021-02-22T17:00:41.408Z,sell,3.95e-06,17990.0,0.0710605
BRD/BTC,1614013241451,2021-02-22T17:00:41.451Z,sell,3.96e-06,7032.0,0.027846720000000002
BRD/BTC,1614013241491,2021-02-22T17:00:41.491Z,buy,4e-06,1178.0,0.004712
BRD/BTC,1614013241996,2021-02-22T17:00:41.996Z,sell,3.95e-06,671.0,0.0026504500000000004
BRD/BTC,1614013243995,2021-02-22T17:00:43.995Z,sell,3.97e-06,510.0,0.0020247
BRD/BTC,1614013244603,2021-02-22T17:00:44.603Z,sell,3.97e-06,553.0,0.00219541
BRD/BTC,1614013245270,2021-02-22T17:00:45.270Z,sell,3.97e-06,105.0,0.00041685
BRD/BTC,1614013245951,2021-02-22T17:00:45.951Z,buy,3.98e-06,47.0,0.00018706
BRD/BTC,1614013246260,2021-02-22T17:00:46.260Z,buy,3.98e-06,331.0,0.00131738
BRD/BTC,1614013246331,2021-02-22T17:00:46.331Z,sell,3.97e-06,942.0,0.00373974
BRD/BTC,1614013246331,2021-02-22T17:00:46.331Z,sell,3.95e-06,27234.0,0.10757430000000001
BRD/BTC,1614013248616,2021-02-22T17:00:48.616Z,sell,3.95e-06,36.0,0.00014220000000000001
BRD/BTC,1614013249776,2021-02-22T17:00:49.776Z,buy,4.02e-06,60.0,0.00024119999999999998
BRD/BTC,1614013250043,2021-02-22T17:00:50.043Z,sell,3.97e-06,177.0,0.0007026900000000001
BRD/BTC,1614013250204,2021-02-22T17:00:50.204Z,sell,3.97e-06,203.0,0.0008059100000000001
BRD/BTC,1614013250204,2021-02-22T17:00:50.204Z,sell,3.97e-06,1188.0,0.00471636
BRD/BTC,1614013250218,2021-02-22T17:00:50.218Z,buy,4.02e-06,9.0,3.6179999999999996e-05
BRD/BTC,1614013252893,2021-02-22T17:00:52.893Z,sell,3.97e-06,9816.0,0.03896952
BRD/BTC,1614013252893,2021-02-22T17:00:52.893Z,sell,3.96e-06,356.0,0.0014097600000000001
BRD/BTC,1614013252893,2021-02-22T17:00:52.893Z,sell,3.95e-06,74357.0,0.29371015
BRD/BTC,1614013255537,2021-02-22T17:00:55.537Z,buy,3.96e-06,4747.0,0.01879812
BRD/BTC,1614013257821,2021-02-22T17:00:57.821Z,buy,3.97e-06,600.0,0.002382
BRD/BTC,1614013257997,2021-02-22T17:00:57.997Z,buy,3.97e-06,881.0,0.00349757
BRD/BTC,1614013258159,2021-02-22T17:00:58.159Z,sell,3.95e-06,1550.0,0.0061225
BRD/BTC,1614013258170,2021-02-22T17:00:58.170Z,buy,3.97e-06,422.0,0.00167534
BRD/BTC,1614013258346,2021-02-22T17:00:58.346Z,buy,3.97e-06,206.0,0.00081782
BRD/BTC,1614013258346,2021-02-22T17:00:58.346Z,buy,3.98e-06,112.0,0.00044576
BRD/BTC,1614013258524,2021-02-22T17:00:58.524Z,buy,3.98e-06,959.0,0.00381682
BRD/BTC,1614013258563,2021-02-22T17:00:58.563Z,sell,3.95e-06,1812.0,0.0071574
BRD/BTC,1614013258563,2021-02-22T17:00:58.563Z,sell,3.94e-06,98.0,0.00038612000000000005
BRD/BTC,1614013258563,2021-02-22T17:00:58.563Z,sell,3.93e-06,2781.0,0.01092933
BRD/BTC,1614013258563,2021-02-22T17:00:58.563Z,sell,3.92e-06,1654.0,0.0064836799999999995
BRD/BTC,1614013258563,2021-02-22T17:00:58.563Z,sell,3.91e-06,1456.0,0.0056929599999999995
BRD/BTC,1614013258563,2021-02-22T17:00:58.563Z,sell,3.9e-06,178.0,0.0006942
BRD/BTC,1614013260805,2021-02-22T17:01:00.805Z,sell,3.9e-06,1890.0,0.007371
BRD/BTC,1614013261317,2021-02-22T17:01:01.317Z,buy,3.92e-06,376.0,0.0014739199999999999
BRD/BTC,1614013261317,2021-02-22T17:01:01.317Z,buy,3.93e-06,301.0,0.0011829299999999998
BRD/BTC,1614013261548,2021-02-22T17:01:01.548Z,buy,3.93e-06,944.0,0.00370992
BRD/BTC,1614013264123,2021-02-22T17:01:04.123Z,sell,3.91e-06,1154.0,0.0045121399999999996
BRD/BTC,1614013266319,2021-02-22T17:01:06.319Z,buy,3.94e-06,217.0,0.0008549800000000001
BRD/BTC,1614013266319,2021-02-22T17:01:06.319Z,buy,3.95e-06,745.0,0.00294275
BRD/BTC,1614013266485,2021-02-22T17:01:06.485Z,buy,3.95e-06,653.0,0.0025793500000000002
BRD/BTC,1614013266494,2021-02-22T17:01:06.494Z,buy,3.95e-06,215.0,0.0008492500000000001
BRD/BTC,1614013266668,2021-02-22T17:01:06.668Z,buy,3.95e-06,600.0,0.00237
BRD/BTC,1614013266840,2021-02-22T17:01:06.840Z,buy,3.95e-06,277.0,0.0010941500000000001
BRD/BTC,1614013266857,2021-02-22T17:01:06.857Z,buy,3.95e-06,166.0,0.0006557000000000001
BRD/BTC,1614013266857,2021-02-22T17:01:06.857Z,buy,3.96e-06,375.0,0.001485
BRD/BTC,1614013266857,2021-02-22T17:01:06.857Z,buy,3.97e-06,45.0,0.00017865
BRD/BTC,1614013267021,2021-02-22T17:01:07.021Z,buy,3.97e-06,697.0,0.0027670900000000003
BRD/BTC,1614013267143,2021-02-22T17:01:07.143Z,sell,3.91e-06,387.0,0.0015131699999999999
BRD/BTC,1614013267206,2021-02-22T17:01:07.206Z,buy,3.98e-06,947.0,0.00376906
BRD/BTC,1614013267371,2021-02-22T17:01:07.371Z,buy,3.96e-06,771.0,0.00305316
BRD/BTC,1614013267547,2021-02-22T17:01:07.547Z,buy,3.96e-06,777.0,0.0030769200000000003
BRD/BTC,1614013267720,2021-02-22T17:01:07.720Z,buy,3.96e-06,922.0,0.0036511200000000003
BRD/BTC,1614013267720,2021-02-22T17:01:07.720Z,buy,3.98e-06,5.0,1.99e-05
BRD/BTC,1614013267894,2021-02-22T17:01:07.894Z,buy,3.98e-06,1568.0,0.00624064
BRD/BTC,1614013268070,2021-02-22T17:01:08.070Z,buy,3.99e-06,572.0,0.00228228
BRD/BTC,1614013269847,2021-02-22T17:01:09.847Z,sell,3.93e-06,114.0,0.00044802
BRD/BTC,1614013269847,2021-02-22T17:01:09.847Z,sell,3.92e-06,546.0,0.00214032
BRD/BTC,1614013269847,2021-02-22T17:01:09.847Z,sell,3.91e-06,738.0,0.00288558
BRD/BTC,1614013269847,2021-02-22T17:01:09.847Z,sell,3.9e-06,42054.0,0.1640106
BRD/BTC,1614013269847,2021-02-22T17:01:09.847Z,sell,3.89e-06,2780.0,0.0108142
BRD/BTC,1614013269847,2021-02-22T17:01:09.847Z,sell,3.88e-06,1267.0,0.0049159600000000005
BRD/BTC,1614013269847,2021-02-22T17:01:09.847Z,sell,3.87e-06,4747.0,0.01837089
BRD/BTC,1614013269847,2021-02-22T17:01:09.847Z,sell,3.86e-06,2000.0,0.00772
BRD/BTC,1614013269847,2021-02-22T17:01:09.847Z,sell,3.85e-06,3814.0,0.014683900000000001
BRD/BTC,1614013269847,2021-02-22T17:01:09.847Z,sell,3.84e-06,2961.0,0.011370239999999998
BRD/BTC,1614013269869,2021-02-22T17:01:09.869Z,sell,3.84e-06,4.0,1.536e-05
BRD/BTC,1614013269869,2021-02-22T17:01:09.869Z,sell,3.83e-06,60.0,0.00022979999999999997
BRD/BTC,1614013269869,2021-02-22T17:01:09.869Z,sell,3.82e-06,288.0,0.00110016
BRD/BTC,1614013269873,2021-02-22T17:01:09.873Z,sell,3.82e-06,841.0,0.00321262
BRD/BTC,1614013269879,2021-02-22T17:01:09.879Z,buy,3.84e-06,27.0,0.00010368
BRD/BTC,1614013269883,2021-02-22T17:01:09.883Z,buy,3.84e-06,734.0,0.00281856
BRD/BTC,1614013269883,2021-02-22T17:01:09.883Z,buy,3.84e-06,345.0,0.0013248
BRD/BTC,1614013269883,2021-02-22T17:01:09.883Z,buy,3.84e-06,1511.0,0.005802239999999999
BRD/BTC,1614013269952,2021-02-22T17:01:09.952Z,sell,3.91e-06,135.0,0.00052785
BRD/BTC,1614013270125,2021-02-22T17:01:10.125Z,sell,3.91e-06,195.0,0.00076245
BRD/BTC,1614013270160,2021-02-22T17:01:10.160Z,sell,3.91e-06,591.0,0.00231081
BRD/BTC,1614013270270,2021-02-22T17:01:10.270Z,buy,3.91e-06,1062.0,0.0041524199999999995
BRD/BTC,1614013270270,2021-02-22T17:01:10.270Z,buy,3.92e-06,2317.0,0.00908264
BRD/BTC,1614013270502,2021-02-22T17:01:10.502Z,buy,3.9e-06,170.0,0.000663
BRD/BTC,1614013270553,2021-02-22T17:01:10.553Z,buy,3.93e-06,228.0,0.00089604
BRD/BTC,1614013270743,2021-02-22T17:01:10.743Z,buy,3.94e-06,452.0,0.00178088
BRD/BTC,1614013273372,2021-02-22T17:01:13.372Z,sell,3.93e-06,37.0,0.00014540999999999998
BRD/BTC,1614013274194,2021-02-22T17:01:14.194Z,sell,3.93e-06,106.0,0.00041657999999999995
BRD/BTC,1614013274363,2021-02-22T17:01:14.363Z,buy,3.94e-06,1415.0,0.0055751
BRD/BTC,1614013274363,2021-02-22T17:01:14.363Z,buy,3.95e-06,798.0,0.0031521
BRD/BTC,1614013274799,2021-02-22T17:01:14.799Z,sell,3.93e-06,339.0,0.00133227
BRD/BTC,1614013275602,2021-02-22T17:01:15.602Z,sell,3.91e-06,9.0,3.519e-05
BRD/BTC,1614013275602,2021-02-22T17:01:15.602Z,sell,3.9e-06,105.0,0.0004095
BRD/BTC,1614013275602,2021-02-22T17:01:15.602Z,sell,3.89e-06,376.0,0.00146264
BRD/BTC,1614013275602,2021-02-22T17:01:15.602Z,sell,3.88e-06,243.0,0.00094284
BRD/BTC,1614013275602,2021-02-22T17:01:15.602Z,sell,3.86e-06,656.0,0.0025321600000000003
BRD/BTC,1614013275602,2021-02-22T17:01:15.602Z,sell,3.85e-06,207.0,0.00079695
BRD/BTC,1614013275602,2021-02-22T17:01:15.602Z,sell,3.84e-06,4212.0,0.016174079999999997
BRD/BTC,1614013275602,2021-02-22T17:01:15.602Z,sell,3.82e-06,9667.0,0.03692794
BRD/BTC,1614013275602,2021-02-22T17:01:15.602Z,sell,3.81e-06,13837.0,0.05271897
BRD/BTC,1614013275602,2021-02-22T17:01:15.602Z,sell,3.8e-06,1198.0,0.0045524
BRD/BTC,1614013275828,2021-02-22T17:01:15.828Z,buy,3.85e-06,195.0,0.0007507500000000001
BRD/BTC,1614013276164,2021-02-22T17:01:16.164Z,sell,3.86e-06,29.0,0.00011194000000000002
BRD/BTC,1614013276317,2021-02-22T17:01:16.317Z,buy,3.87e-06,4146.0,0.01604502
BRD/BTC,1614013276575,2021-02-22T17:01:16.575Z,buy,3.86e-06,43.0,0.00016598
BRD/BTC,1614013276772,2021-02-22T17:01:16.772Z,sell,3.85e-06,37.0,0.00014245000000000002
BRD/BTC,1614013276808,2021-02-22T17:01:16.808Z,buy,3.85e-06,154.0,0.0005929
BRD/BTC,1614013276845,2021-02-22T17:01:16.845Z,buy,3.85e-06,48.0,0.00018480000000000002
BRD/BTC,1614013277073,2021-02-22T17:01:17.073Z,buy,3.86e-06,55.0,0.0002123
BRD/BTC,1614013277365,2021-02-22T17:01:17.365Z,buy,3.87e-06,186.0,0.00071982
BRD/BTC,1614013278095,2021-02-22T17:01:18.095Z,buy,3.87e-06,114.0,0.00044118
BRD/BTC,1614013278143,2021-02-22T17:01:18.143Z,sell,3.87e-06,1181.0,0.00457047
BRD/BTC,1614013278335,2021-02-22T17:01:18.335Z,buy,3.87e-06,66.0,0.00025542
BRD/BTC,1614013278351,2021-02-22T17:01:18.351Z,buy,3.88e-06,2847.0,0.01104636
BRD/BTC,1614013278351,2021-02-22T17:01:18.351Z,sell,3.87e-06,127.0,0.00049149
BRD/BTC,1614013279043,2021-02-22T17:01:19.043Z,sell,3.87e-06,11269.0,0.04361103
BRD/BTC,1614013279043,2021-02-22T17:01:19.043Z,sell,3.86e-06,140.0,0.0005404
BRD/BTC,1614013279043,2021-02-22T17:01:19.043Z,sell,3.85e-06,382.0,0.0014707000000000001
BRD/BTC,1614013279043,2021-02-22T17:01:19.043Z,sell,3.83e-06,29.0,0.00011106999999999999
BRD/BTC,1614013279043,2021-02-22T17:01:19.043Z,sell,3.82e-06,3435.0,0.0131217
BRD/BTC,1614013280300,2021-02-22T17:01:20.300Z,buy,3.86e-06,449.0,0.0017331400000000002
BRD/BTC,1614013280905,2021-02-22T17:01:20.905Z,buy,3.85e-06,191.0,0.0007353500000000001
BRD/BTC,1614013280910,2021-02-22T17:01:20.910Z,sell,3.84e-06,124.0,0.00047615999999999994
BRD/BTC,1614013280914,2021-02-22T17:01:20.914Z,buy,3.85e-06,1986.0,0.007646100000000001
BRD/BTC,1614013281320,2021-02-22T17:01:21.320Z,sell,3.85e-06,1225.0,0.004716250000000001
BRD/BTC,1614013281354,2021-02-22T17:01:21.354Z,buy,3.86e-06,5166.0,0.019940760000000002
BRD/BTC,1614013281529,2021-02-22T17:01:21.529Z,buy,3.87e-06,50.0,0.00019350000000000001
BRD/BTC,1614013281864,2021-02-22T17:01:21.864Z,sell,3.85e-06,187.0,0.0007199500000000001
BRD/BTC,1614013281882,2021-02-22T17:01:21.882Z,sell,3.85e-06,583.0,0.00224455
BRD/BTC,1614013282058,2021-02-22T17:01:22.058Z,sell,3.85e-06,182.0,0.0007007000000000001
BRD/BTC,1614013282058,2021-02-22T17:01:22.058Z,sell,3.84e-06,226.0,0.0008678399999999999
BRD/BTC,1614013282548,2021-02-22T17:01:22.548Z,sell,3.85e-06,187.0,0.0007199500000000001
BRD/BTC,1614013282564,2021-02-22T17:01:22.564Z,buy,3.86e-06,50.0,0.00019300000000000003
BRD/BTC,1614013283704,2021-02-22T17:01:23.704Z,buy,3.86e-06,50.0,0.00019300000000000003
BRD/BTC,1614013284338,2021-02-22T17:01:24.338Z,sell,3.85e-06,1000.0,0.0038500000000000006
BRD/BTC,1614013284375,2021-02-22T17:01:24.375Z,buy,3.85e-06,3260.0,0.012551000000000001
BRD/BTC,1614013284460,2021-02-22T17:01:24.460Z,buy,3.85e-06,359.0,0.0013821500000000002
BRD/BTC,1614013284593,2021-02-22T17:01:24.593Z,buy,3.85e-06,50.0,0.00019250000000000002
BRD/BTC,1614013284891,2021-02-22T17:01:24.891Z,buy,3.85e-06,711.0,0.0027373500000000004
BRD/BTC,1614013285123,2021-02-22T17:01:25.123Z,buy,3.86e-06,50.0,0.00019300000000000003
BRD/BTC,1614013285595,2021-02-22T17:01:25.595Z,sell,3.83e-06,452.0,0.0017311599999999998
BRD/BTC,1614013285664,2021-02-22T17:01:25.664Z,buy,3.86e-06,18.0,6.948e-05
BRD/BTC,1614013285664,2021-02-22T17:01:25.664Z,buy,3.87e-06,32.0,0.00012384
BRD/BTC,1614013286439,2021-02-22T17:01:26.439Z,buy,3.87e-06,50.0,0.00019350000000000001
BRD/BTC,1614013287456,2021-02-22T17:01:27.456Z,buy,3.87e-06,50.0,0.00019350000000000001
BRD/BTC,1614013288102,2021-02-22T17:01:28.102Z,sell,3.85e-06,188.0,0.0007238
BRD/BTC,1614013288319,2021-02-22T17:01:28.319Z,buy,3.87e-06,50.0,0.00019350000000000001
BRD/BTC,1614013288556,2021-02-22T17:01:28.556Z,sell,3.85e-06,14790.0,0.056941500000000006
BRD/BTC,1614013288556,2021-02-22T17:01:28.556Z,sell,3.83e-06,465.0,0.00178095
BRD/BTC,1614013288863,2021-02-22T17:01:28.863Z,buy,3.87e-06,50.0,0.00019350000000000001
BRD/BTC,1614013289878,2021-02-22T17:01:29.878Z,buy,3.87e-06,50.0,0.00019350000000000001
BRD/BTC,1614013290689,2021-02-22T17:01:30.689Z,buy,3.87e-06,50.0,0.00019350000000000001
BRD/BTC,1614013291297,2021-02-22T17:01:31.297Z,buy,3.87e-06,50.0,0.00019350000000000001
BRD/BTC,1614013291439,2021-02-22T17:01:31.439Z,buy,3.87e-06,1246.0,0.004822020000000001
BRD/BTC,1614013291477,2021-02-22T17:01:31.477Z,sell,3.88e-06,439.0,0.0017033200000000001
BRD/BTC,1614013291500,2021-02-22T17:01:31.500Z,sell,3.83e-06,439.0,0.00168137
BRD/BTC,1614013291986,2021-02-22T17:01:31.986Z,buy,3.88e-06,50.0,0.000194
BRD/BTC,1614013292175,2021-02-22T17:01:32.175Z,sell,3.83e-06,9740.0,0.037304199999999996
BRD/BTC,1614013292185,2021-02-22T17:01:32.185Z,buy,3.83e-06,198.0,0.0007583399999999999
BRD/BTC,1614013292185,2021-02-22T17:01:32.185Z,buy,3.83e-06,198.0,0.0007583399999999999
BRD/BTC,1614013292185,2021-02-22T17:01:32.185Z,buy,3.83e-06,198.0,0.0007583399999999999
BRD/BTC,1614013292185,2021-02-22T17:01:32.185Z,buy,3.83e-06,198.0,0.0007583399999999999
BRD/BTC,1614013292185,2021-02-22T17:01:32.185Z,buy,3.83e-06,198.0,0.0007583399999999999
BRD/BTC,1614013292185,2021-02-22T17:01:32.185Z,buy,3.83e-06,198.0,0.0007583399999999999
BRD/BTC,1614013292186,2021-02-22T17:01:32.186Z,buy,3.83e-06,198.0,0.0007583399999999999
BRD/BTC,1614013292186,2021-02-22T17:01:32.186Z,buy,3.83e-06,198.0,0.0007583399999999999
BRD/BTC,1614013292186,2021-02-22T17:01:32.186Z,buy,3.83e-06,198.0,0.0007583399999999999
BRD/BTC,1614013292186,2021-02-22T17:01:32.186Z,buy,3.83e-06,198.0,0.0007583399999999999
BRD/BTC,1614013292186,2021-02-22T17:01:32.186Z,buy,3.83e-06,198.0,0.0007583399999999999
BRD/BTC,1614013292186,2021-02-22T17:01:32.186Z,buy,3.83e-06,198.0,0.0007583399999999999
BRD/BTC,1614013292186,2021-02-22T17:01:32.186Z,buy,3.83e-06,198.0,0.0007583399999999999
BRD/BTC,1614013292186,2021-02-22T17:01:32.186Z,buy,3.83e-06,198.0,0.0007583399999999999
BRD/BTC,1614013292186,2021-02-22T17:01:32.186Z,buy,3.83e-06,198.0,0.0007583399999999999
BRD/BTC,1614013292187,2021-02-22T17:01:32.187Z,buy,3.83e-06,198.0,0.0007583399999999999
BRD/BTC,1614013292187,2021-02-22T17:01:32.187Z,buy,3.83e-06,198.0,0.0007583399999999999
BRD/BTC,1614013292188,2021-02-22T17:01:32.188Z,buy,3.83e-06,198.0,0.0007583399999999999
BRD/BTC,1614013292188,2021-02-22T17:01:32.188Z,buy,3.83e-06,198.0,0.0007583399999999999
BRD/BTC,1614013292188,2021-02-22T17:01:32.188Z,buy,3.83e-06,198.0,0.0007583399999999999
BRD/BTC,1614013292188,2021-02-22T17:01:32.188Z,buy,3.83e-06,198.0,0.0007583399999999999
BRD/BTC,1614013292188,2021-02-22T17:01:32.188Z,buy,3.83e-06,198.0,0.0007583399999999999
BRD/BTC,1614013292188,2021-02-22T17:01:32.188Z,buy,3.83e-06,198.0,0.0007583399999999999
BRD/BTC,1614013292188,2021-02-22T17:01:32.188Z,buy,3.83e-06,198.0,0.0007583399999999999
BRD/BTC,1614013292188,2021-02-22T17:01:32.188Z,buy,3.83e-06,198.0,0.0007583399999999999
BRD/BTC,1614013292189,2021-02-22T17:01:32.189Z,buy,3.83e-06,198.0,0.0007583399999999999
BRD/BTC,1614013292190,2021-02-22T17:01:32.190Z,buy,3.83e-06,198.0,0.0007583399999999999
BRD/BTC,1614013292190,2021-02-22T17:01:32.190Z,buy,3.83e-06,198.0,0.0007583399999999999
BRD/BTC,1614013292190,2021-02-22T17:01:32.190Z,buy,3.83e-06,198.0,0.0007583399999999999
BRD/BTC,1614013292190,2021-02-22T17:01:32.190Z,buy,3.83e-06,198.0,0.0007583399999999999
BRD/BTC,1614013292190,2021-02-22T17:01:32.190Z,buy,3.83e-06,198.0,0.0007583399999999999
BRD/BTC,1614013292191,2021-02-22T17:01:32.191Z,buy,3.83e-06,198.0,0.0007583399999999999
BRD/BTC,1614013292191,2021-02-22T17:01:32.191Z,buy,3.83e-06,198.0,0.0007583399999999999
BRD/BTC,1614013292192,2021-02-22T17:01:32.192Z,buy,3.83e-06,198.0,0.0007583399999999999
BRD/BTC,1614013292192,2021-02-22T17:01:32.192Z,buy,3.83e-06,198.0,0.0007583399999999999
BRD/BTC,1614013292192,2021-02-22T17:01:32.192Z,buy,3.83e-06,198.0,0.0007583399999999999
BRD/BTC,1614013292193,2021-02-22T17:01:32.193Z,buy,3.83e-06,198.0,0.0007583399999999999
BRD/BTC,1614013292193,2021-02-22T17:01:32.193Z,buy,3.83e-06,198.0,0.0007583399999999999
BRD/BTC,1614013292198,2021-02-22T17:01:32.198Z,buy,3.83e-06,198.0,0.0007583399999999999
BRD/BTC,1614013292198,2021-02-22T17:01:32.198Z,buy,3.83e-06,198.0,0.0007583399999999999
BRD/BTC,1614013292199,2021-02-22T17:01:32.199Z,buy,3.83e-06,198.0,0.0007583399999999999
BRD/BTC,1614013292199,2021-02-22T17:01:32.199Z,buy,3.83e-06,198.0,0.0007583399999999999
BRD/BTC,1614013292200,2021-02-22T17:01:32.200Z,buy,3.83e-06,198.0,0.0007583399999999999
BRD/BTC,1614013292200,2021-02-22T17:01:32.200Z,buy,3.83e-06,198.0,0.0007583399999999999
BRD/BTC,1614013292202,2021-02-22T17:01:32.202Z,buy,3.83e-06,198.0,0.0007583399999999999
BRD/BTC,1614013292221,2021-02-22T17:01:32.221Z,buy,3.83e-06,3127.0,0.01197641
BRD/BTC,1614013292228,2021-02-22T17:01:32.228Z,sell,3.81e-06,1000.0,0.00381
BRD/BTC,1614013292228,2021-02-22T17:01:32.228Z,sell,3.8e-06,653.0,0.0024814
BRD/BTC,1614013292308,2021-02-22T17:01:32.308Z,buy,3.83e-06,116.0,0.00044427999999999997
BRD/BTC,1614013292809,2021-02-22T17:01:32.809Z,buy,3.82e-06,97.0,0.00037054
BRD/BTC,1614013292881,2021-02-22T17:01:32.881Z,buy,3.82e-06,50.0,0.00019099999999999998
BRD/BTC,1614013293749,2021-02-22T17:01:33.749Z,buy,3.82e-06,50.0,0.00019099999999999998
BRD/BTC,1614013293831,2021-02-22T17:01:33.831Z,buy,3.81e-06,159.0,0.00060579
BRD/BTC,1614013293949,2021-02-22T17:01:33.949Z,sell,3.8e-06,127.0,0.0004826
BRD/BTC,1614013294002,2021-02-22T17:01:34.002Z,buy,3.81e-06,12.0,4.572e-05
BRD/BTC,1614013294002,2021-02-22T17:01:34.002Z,buy,3.82e-06,905.0,0.0034571
BRD/BTC,1614013294224,2021-02-22T17:01:34.224Z,sell,3.8e-06,49.0,0.0001862
BRD/BTC,1614013294313,2021-02-22T17:01:34.313Z,buy,3.82e-06,50.0,0.00019099999999999998
BRD/BTC,1614013294480,2021-02-22T17:01:34.480Z,buy,3.82e-06,277.0,0.00105814
BRD/BTC,1614013294519,2021-02-22T17:01:34.519Z,buy,3.82e-06,265.0,0.0010123
BRD/BTC,1614013294722,2021-02-22T17:01:34.722Z,buy,3.82e-06,96.0,0.00036671999999999996
BRD/BTC,1614013294754,2021-02-22T17:01:34.754Z,sell,3.8e-06,73.0,0.0002774
BRD/BTC,1614013294817,2021-02-22T17:01:34.817Z,buy,3.82e-06,50.0,0.00019099999999999998
BRD/BTC,1614013294860,2021-02-22T17:01:34.860Z,buy,3.82e-06,1193.0,0.00455726
BRD/BTC,1614013295456,2021-02-22T17:01:35.456Z,sell,3.8e-06,171.0,0.0006498
BRD/BTC,1614013295684,2021-02-22T17:01:35.684Z,buy,3.82e-06,50.0,0.00019099999999999998
BRD/BTC,1614013296410,2021-02-22T17:01:36.410Z,buy,3.82e-06,2446.0,0.00934372
BRD/BTC,1614013296904,2021-02-22T17:01:36.904Z,buy,3.82e-06,50.0,0.00019099999999999998
BRD/BTC,1614013297711,2021-02-22T17:01:37.711Z,buy,3.82e-06,50.0,0.00019099999999999998
BRD/BTC,1614013297905,2021-02-22T17:01:37.905Z,sell,3.8e-06,490.0,0.001862
BRD/BTC,1614013297935,2021-02-22T17:01:37.935Z,sell,3.8e-06,1078.0,0.0040964
BRD/BTC,1614013298078,2021-02-22T17:01:38.078Z,sell,3.81e-06,194.0,0.00073914
BRD/BTC,1614013298248,2021-02-22T17:01:38.248Z,buy,3.82e-06,583.0,0.00222706
BRD/BTC,1614013298422,2021-02-22T17:01:38.422Z,buy,3.82e-06,168.0,0.00064176
BRD/BTC,1614013298483,2021-02-22T17:01:38.483Z,buy,3.82e-06,50.0,0.00019099999999999998
BRD/BTC,1614013298596,2021-02-22T17:01:38.596Z,buy,3.82e-06,628.0,0.00239896
BRD/BTC,1614013298820,2021-02-22T17:01:38.820Z,sell,3.81e-06,214.0,0.00081534
BRD/BTC,1614013298820,2021-02-22T17:01:38.820Z,sell,3.8e-06,1116.0,0.0042408
BRD/BTC,1614013298820,2021-02-22T17:01:38.820Z,sell,3.79e-06,1262.0,0.00478298
BRD/BTC,1614013298839,2021-02-22T17:01:38.839Z,buy,3.79e-06,953.0,0.00361187
BRD/BTC,1614013298930,2021-02-22T17:01:38.930Z,buy,3.79e-06,27725.0,0.10507775
BRD/BTC,1614013298930,2021-02-22T17:01:38.930Z,buy,3.81e-06,200.0,0.000762
BRD/BTC,1614013298930,2021-02-22T17:01:38.930Z,buy,3.82e-06,4579.0,0.01749178
BRD/BTC,1614013299197,2021-02-22T17:01:39.197Z,buy,3.8e-06,34.0,0.0001292
BRD/BTC,1614013299207,2021-02-22T17:01:39.207Z,buy,3.83e-06,50.0,0.0001915
BRD/BTC,1614013299957,2021-02-22T17:01:39.957Z,sell,3.78e-06,30.0,0.00011339999999999999
BRD/BTC,1614013300057,2021-02-22T17:01:40.057Z,buy,3.83e-06,50.0,0.0001915
BRD/BTC,1614013300740,2021-02-22T17:01:40.740Z,buy,3.83e-06,50.0,0.0001915
BRD/BTC,1614013301213,2021-02-22T17:01:41.213Z,buy,3.83e-06,11.0,4.213e-05
BRD/BTC,1614013301213,2021-02-22T17:01:41.213Z,buy,3.84e-06,39.0,0.00014975999999999998
BRD/BTC,1614013301863,2021-02-22T17:01:41.863Z,buy,3.84e-06,50.0,0.00019199999999999998
BRD/BTC,1614013302658,2021-02-22T17:01:42.658Z,buy,3.83e-06,50.0,0.0001915
BRD/BTC,1614013302964,2021-02-22T17:01:42.964Z,buy,3.83e-06,144.0,0.00055152
BRD/BTC,1614013302964,2021-02-22T17:01:42.964Z,buy,3.84e-06,177.0,0.0006796799999999999
BRD/BTC,1614013303515,2021-02-22T17:01:43.515Z,buy,3.84e-06,50.0,0.00019199999999999998
BRD/BTC,1614013304142,2021-02-22T17:01:44.142Z,buy,3.84e-06,21.0,8.063999999999999e-05
BRD/BTC,1614013304142,2021-02-22T17:01:44.142Z,buy,3.85e-06,29.0,0.00011165000000000002
BRD/BTC,1614013304662,2021-02-22T17:01:44.662Z,buy,3.85e-06,50.0,0.00019250000000000002
BRD/BTC,1614013304943,2021-02-22T17:01:44.943Z,buy,3.85e-06,47.0,0.00018095
BRD/BTC,1614013305128,2021-02-22T17:01:45.128Z,buy,3.85e-06,996.0,0.0038346000000000005
BRD/BTC,1614013305144,2021-02-22T17:01:45.144Z,sell,3.8e-06,484.0,0.0018392
BRD/BTC,1614013305271,2021-02-22T17:01:45.271Z,buy,3.86e-06,50.0,0.00019300000000000003
BRD/BTC,1614013305290,2021-02-22T17:01:45.290Z,buy,3.86e-06,979.0,0.00377894
BRD/BTC,1614013305994,2021-02-22T17:01:45.994Z,buy,3.88e-06,50.0,0.000194
BRD/BTC,1614013307045,2021-02-22T17:01:47.045Z,buy,3.88e-06,50.0,0.000194
BRD/BTC,1614013308036,2021-02-22T17:01:48.036Z,buy,3.88e-06,50.0,0.000194
BRD/BTC,1614013308697,2021-02-22T17:01:48.697Z,buy,3.88e-06,50.0,0.000194
BRD/BTC,1614013309175,2021-02-22T17:01:49.175Z,buy,3.88e-06,50.0,0.000194
BRD/BTC,1614013309843,2021-02-22T17:01:49.843Z,buy,3.88e-06,50.0,0.000194
BRD/BTC,1614013310297,2021-02-22T17:01:50.297Z,buy,3.88e-06,1083.0,0.00420204
BRD/BTC,1614013310329,2021-02-22T17:01:50.329Z,sell,3.87e-06,388.0,0.00150156
BRD/BTC,1614013310329,2021-02-22T17:01:50.329Z,sell,3.86e-06,70.0,0.0002702
BRD/BTC,1614013310872,2021-02-22T17:01:50.872Z,buy,3.89e-06,50.0,0.0001945
BRD/BTC,1614013311900,2021-02-22T17:01:51.900Z,sell,3.86e-06,151.0,0.00058286
BRD/BTC,1614013311932,2021-02-22T17:01:51.932Z,buy,3.89e-06,50.0,0.0001945
BRD/BTC,1614013312675,2021-02-22T17:01:52.675Z,buy,3.89e-06,50.0,0.0001945
BRD/BTC,1614013312776,2021-02-22T17:01:52.776Z,buy,3.89e-06,10213.0,0.03972857
BRD/BTC,1614013313300,2021-02-22T17:01:53.300Z,buy,3.9e-06,50.0,0.000195
BRD/BTC,1614013314022,2021-02-22T17:01:54.022Z,buy,3.9e-06,50.0,0.000195
BRD/BTC,1614013314587,2021-02-22T17:01:54.587Z,buy,3.9e-06,477.0,0.0018603
BRD/BTC,1614013319791,2021-02-22T17:01:59.791Z,sell,3.89e-06,628.0,0.00244292
BRD/BTC,1614013319968,2021-02-22T17:01:59.968Z,sell,3.89e-06,168.0,0.00065352
BRD/BTC,1614013320211,2021-02-22T17:02:00.211Z,sell,3.89e-06,583.0,0.00226787
BRD/BTC,1614013320385,2021-02-22T17:02:00.385Z,sell,3.89e-06,408.0,0.00158712
BRD/BTC,1614013320765,2021-02-22T17:02:00.765Z,sell,3.89e-06,147.0,0.00057183
BRD/BTC,1614013320765,2021-02-22T17:02:00.765Z,sell,3.87e-06,537.0,0.00207819
BRD/BTC,1614013324376,2021-02-22T17:02:04.376Z,buy,3.88e-06,2103.0,0.008159640000000001
BRD/BTC,1614013325371,2021-02-22T17:02:05.371Z,buy,3.88e-06,1450.0,0.005626
BRD/BTC,1614013330378,2021-02-22T17:02:10.378Z,buy,3.91e-06,444.0,0.00173604
BRD/BTC,1614013332975,2021-02-22T17:02:12.975Z,sell,3.88e-06,30.0,0.00011640000000000001
BRD/BTC,1614013343323,2021-02-22T17:02:23.323Z,buy,3.9e-06,2321.0,0.0090519
BRD/BTC,1614013345324,2021-02-22T17:02:25.324Z,buy,3.9e-06,5047.0,0.0196833
BRD/BTC,1614013380407,2021-02-22T17:03:00.407Z,buy,3.91e-06,537.0,0.00209967
BRD/BTC,1614013381087,2021-02-22T17:03:01.087Z,buy,3.91e-06,673.0,0.0026314299999999997
BRD/BTC,1614013392378,2021-02-22T17:03:12.378Z,sell,3.91e-06,163.0,0.00063733
BRD/BTC,1614013408275,2021-02-22T17:03:28.275Z,sell,3.91e-06,193.0,0.00075463
BRD/BTC,1614013408820,2021-02-22T17:03:28.820Z,sell,3.91e-06,1222.0,0.00477802
BRD/BTC,1614013408820,2021-02-22T17:03:28.820Z,sell,3.9e-06,30727.0,0.11983529999999999
BRD/BTC,1614013415228,2021-02-22T17:03:35.228Z,sell,3.91e-06,1000.0,0.003909999999999999
BRD/BTC,1614013420932,2021-02-22T17:03:40.932Z,buy,3.92e-06,944.0,0.00370048
BRD/BTC,1614013426239,2021-02-22T17:03:46.239Z,sell,3.9e-06,37.0,0.00014429999999999998
BRD/BTC,1614013428568,2021-02-22T17:03:48.568Z,sell,3.9e-06,780.0,0.003042
BRD/BTC,1614013429433,2021-02-22T17:03:49.433Z,buy,3.92e-06,1230.0,0.0048216
BRD/BTC,1614013429931,2021-02-22T17:03:49.931Z,sell,3.92e-06,4051.0,0.01587992
BRD/BTC,1614013429931,2021-02-22T17:03:49.931Z,sell,3.91e-06,2640.0,0.010322399999999999
BRD/BTC,1614013431204,2021-02-22T17:03:51.204Z,sell,3.9e-06,3532.0,0.0137748
BRD/BTC,1614013445725,2021-02-22T17:04:05.725Z,buy,3.91e-06,89.0,0.00034799
BRD/BTC,1614013453239,2021-02-22T17:04:13.239Z,sell,3.92e-06,521.0,0.00204232
BRD/BTC,1614013460507,2021-02-22T17:04:20.507Z,buy,3.91e-06,824.0,0.0032218399999999997
BRD/BTC,1614013483047,2021-02-22T17:04:43.047Z,buy,3.94e-06,140.0,0.0005516000000000001
BRD/BTC,1614013489357,2021-02-22T17:04:49.357Z,sell,3.92e-06,662.0,0.00259504
BRD/BTC,1614013493487,2021-02-22T17:04:53.487Z,buy,3.94e-06,321.0,0.00126474
BRD/BTC,1614013497211,2021-02-22T17:04:57.211Z,sell,3.93e-06,1053.0,0.004138289999999999
BRD/BTC,1614013497211,2021-02-22T17:04:57.211Z,sell,3.92e-06,1100.0,0.004312
BRD/BTC,1614013507945,2021-02-22T17:05:07.945Z,buy,3.93e-06,165.0,0.00064845
BRD/BTC,1614013508227,2021-02-22T17:05:08.227Z,sell,3.93e-06,112.0,0.00044016
BRD/BTC,1614013525210,2021-02-22T17:05:25.210Z,buy,3.94e-06,91.0,0.00035854
BRD/BTC,1614013533343,2021-02-22T17:05:33.343Z,sell,3.93e-06,68.0,0.00026723999999999997
BRD/BTC,1614013541131,2021-02-22T17:05:41.131Z,sell,3.91e-06,45570.0,0.1781787
BRD/BTC,1614013541131,2021-02-22T17:05:41.131Z,sell,3.9e-06,7614.0,0.029694599999999998
BRD/BTC,1614013541131,2021-02-22T17:05:41.131Z,sell,3.89e-06,23006.0,0.08949334
BRD/BTC,1614013541131,2021-02-22T17:05:41.131Z,sell,3.88e-06,55387.0,0.21490156000000002
BRD/BTC,1614013541153,2021-02-22T17:05:41.153Z,buy,3.88e-06,13613.0,0.05281844
BRD/BTC,1614013541161,2021-02-22T17:05:41.161Z,buy,3.88e-06,3086.0,0.01197368
BRD/BTC,1614013541161,2021-02-22T17:05:41.161Z,buy,3.88e-06,3709.0,0.01439092
BRD/BTC,1614013548881,2021-02-22T17:05:48.881Z,sell,3.88e-06,3709.0,0.01439092
BRD/BTC,1614013548915,2021-02-22T17:05:48.915Z,sell,3.88e-06,661.0,0.00256468
BRD/BTC,1614013552691,2021-02-22T17:05:52.691Z,buy,3.9e-06,511.0,0.0019929
BRD/BTC,1614013561047,2021-02-22T17:06:01.047Z,sell,3.87e-06,226.0,0.00087462
BRD/BTC,1614013561218,2021-02-22T17:06:01.218Z,sell,3.86e-06,143.0,0.0005519800000000001
BRD/BTC,1614013561240,2021-02-22T17:06:01.240Z,sell,3.85e-06,143.0,0.00055055
BRD/BTC,1614013561268,2021-02-22T17:06:01.268Z,sell,3.86e-06,521.0,0.0020110600000000003
BRD/BTC,1614013561383,2021-02-22T17:06:01.383Z,sell,3.86e-06,1809.0,0.00698274
BRD/BTC,1614013564912,2021-02-22T17:06:04.912Z,sell,3.85e-06,91.0,0.00035035000000000003
BRD/BTC,1614013566099,2021-02-22T17:06:06.099Z,buy,3.86e-06,56.0,0.00021616000000000002
BRD/BTC,1614013566446,2021-02-22T17:06:06.446Z,sell,3.85e-06,813.0,0.0031300500000000005
BRD/BTC,1614013566446,2021-02-22T17:06:06.446Z,sell,3.84e-06,908.0,0.0034867199999999996
BRD/BTC,1614013566446,2021-02-22T17:06:06.446Z,sell,3.83e-06,284.0,0.00108772
BRD/BTC,1614013566446,2021-02-22T17:06:06.446Z,sell,3.82e-06,1460.0,0.0055772
BRD/BTC,1614013566446,2021-02-22T17:06:06.446Z,sell,3.81e-06,2790.0,0.0106299
BRD/BTC,1614013566446,2021-02-22T17:06:06.446Z,sell,3.8e-06,3291.0,0.012505800000000001
BRD/BTC,1614013567526,2021-02-22T17:06:07.526Z,buy,3.84e-06,50.0,0.00019199999999999998
BRD/BTC,1614013567801,2021-02-22T17:06:07.801Z,sell,3.82e-06,78.0,0.00029796
BRD/BTC,1614013567801,2021-02-22T17:06:07.801Z,sell,3.8e-06,365.0,0.001387
BRD/BTC,1614013568714,2021-02-22T17:06:08.714Z,buy,3.82e-06,50.0,0.00019099999999999998
BRD/BTC,1614013568907,2021-02-22T17:06:08.907Z,sell,3.81e-06,29.0,0.00011049
BRD/BTC,1614013569188,2021-02-22T17:06:09.188Z,buy,3.81e-06,78.0,0.00029717999999999997
BRD/BTC,1614013569250,2021-02-22T17:06:09.250Z,sell,3.8e-06,128.0,0.0004864
BRD/BTC,1614013569368,2021-02-22T17:06:09.368Z,buy,3.81e-06,209.0,0.00079629
BRD/BTC,1614013569385,2021-02-22T17:06:09.385Z,sell,3.8e-06,19.0,7.22e-05
BRD/BTC,1614013569424,2021-02-22T17:06:09.424Z,buy,3.8e-06,50.0,0.00019
BRD/BTC,1614013569734,2021-02-22T17:06:09.734Z,buy,3.8e-06,95.0,0.000361
BRD/BTC,1614013569767,2021-02-22T17:06:09.767Z,buy,3.8e-06,27.0,0.0001026
BRD/BTC,1614013569853,2021-02-22T17:06:09.853Z,sell,3.79e-06,193.0,0.00073147
BRD/BTC,1614013570128,2021-02-22T17:06:10.128Z,buy,3.82e-06,50.0,0.00019099999999999998
BRD/BTC,1614013570911,2021-02-22T17:06:10.911Z,buy,3.81e-06,50.0,0.0001905
BRD/BTC,1614013571963,2021-02-22T17:06:11.963Z,buy,3.81e-06,50.0,0.0001905
BRD/BTC,1614013571989,2021-02-22T17:06:11.989Z,buy,3.81e-06,214.0,0.00081534
BRD/BTC,1614013571989,2021-02-22T17:06:11.989Z,buy,3.82e-06,12.0,4.5839999999999995e-05
BRD/BTC,1614013572698,2021-02-22T17:06:12.698Z,buy,3.83e-06,50.0,0.0001915
BRD/BTC,1614013573416,2021-02-22T17:06:13.416Z,buy,3.83e-06,28.0,0.00010724
BRD/BTC,1614013573416,2021-02-22T17:06:13.416Z,buy,3.84e-06,9.0,3.4559999999999994e-05
BRD/BTC,1614013573584,2021-02-22T17:06:13.584Z,buy,3.84e-06,50.0,0.00019199999999999998
BRD/BTC,1614013574104,2021-02-22T17:06:14.104Z,buy,3.84e-06,50.0,0.00019199999999999998
BRD/BTC,1614013574617,2021-02-22T17:06:14.617Z,buy,3.84e-06,50.0,0.00019199999999999998
BRD/BTC,1614013575009,2021-02-22T17:06:15.009Z,buy,3.84e-06,41.0,0.00015743999999999998
BRD/BTC,1614013575265,2021-02-22T17:06:15.265Z,buy,3.84e-06,6073.0,0.02332032
BRD/BTC,1614013575518,2021-02-22T17:06:15.518Z,buy,3.86e-06,50.0,0.00019300000000000003
BRD/BTC,1614013576293,2021-02-22T17:06:16.293Z,buy,3.86e-06,50.0,0.00019300000000000003
BRD/BTC,1614013577015,2021-02-22T17:06:17.015Z,buy,3.86e-06,50.0,0.00019300000000000003
BRD/BTC,1614013580614,2021-02-22T17:06:20.614Z,sell,3.84e-06,710.0,0.0027264
BRD/BTC,1614013582247,2021-02-22T17:06:22.247Z,sell,3.84e-06,31.0,0.00011903999999999999
BRD/BTC,1614013585454,2021-02-22T17:06:25.454Z,sell,3.84e-06,4382.0,0.01682688
BRD/BTC,1614013585695,2021-02-22T17:06:25.695Z,buy,3.84e-06,39.0,0.00014975999999999998
BRD/BTC,1614013594367,2021-02-22T17:06:34.367Z,buy,3.84e-06,740.0,0.0028415999999999997
BRD/BTC,1614013598184,2021-02-22T17:06:38.184Z,buy,3.84e-06,242.0,0.0009292799999999999
BRD/BTC,1614013598886,2021-02-22T17:06:38.886Z,sell,3.82e-06,383.0,0.00146306
BRD/BTC,1614013608149,2021-02-22T17:06:48.149Z,buy,3.84e-06,1540.0,0.0059136
BRD/BTC,1614013611734,2021-02-22T17:06:51.734Z,buy,3.84e-06,8704.0,0.03342336
BRD/BTC,1614013614705,2021-02-22T17:06:54.705Z,buy,3.86e-06,249.0,0.0009611400000000001
BRD/BTC,1614013619025,2021-02-22T17:06:59.025Z,sell,3.84e-06,89.0,0.00034176
BRD/BTC,1614013619375,2021-02-22T17:06:59.375Z,sell,3.82e-06,684.0,0.0026128799999999997
BRD/BTC,1614013619788,2021-02-22T17:06:59.788Z,buy,3.83e-06,408.0,0.00156264
BRD/BTC,1614013622067,2021-02-22T17:07:02.067Z,buy,3.84e-06,524.0,0.00201216
BRD/BTC,1614013650556,2021-02-22T17:07:30.556Z,buy,3.85e-06,2856.0,0.010995600000000001
BRD/BTC,1614013650776,2021-02-22T17:07:30.776Z,buy,3.85e-06,154.0,0.0005929
BRD/BTC,1614013654980,2021-02-22T17:07:34.980Z,sell,3.85e-06,981.0,0.0037768500000000004
BRD/BTC,1614013673771,2021-02-22T17:07:53.771Z,buy,3.86e-06,168.0,0.0006484800000000001
BRD/BTC,1614013680009,2021-02-22T17:08:00.009Z,buy,3.87e-06,1018.0,0.00393966
BRD/BTC,1614013697677,2021-02-22T17:08:17.677Z,sell,3.86e-06,92.0,0.00035512
BRD/BTC,1614013704462,2021-02-22T17:08:24.462Z,buy,3.88e-06,609.0,0.00236292
BRD/BTC,1614013704462,2021-02-22T17:08:24.462Z,buy,3.89e-06,568.0,0.00220952
BRD/BTC,1614013704874,2021-02-22T17:08:24.874Z,buy,3.89e-06,4.0,1.556e-05
BRD/BTC,1614013704874,2021-02-22T17:08:24.874Z,buy,3.9e-06,4.0,1.56e-05
BRD/BTC,1614013735588,2021-02-22T17:08:55.588Z,sell,3.87e-06,62.0,0.00023994
BRD/BTC,1614013752530,2021-02-22T17:09:12.530Z,sell,3.86e-06,190.0,0.0007334
BRD/BTC,1614013752679,2021-02-22T17:09:12.679Z,sell,3.86e-06,190.0,0.0007334
BRD/BTC,1614013752706,2021-02-22T17:09:12.706Z,sell,3.86e-06,190.0,0.0007334
BRD/BTC,1614013752728,2021-02-22T17:09:12.728Z,sell,3.87e-06,190.0,0.0007353
BRD/BTC,1614013815647,2021-02-22T17:10:15.647Z,sell,3.88e-06,60.0,0.00023280000000000002
BRD/BTC,1614013884856,2021-02-22T17:11:24.856Z,buy,3.9e-06,762.0,0.0029718
BRD/BTC,1614013886200,2021-02-22T17:11:26.200Z,buy,3.9e-06,6.0,2.34e-05
BRD/BTC,1614013886212,2021-02-22T17:11:26.212Z,sell,3.9e-06,657.0,0.0025623
BRD/BTC,1614013886213,2021-02-22T17:11:26.213Z,sell,3.9e-06,366.0,0.0014274
BRD/BTC,1614013886797,2021-02-22T17:11:26.797Z,sell,3.89e-06,200.0,0.000778
BRD/BTC,1614013887241,2021-02-22T17:11:27.241Z,sell,3.89e-06,3772.0,0.01467308
BRD/BTC,1614013890730,2021-02-22T17:11:30.730Z,buy,3.9e-06,4629.0,0.0180531
BRD/BTC,1614013890772,2021-02-22T17:11:30.772Z,sell,3.9e-06,402.0,0.0015678
BRD/BTC,1614013891234,2021-02-22T17:11:31.234Z,sell,3.9e-06,202.0,0.0007878
BRD/BTC,1614013891249,2021-02-22T17:11:31.249Z,sell,3.9e-06,1586.0,0.0061854
BRD/BTC,1614013903276,2021-02-22T17:11:43.276Z,sell,3.9e-06,1249.0,0.0048711
BRD/BTC,1614013908477,2021-02-22T17:11:48.477Z,sell,3.9e-06,246.0,0.0009594
BRD/BTC,1614013908514,2021-02-22T17:11:48.514Z,sell,3.9e-06,82.0,0.00031979999999999997
BRD/BTC,1614013908888,2021-02-22T17:11:48.888Z,sell,3.9e-06,1205.0,0.0046995
BRD/BTC,1614013909262,2021-02-22T17:11:49.262Z,buy,3.91e-06,294.0,0.00114954
BRD/BTC,1614013912706,2021-02-22T17:11:52.706Z,sell,3.9e-06,654.0,0.0025506
BRD/BTC,1614013913251,2021-02-22T17:11:53.251Z,sell,3.9e-06,1006.0,0.0039234
BRD/BTC,1614013916895,2021-02-22T17:11:56.895Z,sell,3.9e-06,1353.0,0.0052767
BRD/BTC,1614013920299,2021-02-22T17:12:00.299Z,sell,3.9e-06,1682.0,0.0065598
BRD/BTC,1614013922059,2021-02-22T17:12:02.059Z,sell,3.88e-06,37.0,0.00014356000000000001
BRD/BTC,1614013922824,2021-02-22T17:12:02.824Z,buy,3.9e-06,89.0,0.0003471
BRD/BTC,1614013923255,2021-02-22T17:12:03.255Z,sell,3.9e-06,1692.0,0.0065988
BRD/BTC,1614013927985,2021-02-22T17:12:07.985Z,sell,3.9e-06,433.0,0.0016887
BRD/BTC,1614013928073,2021-02-22T17:12:08.073Z,sell,3.9e-06,1206.0,0.0047034
BRD/BTC,1614013930550,2021-02-22T17:12:10.550Z,buy,3.91e-06,610.0,0.0023851
BRD/BTC,1614013931439,2021-02-22T17:12:11.439Z,sell,3.9e-06,1682.0,0.0065598
BRD/BTC,1614013933365,2021-02-22T17:12:13.365Z,sell,3.9e-06,1663.0,0.0064857
BRD/BTC,1614013933365,2021-02-22T17:12:13.365Z,sell,3.9e-06,1663.0,0.0064857
BRD/BTC,1614013935230,2021-02-22T17:12:15.230Z,sell,3.9e-06,1247.0,0.0048633
BRD/BTC,1614013936425,2021-02-22T17:12:16.425Z,sell,3.9e-06,935.0,0.0036465
BRD/BTC,1614013938216,2021-02-22T17:12:18.216Z,sell,3.9e-06,702.0,0.0027378
BRD/BTC,1614013940251,2021-02-22T17:12:20.251Z,sell,3.9e-06,1052.0,0.0041028
BRD/BTC,1614013941650,2021-02-22T17:12:21.650Z,sell,3.9e-06,1052.0,0.0041028
BRD/BTC,1614013946257,2021-02-22T17:12:26.257Z,sell,3.9e-06,1326.0,0.0051714
BRD/BTC,1614013952138,2021-02-22T17:12:32.138Z,buy,3.91e-06,35.0,0.00013685
BRD/BTC,1614013992291,2021-02-22T17:13:12.291Z,buy,3.91e-06,25.0,9.774999999999999e-05
BRD/BTC,1614014000321,2021-02-22T17:13:20.321Z,sell,3.9e-06,26.0,0.0001014
BRD/BTC,1614014005208,2021-02-22T17:13:25.208Z,sell,3.9e-06,2440.0,0.009516
BRD/BTC,1614014015278,2021-02-22T17:13:35.278Z,sell,3.89e-06,14578.0,0.05670842
BRD/BTC,1614014015570,2021-02-22T17:13:35.570Z,sell,3.89e-06,27546.0,0.10715394
BRD/BTC,1614014025851,2021-02-22T17:13:45.851Z,sell,3.89e-06,677.0,0.00263353
BRD/BTC,1614014036451,2021-02-22T17:13:56.451Z,sell,3.89e-06,65.0,0.00025285
BRD/BTC,1614014098877,2021-02-22T17:14:58.877Z,sell,3.89e-06,495.0,0.00192555
BRD/BTC,1614014113838,2021-02-22T17:15:13.838Z,sell,3.89e-06,78.0,0.00030342
BRD/BTC,1614014145580,2021-02-22T17:15:45.580Z,sell,3.89e-06,3450.0,0.0134205
BRD/BTC,1614014205989,2021-02-22T17:16:45.989Z,buy,3.9e-06,26.0,0.0001014
BRD/BTC,1614014232022,2021-02-22T17:17:12.022Z,sell,3.9e-06,53.0,0.00020669999999999998
BRD/BTC,1614014268640,2021-02-22T17:17:48.640Z,buy,3.91e-06,561.0,0.00219351
BRD/BTC,1614014268640,2021-02-22T17:17:48.640Z,buy,3.92e-06,1067.0,0.00418264
BRD/BTC,1614014268640,2021-02-22T17:17:48.640Z,buy,3.93e-06,1000.0,0.0039299999999999995
BRD/BTC,1614014268640,2021-02-22T17:17:48.640Z,buy,3.94e-06,1626.0,0.00640644
BRD/BTC,1614014268640,2021-02-22T17:17:48.640Z,buy,3.95e-06,713.0,0.00281635
BRD/BTC,1614014286899,2021-02-22T17:18:06.899Z,sell,3.91e-06,242.0,0.00094622
BRD/BTC,1614014294645,2021-02-22T17:18:14.645Z,sell,3.92e-06,1000.0,0.00392
BRD/BTC,1614014311766,2021-02-22T17:18:31.766Z,buy,3.95e-06,1147.0,0.004530650000000001
BRD/BTC,1614014311780,2021-02-22T17:18:31.780Z,sell,3.95e-06,813.0,0.0032113500000000004
BRD/BTC,1614014311804,2021-02-22T17:18:31.804Z,sell,3.95e-06,1239.0,0.0048940500000000005
BRD/BTC,1614014311827,2021-02-22T17:18:31.827Z,sell,3.95e-06,104.0,0.0004108
BRD/BTC,1614014311843,2021-02-22T17:18:31.843Z,sell,3.95e-06,775.0,0.00306125
BRD/BTC,1614014343394,2021-02-22T17:19:03.394Z,sell,3.93e-06,122.0,0.00047945999999999997
BRD/BTC,1614014386924,2021-02-22T17:19:46.924Z,sell,3.93e-06,1752.0,0.006885359999999999
BRD/BTC,1614014422252,2021-02-22T17:20:22.252Z,sell,3.93e-06,84.0,0.00033012
BRD/BTC,1614014422842,2021-02-22T17:20:22.842Z,sell,3.93e-06,425.0,0.0016702499999999999
BRD/BTC,1614014454000,2021-02-22T17:20:54.000Z,sell,3.94e-06,222.0,0.0008746800000000001
BRD/BTC,1614014458060,2021-02-22T17:20:58.060Z,buy,3.95e-06,1473.0,0.005818350000000001
BRD/BTC,1614014461793,2021-02-22T17:21:01.793Z,sell,3.95e-06,108.0,0.0004266
BRD/BTC,1614014471539,2021-02-22T17:21:11.539Z,sell,3.95e-06,80.0,0.00031600000000000004
BRD/BTC,1614014490699,2021-02-22T17:21:30.699Z,sell,3.95e-06,47070.0,0.18592650000000002
BRD/BTC,1614014493463,2021-02-22T17:21:33.463Z,buy,3.95e-06,764.0,0.0030178
BRD/BTC,1614014529287,2021-02-22T17:22:09.287Z,buy,3.95e-06,328.0,0.0012956
BRD/BTC,1614014531144,2021-02-22T17:22:11.144Z,sell,3.93e-06,8382.0,0.03294126
BRD/BTC,1614014544323,2021-02-22T17:22:24.323Z,sell,3.93e-06,259.0,0.00101787
BRD/BTC,1614014549185,2021-02-22T17:22:29.185Z,sell,3.93e-06,988.0,0.00388284
BRD/BTC,1614014619765,2021-02-22T17:23:39.765Z,sell,3.93e-06,751.0,0.0029514299999999997
BRD/BTC,1614014684391,2021-02-22T17:24:44.391Z,sell,3.94e-06,162.0,0.0006382800000000001
BRD/BTC,1614014684391,2021-02-22T17:24:44.391Z,sell,3.93e-06,673.0,0.0026448899999999996
BRD/BTC,1614014770248,2021-02-22T17:26:10.248Z,buy,3.95e-06,332.0,0.0013114000000000001
BRD/BTC,1614014828304,2021-02-22T17:27:08.304Z,sell,3.93e-06,3132.0,0.012308759999999998
BRD/BTC,1614014850889,2021-02-22T17:27:30.889Z,sell,3.93e-06,1558.0,0.0061229399999999995
BRD/BTC,1614014923451,2021-02-22T17:28:43.451Z,sell,3.94e-06,977.0,0.0038493800000000003
BRD/BTC,1614014935455,2021-02-22T17:28:55.455Z,sell,3.94e-06,977.0,0.0038493800000000003
BRD/BTC,1614014946797,2021-02-22T17:29:06.797Z,sell,3.94e-06,1928.0,0.007596320000000001
BRD/BTC,1614014968872,2021-02-22T17:29:28.872Z,sell,3.94e-06,1928.0,0.007596320000000001
BRD/BTC,1614014978584,2021-02-22T17:29:38.584Z,sell,3.94e-06,1928.0,0.007596320000000001
BRD/BTC,1614014989565,2021-02-22T17:29:49.565Z,sell,3.94e-06,1928.0,0.007596320000000001
BRD/BTC,1614015002458,2021-02-22T17:30:02.458Z,sell,3.94e-06,1802.0,0.007099880000000001
BRD/BTC,1614015048846,2021-02-22T17:30:48.846Z,sell,3.94e-06,1676.0,0.00660344
BRD/BTC,1614015068652,2021-02-22T17:31:08.652Z,sell,3.94e-06,671.0,0.0026437400000000003
BRD/BTC,1614015077116,2021-02-22T17:31:17.116Z,sell,3.94e-06,449.0,0.0017690600000000003
BRD/BTC,1614015080641,2021-02-22T17:31:20.641Z,sell,3.94e-06,511.0,0.00201334
BRD/BTC,1614015138147,2021-02-22T17:32:18.147Z,sell,3.94e-06,73.0,0.00028762000000000004
BRD/BTC,1614015141299,2021-02-22T17:32:21.299Z,buy,3.95e-06,227.0,0.00089665
BRD/BTC,1614015189318,2021-02-22T17:33:09.318Z,sell,3.94e-06,10484.0,0.041306960000000004
BRD/BTC,1614015214280,2021-02-22T17:33:34.280Z,sell,3.94e-06,239.0,0.0009416600000000001
BRD/BTC,1614015277206,2021-02-22T17:34:37.206Z,sell,3.94e-06,1312.0,0.005169280000000001
BRD/BTC,1614015347322,2021-02-22T17:35:47.322Z,sell,3.94e-06,4261.0,0.016788340000000002
BRD/BTC,1614015353982,2021-02-22T17:35:53.982Z,buy,3.95e-06,40.0,0.00015800000000000002
BRD/BTC,1614015387499,2021-02-22T17:36:27.499Z,buy,3.95e-06,3960.0,0.015642
BRD/BTC,1614015463410,2021-02-22T17:37:43.410Z,buy,3.96e-06,505.0,0.0019998
BRD/BTC,1614015524727,2021-02-22T17:38:44.727Z,buy,3.96e-06,106.0,0.00041976000000000003
BRD/BTC,1614015629445,2021-02-22T17:40:29.445Z,buy,3.96e-06,650.0,0.0025740000000000003
BRD/BTC,1614015635704,2021-02-22T17:40:35.704Z,sell,3.95e-06,665.0,0.00262675
BRD/BTC,1614015637295,2021-02-22T17:40:37.295Z,sell,3.94e-06,1181.0,0.00465314
BRD/BTC,1614015672647,2021-02-22T17:41:12.647Z,sell,3.94e-06,57.0,0.00022458000000000002
BRD/BTC,1614015674810,2021-02-22T17:41:14.810Z,buy,3.95e-06,31.0,0.00012245000000000002
BRD/BTC,1614015676406,2021-02-22T17:41:16.406Z,buy,3.95e-06,33.0,0.00013035
BRD/BTC,1614015726053,2021-02-22T17:42:06.053Z,buy,3.95e-06,216.0,0.0008532
BRD/BTC,1614015726673,2021-02-22T17:42:06.673Z,sell,3.94e-06,450.0,0.0017730000000000003
BRD/BTC,1614015726673,2021-02-22T17:42:06.673Z,sell,3.93e-06,145.0,0.00056985
BRD/BTC,1614015763744,2021-02-22T17:42:43.744Z,sell,3.93e-06,9066.0,0.035629379999999995
BRD/BTC,1614015975548,2021-02-22T17:46:15.548Z,sell,3.94e-06,26.0,0.00010244000000000002
BRD/BTC,1614015975548,2021-02-22T17:46:15.548Z,sell,3.92e-06,15.0,5.879999999999999e-05
BRD/BTC,1614015975548,2021-02-22T17:46:15.548Z,sell,3.92e-06,2844.0,0.011148479999999999
BRD/BTC,1614016059912,2021-02-22T17:47:39.912Z,buy,3.94e-06,1426.0,0.005618440000000001
BRD/BTC,1614016220070,2021-02-22T17:50:20.070Z,buy,3.94e-06,273.0,0.00107562
BRD/BTC,1614016294236,2021-02-22T17:51:34.236Z,buy,3.94e-06,307.0,0.00120958
BRD/BTC,1614016317346,2021-02-22T17:51:57.346Z,buy,3.94e-06,506.0,0.00199364
BRD/BTC,1614016325583,2021-02-22T17:52:05.583Z,buy,3.94e-06,3280.0,0.012923200000000001
BRD/BTC,1614016325583,2021-02-22T17:52:05.583Z,buy,3.95e-06,1791.0,0.00707445
BRD/BTC,1614016325583,2021-02-22T17:52:05.583Z,buy,3.95e-06,28.0,0.0001106
BRD/BTC,1614016343610,2021-02-22T17:52:23.610Z,sell,3.92e-06,1426.0,0.00558992
BRD/BTC,1614016343610,2021-02-22T17:52:23.610Z,sell,3.91e-06,3537.0,0.013829669999999999
BRD/BTC,1614016346312,2021-02-22T17:52:26.312Z,sell,3.92e-06,211.0,0.00082712
BRD/BTC,1614016374218,2021-02-22T17:52:54.218Z,sell,3.93e-06,1473.0,0.00578889
BRD/BTC,1614016374218,2021-02-22T17:52:54.218Z,sell,3.91e-06,30254.0,0.11829313999999999
BRD/BTC,1614016664503,2021-02-22T17:57:44.503Z,sell,3.91e-06,198.0,0.00077418
BRD/BTC,1614016782808,2021-02-22T17:59:42.808Z,sell,3.91e-06,5004.0,0.01956564
BRD/BTC,1614016782808,2021-02-22T17:59:42.808Z,sell,3.9e-06,44120.0,0.172068
BRD/BTC,1614016782818,2021-02-22T17:59:42.818Z,buy,3.9e-06,395.0,0.0015405
BRD/BTC,1614016782828,2021-02-22T17:59:42.828Z,buy,3.9e-06,394.0,0.0015366
BRD/BTC,1614016782869,2021-02-22T17:59:42.869Z,buy,3.9e-06,383.0,0.0014937
BRD/BTC,1614016782900,2021-02-22T17:59:42.900Z,buy,3.9e-06,329.0,0.0012831
BRD/BTC,1614016782917,2021-02-22T17:59:42.917Z,buy,3.9e-06,871.0,0.0033969
BRD/BTC,1614016785337,2021-02-22T17:59:45.337Z,sell,3.91e-06,251.0,0.00098141
BRD/BTC,1614016819744,2021-02-22T18:00:19.744Z,buy,3.92e-06,8.0,3.136e-05
BRD/BTC,1614016896480,2021-02-22T18:01:36.480Z,sell,3.89e-06,534.0,0.00207726
BRD/BTC,1614016976027,2021-02-22T18:02:56.027Z,buy,3.91e-06,29.0,0.00011339
BRD/BTC,1614016976027,2021-02-22T18:02:56.027Z,buy,3.92e-06,119.0,0.00046647999999999997
BRD/BTC,1614017102612,2021-02-22T18:05:02.612Z,sell,3.89e-06,3640.0,0.0141596
BRD/BTC,1614017146783,2021-02-22T18:05:46.783Z,sell,3.89e-06,4737.0,0.01842693
BRD/BTC,1614017146783,2021-02-22T18:05:46.783Z,sell,3.88e-06,702.0,0.00272376
BRD/BTC,1614017184124,2021-02-22T18:06:24.124Z,sell,3.88e-06,1.0,3.88e-06
BRD/BTC,1614017184138,2021-02-22T18:06:24.138Z,buy,3.88e-06,556.0,0.00215728
BRD/BTC,1614017235049,2021-02-22T18:07:15.049Z,buy,3.88e-06,115.0,0.0004462
BRD/BTC,1614017272536,2021-02-22T18:07:52.536Z,sell,3.87e-06,1931.0,0.007472970000000001
BRD/BTC,1614017272536,2021-02-22T18:07:52.536Z,sell,3.86e-06,1025.0,0.0039565
BRD/BTC,1614017272536,2021-02-22T18:07:52.536Z,sell,3.85e-06,2296.0,0.008839600000000001
BRD/BTC,1614017272536,2021-02-22T18:07:52.536Z,sell,3.84e-06,168.0,0.0006451199999999999
BRD/BTC,1614017272536,2021-02-22T18:07:52.536Z,sell,3.83e-06,15146.0,0.058009179999999994
BRD/BTC,1614017272536,2021-02-22T18:07:52.536Z,sell,3.82e-06,1047.0,0.00399954
BRD/BTC,1614017272536,2021-02-22T18:07:52.536Z,sell,3.81e-06,47146.0,0.17962626
BRD/BTC,1614017294269,2021-02-22T18:08:14.269Z,buy,3.83e-06,26.0,9.957999999999999e-05
BRD/BTC,1614017297083,2021-02-22T18:08:17.083Z,buy,3.83e-06,382.0,0.00146306
BRD/BTC,1614017297083,2021-02-22T18:08:17.083Z,buy,3.84e-06,61.0,0.00023423999999999998
BRD/BTC,1614017307492,2021-02-22T18:08:27.492Z,sell,3.82e-06,446.0,0.00170372
BRD/BTC,1614017307492,2021-02-22T18:08:27.492Z,sell,3.81e-06,14034.0,0.053469539999999996
BRD/BTC,1614017307492,2021-02-22T18:08:27.492Z,sell,3.8e-06,5728.0,0.0217664
BRD/BTC,1614017338547,2021-02-22T18:08:58.547Z,sell,3.81e-06,408.0,0.00155448
BRD/BTC,1614017338547,2021-02-22T18:08:58.547Z,sell,3.8e-06,20147.0,0.0765586
BRD/BTC,1614017340153,2021-02-22T18:09:00.153Z,buy,3.84e-06,94.0,0.00036095999999999996
BRD/BTC,1614017374772,2021-02-22T18:09:34.772Z,sell,3.81e-06,55807.0,0.21262467
BRD/BTC,1614017374772,2021-02-22T18:09:34.772Z,sell,3.8e-06,57165.0,0.217227
BRD/BTC,1614017407177,2021-02-22T18:10:07.177Z,buy,3.83e-06,394.0,0.0015090199999999998
BRD/BTC,1614017416149,2021-02-22T18:10:16.149Z,sell,3.81e-06,294.0,0.00112014
BRD/BTC,1614017467952,2021-02-22T18:11:07.952Z,buy,3.83e-06,65.0,0.00024895
BRD/BTC,1614017467952,2021-02-22T18:11:07.952Z,buy,3.83e-06,65.0,0.00024895
BRD/BTC,1614017592169,2021-02-22T18:13:12.169Z,sell,3.81e-06,312.0,0.0011887199999999999
BRD/BTC,1614017642629,2021-02-22T18:14:02.629Z,sell,3.81e-06,197.0,0.00075057
BRD/BTC,1614017867209,2021-02-22T18:17:47.209Z,sell,3.81e-06,128.0,0.00048768
BRD/BTC,1614018350967,2021-02-22T18:25:50.967Z,buy,3.83e-06,85.0,0.00032554999999999997
BRD/BTC,1614018371211,2021-02-22T18:26:11.211Z,buy,3.83e-06,75.0,0.00028724999999999996
BRD/BTC,1614018674085,2021-02-22T18:31:14.085Z,buy,3.84e-06,169.0,0.00064896
BRD/BTC,1614018711706,2021-02-22T18:31:51.706Z,buy,3.84e-06,215.0,0.0008255999999999999
BRD/BTC,1614018796324,2021-02-22T18:33:16.324Z,buy,3.84e-06,116.0,0.00044543999999999996
BRD/BTC,1614018846698,2021-02-22T18:34:06.698Z,buy,3.86e-06,47.0,0.00018142
BRD/BTC,1614019413137,2021-02-22T18:43:33.137Z,buy,3.86e-06,214.0,0.0008260400000000001
BRD/BTC,1614019426448,2021-02-22T18:43:46.448Z,sell,3.84e-06,33.0,0.00012671999999999998
BRD/BTC,1614019448564,2021-02-22T18:44:08.564Z,sell,3.85e-06,26.0,0.00010010000000000001
BRD/BTC,1614019448882,2021-02-22T18:44:08.882Z,buy,3.86e-06,4543.0,0.017535980000000003
BRD/BTC,1614019555621,2021-02-22T18:45:55.621Z,sell,3.86e-06,1485.0,0.0057321
BRD/BTC,1614019555633,2021-02-22T18:45:55.633Z,sell,3.84e-06,156.0,0.0005990399999999999
BRD/BTC,1614019713205,2021-02-22T18:48:33.205Z,sell,3.84e-06,100.0,0.00038399999999999996
BRD/BTC,1614019745594,2021-02-22T18:49:05.594Z,buy,3.86e-06,546.0,0.00210756
BRD/BTC,1614019812218,2021-02-22T18:50:12.218Z,sell,3.84e-06,1455.0,0.0055872
BRD/BTC,1614019838084,2021-02-22T18:50:38.084Z,sell,3.84e-06,96.0,0.00036863999999999994
BRD/BTC,1614019870337,2021-02-22T18:51:10.337Z,buy,3.85e-06,591.0,0.00227535
BRD/BTC,1614019927212,2021-02-22T18:52:07.212Z,sell,3.84e-06,207.0,0.00079488
BRD/BTC,1614019927212,2021-02-22T18:52:07.212Z,sell,3.82e-06,2487.0,0.00950034
BRD/BTC,1614019927231,2021-02-22T18:52:07.231Z,buy,3.82e-06,1908.0,0.0072885599999999995
BRD/BTC,1614019927269,2021-02-22T18:52:07.269Z,buy,3.82e-06,8045.0,0.0307319
BRD/BTC,1614019951376,2021-02-22T18:52:31.376Z,sell,3.81e-06,1393.0,0.00530733
BRD/BTC,1614019951376,2021-02-22T18:52:31.376Z,sell,3.8e-06,10739.0,0.0408082
BRD/BTC,1614019951392,2021-02-22T18:52:31.392Z,buy,3.8e-06,3151.0,0.0119738
BRD/BTC,1614019951408,2021-02-22T18:52:31.408Z,buy,3.8e-06,1445.0,0.005491
BRD/BTC,1614019951874,2021-02-22T18:52:31.874Z,buy,3.8e-06,50.0,0.00019
BRD/BTC,1614019952339,2021-02-22T18:52:32.339Z,buy,3.8e-06,50.0,0.00019
BRD/BTC,1614019952821,2021-02-22T18:52:32.821Z,buy,3.8e-06,50.0,0.00019
BRD/BTC,1614019953289,2021-02-22T18:52:33.289Z,buy,3.8e-06,50.0,0.00019
BRD/BTC,1614019966635,2021-02-22T18:52:46.635Z,sell,3.81e-06,195.0,0.00074295
BRD/BTC,1614019966635,2021-02-22T18:52:46.635Z,sell,3.79e-06,37.0,0.00014023
BRD/BTC,1614019966635,2021-02-22T18:52:46.635Z,sell,3.78e-06,36499.0,0.13796622
BRD/BTC,1614019966647,2021-02-22T18:52:46.647Z,buy,3.78e-06,313.0,0.0011831399999999998
BRD/BTC,1614019966659,2021-02-22T18:52:46.659Z,buy,3.78e-06,208.0,0.00078624
BRD/BTC,1614019966666,2021-02-22T18:52:46.666Z,buy,3.78e-06,1835.0,0.006936299999999999
BRD/BTC,1614019966668,2021-02-22T18:52:46.668Z,buy,3.78e-06,1835.0,0.006936299999999999
BRD/BTC,1614019966674,2021-02-22T18:52:46.674Z,buy,3.78e-06,195.0,0.0007371
BRD/BTC,1614019969313,2021-02-22T18:52:49.313Z,buy,3.78e-06,1935.0,0.007314299999999999
BRD/BTC,1614019978954,2021-02-22T18:52:58.954Z,buy,3.78e-06,806.0,0.00304668
BRD/BTC,1614019979664,2021-02-22T18:52:59.664Z,buy,3.78e-06,110.0,0.00041579999999999997
BRD/BTC,1614019979876,2021-02-22T18:52:59.876Z,buy,3.78e-06,298.0,0.00112644
BRD/BTC,1614020000344,2021-02-22T18:53:20.344Z,sell,3.77e-06,1009.0,0.00380393
BRD/BTC,1614020000344,2021-02-22T18:53:20.344Z,sell,3.76e-06,1168.0,0.00439168
BRD/BTC,1614020000353,2021-02-22T18:53:20.353Z,buy,3.77e-06,695.0,0.00262015
BRD/BTC,1614020000370,2021-02-22T18:53:20.370Z,buy,3.77e-06,694.0,0.0026163799999999997
BRD/BTC,1614020001523,2021-02-22T18:53:21.523Z,buy,3.77e-06,50.0,0.0001885
BRD/BTC,1614020002063,2021-02-22T18:53:22.063Z,buy,3.77e-06,50.0,0.0001885
BRD/BTC,1614020002184,2021-02-22T18:53:22.184Z,buy,3.77e-06,166.0,0.00062582
BRD/BTC,1614020002506,2021-02-22T18:53:22.506Z,sell,3.77e-06,443.0,0.00167011
BRD/BTC,1614020002648,2021-02-22T18:53:22.648Z,buy,3.78e-06,50.0,0.00018899999999999999
BRD/BTC,1614020003163,2021-02-22T18:53:23.163Z,buy,3.78e-06,50.0,0.00018899999999999999
BRD/BTC,1614020004060,2021-02-22T18:53:24.060Z,buy,3.78e-06,50.0,0.00018899999999999999
BRD/BTC,1614020004526,2021-02-22T18:53:24.526Z,buy,3.78e-06,50.0,0.00018899999999999999
BRD/BTC,1614020005004,2021-02-22T18:53:25.004Z,buy,3.78e-06,50.0,0.00018899999999999999
BRD/BTC,1614020005261,2021-02-22T18:53:25.261Z,buy,3.78e-06,37.0,0.00013986
BRD/BTC,1614020005471,2021-02-22T18:53:25.471Z,buy,3.78e-06,50.0,0.00018899999999999999
BRD/BTC,1614020005947,2021-02-22T18:53:25.947Z,buy,3.78e-06,50.0,0.00018899999999999999
BRD/BTC,1614020006424,2021-02-22T18:53:26.424Z,buy,3.78e-06,50.0,0.00018899999999999999
BRD/BTC,1614020006893,2021-02-22T18:53:26.893Z,buy,3.78e-06,50.0,0.00018899999999999999
BRD/BTC,1614020007991,2021-02-22T18:53:27.991Z,buy,3.78e-06,50.0,0.00018899999999999999
BRD/BTC,1614020008512,2021-02-22T18:53:28.512Z,buy,3.77e-06,50.0,0.0001885
BRD/BTC,1614020009144,2021-02-22T18:53:29.144Z,buy,3.77e-06,50.0,0.0001885
BRD/BTC,1614020009612,2021-02-22T18:53:29.612Z,buy,3.77e-06,50.0,0.0001885
BRD/BTC,1614020010091,2021-02-22T18:53:30.091Z,buy,3.77e-06,50.0,0.0001885
BRD/BTC,1614020010563,2021-02-22T18:53:30.563Z,buy,3.77e-06,50.0,0.0001885
BRD/BTC,1614020011031,2021-02-22T18:53:31.031Z,buy,3.77e-06,50.0,0.0001885
BRD/BTC,1614020011510,2021-02-22T18:53:31.510Z,buy,3.77e-06,50.0,0.0001885
BRD/BTC,1614020011987,2021-02-22T18:53:31.987Z,buy,3.77e-06,50.0,0.0001885
BRD/BTC,1614020012452,2021-02-22T18:53:32.452Z,buy,3.77e-06,50.0,0.0001885
BRD/BTC,1614020012921,2021-02-22T18:53:32.921Z,buy,3.77e-06,50.0,0.0001885
BRD/BTC,1614020013427,2021-02-22T18:53:33.427Z,buy,3.77e-06,50.0,0.0001885
BRD/BTC,1614020013902,2021-02-22T18:53:33.902Z,buy,3.77e-06,50.0,0.0001885
BRD/BTC,1614020014386,2021-02-22T18:53:34.386Z,buy,3.77e-06,50.0,0.0001885
BRD/BTC,1614020014855,2021-02-22T18:53:34.855Z,buy,3.77e-06,50.0,0.0001885
BRD/BTC,1614020022550,2021-02-22T18:53:42.550Z,sell,3.76e-06,549.0,0.00206424
BRD/BTC,1614020025563,2021-02-22T18:53:45.563Z,buy,3.77e-06,20599.0,0.07765823
BRD/BTC,1614020108063,2021-02-22T18:55:08.063Z,buy,3.78e-06,111.0,0.00041957999999999996
BRD/BTC,1614020108111,2021-02-22T18:55:08.111Z,buy,3.78e-06,80.0,0.0003024
BRD/BTC,1614020333493,2021-02-22T18:58:53.493Z,buy,3.78e-06,802.0,0.00303156
BRD/BTC,1614020340487,2021-02-22T18:59:00.487Z,buy,3.78e-06,374.0,0.0014137199999999998
BRD/BTC,1614020416770,2021-02-22T19:00:16.770Z,buy,3.79e-06,2454.0,0.00930066
BRD/BTC,1614020527894,2021-02-22T19:02:07.894Z,sell,3.79e-06,146.0,0.00055334
BRD/BTC,1614020614184,2021-02-22T19:03:34.184Z,buy,3.8e-06,62.0,0.0002356
BRD/BTC,1614020702212,2021-02-22T19:05:02.212Z,buy,3.8e-06,142.0,0.0005396
BRD/BTC,1614020875240,2021-02-22T19:07:55.240Z,buy,3.8e-06,165.0,0.000627
BRD/BTC,1614020951549,2021-02-22T19:09:11.549Z,sell,3.79e-06,166.0,0.00062914
BRD/BTC,1614020981339,2021-02-22T19:09:41.339Z,sell,3.79e-06,164.0,0.0006215600000000001
BRD/BTC,1614020981339,2021-02-22T19:09:41.339Z,sell,3.79e-06,164.0,0.0006215600000000001
BRD/BTC,1614021185228,2021-02-22T19:13:05.228Z,sell,3.79e-06,1161.0,0.00440019
BRD/BTC,1614021213628,2021-02-22T19:13:33.628Z,buy,3.8e-06,528.0,0.0020064
BRD/BTC,1614021241277,2021-02-22T19:14:01.277Z,sell,3.78e-06,67.0,0.00025326
BRD/BTC,1614021365095,2021-02-22T19:16:05.095Z,buy,3.8e-06,26.0,9.88e-05
BRD/BTC,1614021396388,2021-02-22T19:16:36.388Z,buy,3.8e-06,26.0,9.88e-05
BRD/BTC,1614021401511,2021-02-22T19:16:41.511Z,sell,3.78e-06,52.0,0.00019656
BRD/BTC,1614021427398,2021-02-22T19:17:07.398Z,buy,3.8e-06,47.0,0.0001786
BRD/BTC,1614021506641,2021-02-22T19:18:26.641Z,sell,3.78e-06,2273.0,0.00859194
BRD/BTC,1614021547985,2021-02-22T19:19:07.985Z,sell,3.78e-06,160.0,0.0006048
BRD/BTC,1614021759708,2021-02-22T19:22:39.708Z,sell,3.78e-06,113.0,0.00042713999999999995
BRD/BTC,1614021777852,2021-02-22T19:22:57.852Z,sell,3.78e-06,244.0,0.0009223199999999999
BRD/BTC,1614021848993,2021-02-22T19:24:08.993Z,sell,3.78e-06,12064.0,0.04560192
BRD/BTC,1614021875049,2021-02-22T19:24:35.049Z,buy,3.79e-06,317.0,0.00120143
BRD/BTC,1614021875147,2021-02-22T19:24:35.147Z,buy,3.79e-06,264.0,0.00100056
BRD/BTC,1614021875161,2021-02-22T19:24:35.161Z,buy,3.79e-06,119.0,0.00045101
BRD/BTC,1614021875315,2021-02-22T19:24:35.315Z,buy,3.79e-06,132.0,0.00050028
BRD/BTC,1614021875344,2021-02-22T19:24:35.344Z,buy,3.79e-06,27.0,0.00010233
BRD/BTC,1614021875472,2021-02-22T19:24:35.472Z,buy,3.79e-06,27.0,0.00010233
BRD/BTC,1614021875495,2021-02-22T19:24:35.495Z,buy,3.79e-06,40.0,0.0001516
BRD/BTC,1614021875527,2021-02-22T19:24:35.527Z,buy,3.79e-06,264.0,0.00100056
BRD/BTC,1614021875527,2021-02-22T19:24:35.527Z,buy,3.8e-06,263.0,0.0009994000000000001
BRD/BTC,1614021875700,2021-02-22T19:24:35.700Z,buy,3.8e-06,264.0,0.0010032
BRD/BTC,1614021875828,2021-02-22T19:24:35.828Z,buy,3.8e-06,27.0,0.0001026
BRD/BTC,1614021876007,2021-02-22T19:24:36.007Z,buy,3.8e-06,27.0,0.0001026
BRD/BTC,1614021876488,2021-02-22T19:24:36.488Z,buy,3.8e-06,53.0,0.0002014
BRD/BTC,1614021876552,2021-02-22T19:24:36.552Z,buy,3.8e-06,32.0,0.0001216
BRD/BTC,1614021877077,2021-02-22T19:24:37.077Z,buy,3.8e-06,237.0,0.0009006
BRD/BTC,1614021877107,2021-02-22T19:24:37.107Z,buy,3.8e-06,27.0,0.0001026
BRD/BTC,1614021877618,2021-02-22T19:24:37.618Z,buy,3.8e-06,27.0,0.0001026
BRD/BTC,1614021877639,2021-02-22T19:24:37.639Z,sell,3.8e-06,52.0,0.0001976
BRD/BTC,1614021877656,2021-02-22T19:24:37.656Z,buy,3.81e-06,79.0,0.00030099
BRD/BTC,1614021887997,2021-02-22T19:24:47.997Z,buy,3.81e-06,114.0,0.00043434
BRD/BTC,1614021888575,2021-02-22T19:24:48.575Z,buy,3.81e-06,296.0,0.00112776
BRD/BTC,1614021888831,2021-02-22T19:24:48.831Z,buy,3.81e-06,1000.0,0.00381
BRD/BTC,1614021888831,2021-02-22T19:24:48.831Z,buy,3.82e-06,157.0,0.00059974
BRD/BTC,1614021892729,2021-02-22T19:24:52.729Z,buy,3.81e-06,276.0,0.00105156
BRD/BTC,1614021892736,2021-02-22T19:24:52.736Z,buy,3.81e-06,234.0,0.00089154
BRD/BTC,1614021894006,2021-02-22T19:24:54.006Z,buy,3.81e-06,229.0,0.00087249
BRD/BTC,1614021896158,2021-02-22T19:24:56.158Z,buy,3.82e-06,52.0,0.00019863999999999998
BRD/BTC,1614021898786,2021-02-22T19:24:58.786Z,buy,3.82e-06,36.0,0.00013752
BRD/BTC,1614021908787,2021-02-22T19:25:08.787Z,sell,3.81e-06,27.0,0.00010287
BRD/BTC,1614021909368,2021-02-22T19:25:09.368Z,sell,3.81e-06,27.0,0.00010287
BRD/BTC,1614021909439,2021-02-22T19:25:09.439Z,sell,3.81e-06,27.0,0.00010287
BRD/BTC,1614021909611,2021-02-22T19:25:09.611Z,sell,3.81e-06,79.0,0.00030099
BRD/BTC,1614021914278,2021-02-22T19:25:14.278Z,buy,3.82e-06,53.0,0.00020245999999999998
BRD/BTC,1614021914842,2021-02-22T19:25:14.842Z,buy,3.82e-06,315.0,0.0012033
BRD/BTC,1614021915391,2021-02-22T19:25:15.391Z,sell,3.81e-06,27.0,0.00010287
BRD/BTC,1614021923375,2021-02-22T19:25:23.375Z,buy,3.82e-06,27.0,0.00010313999999999999
BRD/BTC,1614021926586,2021-02-22T19:25:26.586Z,buy,3.82e-06,262.0,0.00100084
BRD/BTC,1614021928097,2021-02-22T19:25:28.097Z,buy,3.82e-06,917.0,0.00350294
BRD/BTC,1614021929881,2021-02-22T19:25:29.881Z,sell,3.79e-06,27.0,0.00010233
BRD/BTC,1614022271838,2021-02-22T19:31:11.838Z,sell,3.8e-06,488.0,0.0018544
BRD/BTC,1614022327525,2021-02-22T19:32:07.525Z,sell,3.8e-06,196.0,0.0007448
BRD/BTC,1614022365552,2021-02-22T19:32:45.552Z,sell,3.79e-06,2447.0,0.00927413
BRD/BTC,1614022365552,2021-02-22T19:32:45.552Z,sell,3.78e-06,7650.0,0.028916999999999998
BRD/BTC,1614022369643,2021-02-22T19:32:49.643Z,sell,3.78e-06,661.0,0.00249858
BRD/BTC,1614022440645,2021-02-22T19:34:00.645Z,buy,3.8e-06,657.0,0.0024966
BRD/BTC,1614022444522,2021-02-22T19:34:04.522Z,sell,3.79e-06,662.0,0.00250898
BRD/BTC,1614022529370,2021-02-22T19:35:29.370Z,buy,3.82e-06,29.0,0.00011077999999999999
BRD/BTC,1614022603540,2021-02-22T19:36:43.540Z,sell,3.8e-06,1174.0,0.0044612
BRD/BTC,1614022649724,2021-02-22T19:37:29.724Z,buy,3.82e-06,655.0,0.0025020999999999997
BRD/BTC,1614022649724,2021-02-22T19:37:29.724Z,buy,3.83e-06,935.0,0.0035810499999999997
BRD/BTC,1614022649724,2021-02-22T19:37:29.724Z,buy,3.84e-06,1209.0,0.00464256
BRD/BTC,1614022710077,2021-02-22T19:38:30.077Z,buy,3.84e-06,1103.0,0.0042355199999999996
BRD/BTC,1614022720911,2021-02-22T19:38:40.911Z,buy,3.84e-06,192.0,0.0007372799999999999
BRD/BTC,1614022724866,2021-02-22T19:38:44.866Z,sell,3.84e-06,40.0,0.0001536
BRD/BTC,1614022724892,2021-02-22T19:38:44.892Z,sell,3.84e-06,118.0,0.00045311999999999994
BRD/BTC,1614022724901,2021-02-22T19:38:44.901Z,sell,3.84e-06,132.0,0.0005068799999999999
BRD/BTC,1614022754429,2021-02-22T19:39:14.429Z,sell,3.82e-06,27.0,0.00010313999999999999
BRD/BTC,1614022815210,2021-02-22T19:40:15.210Z,sell,3.82e-06,179.0,0.0006837799999999999
BRD/BTC,1614022825002,2021-02-22T19:40:25.002Z,sell,3.82e-06,68.0,0.00025976
BRD/BTC,1614022908329,2021-02-22T19:41:48.329Z,sell,3.82e-06,481.0,0.00183742
BRD/BTC,1614023042777,2021-02-22T19:44:02.777Z,sell,3.82e-06,2878.0,0.010993959999999999
BRD/BTC,1614023065777,2021-02-22T19:44:25.777Z,sell,3.81e-06,965.0,0.00367665
BRD/BTC,1614023075735,2021-02-22T19:44:35.735Z,sell,3.82e-06,753.0,0.00287646
BRD/BTC,1614023108368,2021-02-22T19:45:08.368Z,buy,3.83e-06,8.0,3.064e-05
BRD/BTC,1614023146655,2021-02-22T19:45:46.655Z,buy,3.83e-06,1221.0,0.00467643
BRD/BTC,1614023168004,2021-02-22T19:46:08.004Z,sell,3.83e-06,27.0,0.00010340999999999999
BRD/BTC,1614023169206,2021-02-22T19:46:09.206Z,buy,3.84e-06,583.0,0.0022387199999999996
BRD/BTC,1614023209884,2021-02-22T19:46:49.884Z,buy,3.85e-06,460.0,0.0017710000000000002
BRD/BTC,1614023224515,2021-02-22T19:47:04.515Z,buy,3.85e-06,853.0,0.00328405
BRD/BTC,1614023266312,2021-02-22T19:47:46.312Z,buy,3.85e-06,853.0,0.00328405
BRD/BTC,1614023266441,2021-02-22T19:47:46.441Z,buy,3.85e-06,172.0,0.0006622
BRD/BTC,1614023267390,2021-02-22T19:47:47.390Z,sell,3.84e-06,975.0,0.0037439999999999995
BRD/BTC,1614023267390,2021-02-22T19:47:47.390Z,sell,3.83e-06,690.0,0.0026427
BRD/BTC,1614023460749,2021-02-22T19:51:00.749Z,buy,3.85e-06,44.0,0.00016940000000000002
BRD/BTC,1614023479582,2021-02-22T19:51:19.582Z,buy,3.85e-06,1836.0,0.0070686
BRD/BTC,1614023488475,2021-02-22T19:51:28.475Z,sell,3.85e-06,79.0,0.00030415000000000005
BRD/BTC,1614023488490,2021-02-22T19:51:28.490Z,sell,3.85e-06,316.0,0.0012166000000000002
BRD/BTC,1614023488564,2021-02-22T19:51:28.564Z,sell,3.85e-06,3.0,1.1550000000000001e-05
BRD/BTC,1614023488564,2021-02-22T19:51:28.564Z,sell,3.84e-06,24.0,9.215999999999998e-05
BRD/BTC,1614023500310,2021-02-22T19:51:40.310Z,sell,3.83e-06,37.0,0.00014171
BRD/BTC,1614023502367,2021-02-22T19:51:42.367Z,buy,3.86e-06,364.0,0.0014050400000000002
BRD/BTC,1614023540235,2021-02-22T19:52:20.235Z,sell,3.84e-06,168.0,0.0006451199999999999
BRD/BTC,1614023540235,2021-02-22T19:52:20.235Z,sell,3.83e-06,748.0,0.00286484
BRD/BTC,1614023761458,2021-02-22T19:56:01.458Z,sell,3.83e-06,694.0,0.0026580199999999997
BRD/BTC,1614023984423,2021-02-22T19:59:44.423Z,sell,3.83e-06,240.0,0.0009191999999999999
BRD/BTC,1614023993392,2021-02-22T19:59:53.392Z,buy,3.84e-06,9.0,3.4559999999999994e-05
BRD/BTC,1614023993476,2021-02-22T19:59:53.476Z,sell,3.83e-06,32.0,0.00012256
BRD/BTC,1614024091757,2021-02-22T20:01:31.757Z,sell,3.83e-06,32.0,0.00012256
BRD/BTC,1614024091796,2021-02-22T20:01:31.796Z,buy,3.83e-06,849.0,0.00325167
BRD/BTC,1614024108045,2021-02-22T20:01:48.045Z,sell,3.82e-06,528.0,0.00201696
BRD/BTC,1614024208927,2021-02-22T20:03:28.927Z,buy,3.84e-06,2156.0,0.00827904
BRD/BTC,1614024387709,2021-02-22T20:06:27.709Z,buy,3.86e-06,1273.0,0.00491378
BRD/BTC,1614024412146,2021-02-22T20:06:52.146Z,buy,3.86e-06,1605.0,0.006195300000000001
BRD/BTC,1614024412146,2021-02-22T20:06:52.146Z,buy,3.87e-06,1517.0,0.005870790000000001
BRD/BTC,1614024525302,2021-02-22T20:08:45.302Z,sell,3.86e-06,27.0,0.00010422
BRD/BTC,1614024525302,2021-02-22T20:08:45.302Z,sell,3.86e-06,27.0,0.00010422
BRD/BTC,1614024675985,2021-02-22T20:11:15.985Z,sell,3.86e-06,484.0,0.0018682400000000002
BRD/BTC,1614024802690,2021-02-22T20:13:22.690Z,sell,3.85e-06,1673.0,0.006441050000000001
BRD/BTC,1614024802704,2021-02-22T20:13:22.704Z,buy,3.85e-06,10207.0,0.039296950000000004
BRD/BTC,1614024825994,2021-02-22T20:13:45.994Z,buy,3.85e-06,1867.0,0.007187950000000001
BRD/BTC,1614024825994,2021-02-22T20:13:45.994Z,buy,3.87e-06,723.0,0.00279801
BRD/BTC,1614024923378,2021-02-22T20:15:23.378Z,sell,3.84e-06,1168.0,0.0044851199999999996
BRD/BTC,1614024923378,2021-02-22T20:15:23.378Z,sell,3.83e-06,332.0,0.00127156
BRD/BTC,1614025189770,2021-02-22T20:19:49.770Z,buy,3.84e-06,1000.0,0.0038399999999999997
BRD/BTC,1614025227708,2021-02-22T20:20:27.708Z,buy,3.85e-06,62.0,0.00023870000000000003
BRD/BTC,1614025429686,2021-02-22T20:23:49.686Z,buy,3.85e-06,6607.0,0.025436950000000003
BRD/BTC,1614025455714,2021-02-22T20:24:15.714Z,sell,3.82e-06,3000.0,0.01146
BRD/BTC,1614025490062,2021-02-22T20:24:50.062Z,sell,3.83e-06,472.0,0.0018077599999999998
BRD/BTC,1614025490062,2021-02-22T20:24:50.062Z,sell,3.82e-06,617.0,0.00235694
BRD/BTC,1614025579050,2021-02-22T20:26:19.050Z,buy,3.84e-06,30.0,0.0001152
BRD/BTC,1614025579139,2021-02-22T20:26:19.139Z,buy,3.84e-06,375.0,0.0014399999999999999
BRD/BTC,1614025607950,2021-02-22T20:26:47.950Z,sell,3.83e-06,1366.0,0.005231779999999999
BRD/BTC,1614025624711,2021-02-22T20:27:04.711Z,buy,3.84e-06,178.0,0.00068352
BRD/BTC,1614025669262,2021-02-22T20:27:49.262Z,buy,3.86e-06,1751.0,0.00675886
BRD/BTC,1614025669290,2021-02-22T20:27:49.290Z,sell,3.86e-06,839.0,0.0032385400000000003
BRD/BTC,1614025764185,2021-02-22T20:29:24.185Z,sell,3.85e-06,92.0,0.00035420000000000004
BRD/BTC,1614025921455,2021-02-22T20:32:01.455Z,buy,3.87e-06,73.0,0.00028251000000000003
BRD/BTC,1614025921705,2021-02-22T20:32:01.705Z,buy,3.87e-06,1215.0,0.00470205
BRD/BTC,1614025932389,2021-02-22T20:32:12.389Z,buy,3.88e-06,257.0,0.00099716
BRD/BTC,1614025938617,2021-02-22T20:32:18.617Z,sell,3.87e-06,530.0,0.0020511
BRD/BTC,1614025944034,2021-02-22T20:32:24.034Z,sell,3.87e-06,27.0,0.00010449000000000001
BRD/BTC,1614025975132,2021-02-22T20:32:55.132Z,buy,3.88e-06,184.0,0.00071392
BRD/BTC,1614025975132,2021-02-22T20:32:55.132Z,buy,3.89e-06,2394.0,0.00931266
BRD/BTC,1614026015750,2021-02-22T20:33:35.750Z,buy,3.9e-06,197.0,0.0007683
BRD/BTC,1614026022518,2021-02-22T20:33:42.518Z,buy,3.9e-06,625.0,0.0024375
BRD/BTC,1614026073494,2021-02-22T20:34:33.494Z,sell,3.87e-06,38.0,0.00014706000000000002
BRD/BTC,1614026100798,2021-02-22T20:35:00.798Z,sell,3.88e-06,155.0,0.0006014
BRD/BTC,1614026121127,2021-02-22T20:35:21.127Z,sell,3.87e-06,27.0,0.00010449000000000001
BRD/BTC,1614026152599,2021-02-22T20:35:52.599Z,sell,3.88e-06,34.0,0.00013192
BRD/BTC,1614026190152,2021-02-22T20:36:30.152Z,buy,3.89e-06,467.0,0.00181663
BRD/BTC,1614026201173,2021-02-22T20:36:41.173Z,sell,3.89e-06,523.0,0.00203447
BRD/BTC,1614026201413,2021-02-22T20:36:41.413Z,sell,3.89e-06,1312.0,0.00510368
BRD/BTC,1614026204059,2021-02-22T20:36:44.059Z,sell,3.88e-06,79.0,0.00030652
BRD/BTC,1614026338915,2021-02-22T20:38:58.915Z,buy,3.9e-06,713.0,0.0027807
BRD/BTC,1614026402012,2021-02-22T20:40:02.012Z,buy,3.9e-06,237.0,0.0009243
BRD/BTC,1614026402265,2021-02-22T20:40:02.265Z,buy,3.9e-06,2712.0,0.010576799999999999
BRD/BTC,1614026402305,2021-02-22T20:40:02.305Z,sell,3.9e-06,26.0,0.0001014
BRD/BTC,1614026413373,2021-02-22T20:40:13.373Z,sell,3.9e-06,469.0,0.0018291
BRD/BTC,1614026479873,2021-02-22T20:41:19.873Z,buy,3.91e-06,255.0,0.00099705
BRD/BTC,1614026480129,2021-02-22T20:41:20.129Z,buy,3.91e-06,1185.0,0.00463335
BRD/BTC,1614026480136,2021-02-22T20:41:20.136Z,sell,3.91e-06,2945.0,0.01151495
BRD/BTC,1614026480139,2021-02-22T20:41:20.139Z,sell,3.91e-06,277.0,0.00108307
BRD/BTC,1614026480142,2021-02-22T20:41:20.142Z,sell,3.91e-06,865.0,0.00338215
BRD/BTC,1614026480146,2021-02-22T20:41:20.146Z,sell,3.91e-06,242.0,0.00094622
BRD/BTC,1614026480154,2021-02-22T20:41:20.154Z,sell,3.91e-06,241.0,0.0009423099999999999
BRD/BTC,1614026480233,2021-02-22T20:41:20.233Z,sell,3.91e-06,200.0,0.0007819999999999999
BRD/BTC,1614026486595,2021-02-22T20:41:26.595Z,sell,3.91e-06,7186.0,0.02809726
BRD/BTC,1614026487216,2021-02-22T20:41:27.216Z,sell,3.91e-06,303.0,0.00118473
BRD/BTC,1614026487231,2021-02-22T20:41:27.231Z,sell,3.91e-06,269.0,0.00105179
BRD/BTC,1614026487241,2021-02-22T20:41:27.241Z,sell,3.91e-06,208.0,0.00081328
BRD/BTC,1614026487249,2021-02-22T20:41:27.249Z,sell,3.91e-06,85.0,0.00033235
BRD/BTC,1614026512575,2021-02-22T20:41:52.575Z,buy,3.92e-06,236.0,0.00092512
BRD/BTC,1614026512835,2021-02-22T20:41:52.835Z,buy,3.92e-06,2000.0,0.00784
BRD/BTC,1614026544204,2021-02-22T20:42:24.204Z,sell,3.91e-06,315.0,0.00123165
BRD/BTC,1614026567997,2021-02-22T20:42:47.997Z,buy,3.92e-06,3460.0,0.0135632
BRD/BTC,1614026567997,2021-02-22T20:42:47.997Z,buy,3.93e-06,8538.0,0.033554339999999995
BRD/BTC,1614026571380,2021-02-22T20:42:51.380Z,buy,3.93e-06,127.0,0.00049911
BRD/BTC,1614026686014,2021-02-22T20:44:46.014Z,buy,3.93e-06,291.0,0.0011436299999999999
BRD/BTC,1614026722058,2021-02-22T20:45:22.058Z,buy,3.92e-06,605.0,0.0023715999999999997
BRD/BTC,1614026755459,2021-02-22T20:45:55.459Z,buy,3.93e-06,78.0,0.00030653999999999995
BRD/BTC,1614026755742,2021-02-22T20:45:55.742Z,buy,3.93e-06,2000.0,0.007859999999999999
BRD/BTC,1614026840163,2021-02-22T20:47:20.163Z,sell,3.91e-06,294.0,0.00114954
BRD/BTC,1614026840163,2021-02-22T20:47:20.163Z,sell,3.9e-06,1030.0,0.004017
BRD/BTC,1614026840187,2021-02-22T20:47:20.187Z,buy,3.9e-06,892.0,0.0034787999999999998
BRD/BTC,1614026867201,2021-02-22T20:47:47.201Z,buy,3.9e-06,224.0,0.0008736
BRD/BTC,1614026867201,2021-02-22T20:47:47.201Z,buy,3.92e-06,1030.0,0.0040376
BRD/BTC,1614026867201,2021-02-22T20:47:47.201Z,buy,3.93e-06,96.0,0.00037727999999999997
BRD/BTC,1614026895073,2021-02-22T20:48:15.073Z,sell,3.9e-06,383.0,0.0014937
BRD/BTC,1614026916037,2021-02-22T20:48:36.037Z,buy,3.93e-06,509.0,0.00200037
BRD/BTC,1614027035615,2021-02-22T20:50:35.615Z,sell,3.9e-06,647.0,0.0025233
BRD/BTC,1614027035687,2021-02-22T20:50:35.687Z,buy,3.9e-06,371.0,0.0014468999999999999
BRD/BTC,1614027107491,2021-02-22T20:51:47.491Z,sell,3.89e-06,1440.0,0.0056016
BRD/BTC,1614027107491,2021-02-22T20:51:47.491Z,sell,3.88e-06,564.0,0.00218832
BRD/BTC,1614027107491,2021-02-22T20:51:47.491Z,sell,3.87e-06,1743.0,0.00674541
BRD/BTC,1614027107491,2021-02-22T20:51:47.491Z,sell,3.86e-06,12341.0,0.04763626000000001
BRD/BTC,1614027107497,2021-02-22T20:51:47.497Z,buy,3.86e-06,3912.0,0.01510032
BRD/BTC,1614027107545,2021-02-22T20:51:47.545Z,buy,3.9e-06,1249.0,0.0048711
BRD/BTC,1614027110104,2021-02-22T20:51:50.104Z,buy,3.88e-06,371.0,0.0014394800000000001
BRD/BTC,1614027110104,2021-02-22T20:51:50.104Z,buy,3.89e-06,307.0,0.00119423
BRD/BTC,1614027173192,2021-02-22T20:52:53.192Z,sell,3.85e-06,197.0,0.00075845
BRD/BTC,1614027173192,2021-02-22T20:52:53.192Z,sell,3.85e-06,73.0,0.00028105000000000003
BRD/BTC,1614027197493,2021-02-22T20:53:17.493Z,sell,3.86e-06,207.0,0.0007990200000000001
BRD/BTC,1614027197493,2021-02-22T20:53:17.493Z,sell,3.85e-06,998.0,0.0038423000000000003
BRD/BTC,1614027197501,2021-02-22T20:53:17.501Z,buy,3.85e-06,308.0,0.0011858
BRD/BTC,1614027197510,2021-02-22T20:53:17.510Z,buy,3.85e-06,273.0,0.0010510500000000002
BRD/BTC,1614027197514,2021-02-22T20:53:17.514Z,buy,3.85e-06,464.0,0.0017864000000000003
BRD/BTC,1614027212787,2021-02-22T20:53:32.787Z,sell,3.84e-06,200.0,0.0007679999999999999
BRD/BTC,1614027356123,2021-02-22T20:55:56.123Z,sell,3.85e-06,200.0,0.0007700000000000001
BRD/BTC,1614027520074,2021-02-22T20:58:40.074Z,sell,3.85e-06,4590.0,0.017671500000000003
BRD/BTC,1614027551491,2021-02-22T20:59:11.491Z,buy,3.86e-06,32.0,0.00012352
BRD/BTC,1614027637826,2021-02-22T21:00:37.826Z,buy,3.86e-06,136.0,0.0005249600000000001
BRD/BTC,1614027637826,2021-02-22T21:00:37.826Z,buy,3.87e-06,778.0,0.00301086
BRD/BTC,1614027686171,2021-02-22T21:01:26.171Z,buy,3.87e-06,1407.0,0.0054450900000000005
BRD/BTC,1614027836716,2021-02-22T21:03:56.716Z,buy,3.88e-06,518.0,0.00200984
BRD/BTC,1614027854978,2021-02-22T21:04:14.978Z,sell,3.88e-06,6897.0,0.02676036
BRD/BTC,1614027967958,2021-02-22T21:06:07.958Z,sell,3.88e-06,26.0,0.00010088
BRD/BTC,1614027967958,2021-02-22T21:06:07.958Z,sell,3.88e-06,26.0,0.00010088
BRD/BTC,1614028126503,2021-02-22T21:08:46.503Z,buy,3.89e-06,81.0,0.00031509
BRD/BTC,1614028126757,2021-02-22T21:08:46.757Z,buy,3.89e-06,698.0,0.00271522
BRD/BTC,1614028133985,2021-02-22T21:08:53.985Z,buy,3.91e-06,30.0,0.00011729999999999999
BRD/BTC,1614028171551,2021-02-22T21:09:31.551Z,buy,3.91e-06,120.0,0.00046919999999999997
BRD/BTC,1614028181065,2021-02-22T21:09:41.065Z,sell,3.88e-06,118.0,0.00045784
BRD/BTC,1614028181082,2021-02-22T21:09:41.082Z,buy,3.88e-06,1232.0,0.00478016
BRD/BTC,1614028268722,2021-02-22T21:11:08.722Z,sell,3.89e-06,1000.0,0.0038900000000000002
BRD/BTC,1614028268722,2021-02-22T21:11:08.722Z,sell,3.88e-06,8260.0,0.0320488
BRD/BTC,1614028427746,2021-02-22T21:13:47.746Z,sell,3.9e-06,1000.0,0.0039
BRD/BTC,1614028505727,2021-02-22T21:15:05.727Z,buy,3.91e-06,967.0,0.00378097
BRD/BTC,1614028547336,2021-02-22T21:15:47.336Z,buy,3.91e-06,351.0,0.00137241
BRD/BTC,1614028547336,2021-02-22T21:15:47.336Z,buy,3.92e-06,313.0,0.0012269599999999998
BRD/BTC,1614028602669,2021-02-22T21:16:42.669Z,buy,3.92e-06,90.0,0.00035279999999999996
BRD/BTC,1614028602943,2021-02-22T21:16:42.943Z,buy,3.92e-06,664.0,0.0026028799999999997
BRD/BTC,1614028602955,2021-02-22T21:16:42.955Z,sell,3.92e-06,1836.0,0.0071971199999999996
BRD/BTC,1614028604147,2021-02-22T21:16:44.147Z,sell,3.92e-06,50.0,0.000196
BRD/BTC,1614028604623,2021-02-22T21:16:44.623Z,sell,3.92e-06,50.0,0.000196
BRD/BTC,1614028605089,2021-02-22T21:16:45.089Z,sell,3.92e-06,50.0,0.000196
BRD/BTC,1614028605556,2021-02-22T21:16:45.556Z,sell,3.92e-06,50.0,0.000196
BRD/BTC,1614028606036,2021-02-22T21:16:46.036Z,sell,3.92e-06,50.0,0.000196
BRD/BTC,1614028606576,2021-02-22T21:16:46.576Z,sell,3.92e-06,50.0,0.000196
BRD/BTC,1614028607067,2021-02-22T21:16:47.067Z,sell,3.92e-06,50.0,0.000196
BRD/BTC,1614028607535,2021-02-22T21:16:47.535Z,sell,3.92e-06,50.0,0.000196
BRD/BTC,1614028607996,2021-02-22T21:16:47.996Z,sell,3.92e-06,50.0,0.000196
BRD/BTC,1614028608456,2021-02-22T21:16:48.456Z,sell,3.92e-06,50.0,0.000196
BRD/BTC,1614028608913,2021-02-22T21:16:48.913Z,sell,3.92e-06,50.0,0.000196
BRD/BTC,1614028609383,2021-02-22T21:16:49.383Z,sell,3.92e-06,50.0,0.000196
BRD/BTC,1614028609851,2021-02-22T21:16:49.851Z,sell,3.92e-06,50.0,0.000196
BRD/BTC,1614028610315,2021-02-22T21:16:50.315Z,sell,3.92e-06,50.0,0.000196
BRD/BTC,1614028610783,2021-02-22T21:16:50.783Z,sell,3.92e-06,50.0,0.000196
BRD/BTC,1614028611261,2021-02-22T21:16:51.261Z,sell,3.92e-06,50.0,0.000196
BRD/BTC,1614028611736,2021-02-22T21:16:51.736Z,sell,3.92e-06,50.0,0.000196
BRD/BTC,1614028612206,2021-02-22T21:16:52.206Z,sell,3.92e-06,50.0,0.000196
BRD/BTC,1614028612673,2021-02-22T21:16:52.673Z,sell,3.92e-06,50.0,0.000196
BRD/BTC,1614028613147,2021-02-22T21:16:53.147Z,sell,3.92e-06,50.0,0.000196
BRD/BTC,1614028613617,2021-02-22T21:16:53.617Z,sell,3.92e-06,50.0,0.000196
BRD/BTC,1614028614082,2021-02-22T21:16:54.082Z,sell,3.92e-06,50.0,0.000196
BRD/BTC,1614028614553,2021-02-22T21:16:54.553Z,sell,3.92e-06,50.0,0.000196
BRD/BTC,1614028615020,2021-02-22T21:16:55.020Z,sell,3.92e-06,50.0,0.000196
BRD/BTC,1614028615536,2021-02-22T21:16:55.536Z,sell,3.92e-06,50.0,0.000196
BRD/BTC,1614028616004,2021-02-22T21:16:56.004Z,sell,3.92e-06,50.0,0.000196
BRD/BTC,1614028616482,2021-02-22T21:16:56.482Z,sell,3.92e-06,50.0,0.000196
BRD/BTC,1614028616960,2021-02-22T21:16:56.960Z,sell,3.92e-06,50.0,0.000196
BRD/BTC,1614028617426,2021-02-22T21:16:57.426Z,sell,3.92e-06,50.0,0.000196
BRD/BTC,1614028617897,2021-02-22T21:16:57.897Z,sell,3.92e-06,50.0,0.000196
BRD/BTC,1614028618365,2021-02-22T21:16:58.365Z,sell,3.92e-06,50.0,0.000196
BRD/BTC,1614028618838,2021-02-22T21:16:58.838Z,sell,3.92e-06,50.0,0.000196
BRD/BTC,1614028619313,2021-02-22T21:16:59.313Z,sell,3.92e-06,50.0,0.000196
BRD/BTC,1614028619782,2021-02-22T21:16:59.782Z,sell,3.92e-06,50.0,0.000196
BRD/BTC,1614028620261,2021-02-22T21:17:00.261Z,sell,3.92e-06,50.0,0.000196
BRD/BTC,1614028620745,2021-02-22T21:17:00.745Z,sell,3.92e-06,50.0,0.000196
BRD/BTC,1614028621219,2021-02-22T21:17:01.219Z,sell,3.92e-06,50.0,0.000196
BRD/BTC,1614028621686,2021-02-22T21:17:01.686Z,sell,3.92e-06,50.0,0.000196
BRD/BTC,1614028622157,2021-02-22T21:17:02.157Z,sell,3.92e-06,50.0,0.000196
BRD/BTC,1614028622625,2021-02-22T21:17:02.625Z,sell,3.92e-06,50.0,0.000196
BRD/BTC,1614028623158,2021-02-22T21:17:03.158Z,sell,3.92e-06,50.0,0.000196
BRD/BTC,1614028623636,2021-02-22T21:17:03.636Z,sell,3.92e-06,50.0,0.000196
BRD/BTC,1614028624100,2021-02-22T21:17:04.100Z,sell,3.92e-06,50.0,0.000196
BRD/BTC,1614028624582,2021-02-22T21:17:04.582Z,sell,3.92e-06,50.0,0.000196
BRD/BTC,1614028625049,2021-02-22T21:17:05.049Z,sell,3.92e-06,50.0,0.000196
BRD/BTC,1614028625513,2021-02-22T21:17:05.513Z,sell,3.92e-06,50.0,0.000196
BRD/BTC,1614028625979,2021-02-22T21:17:05.979Z,sell,3.92e-06,50.0,0.000196
BRD/BTC,1614028626461,2021-02-22T21:17:06.461Z,sell,3.92e-06,50.0,0.000196
BRD/BTC,1614028626936,2021-02-22T21:17:06.936Z,sell,3.92e-06,50.0,0.000196
BRD/BTC,1614028627807,2021-02-22T21:17:07.807Z,sell,3.92e-06,50.0,0.000196
BRD/BTC,1614028628693,2021-02-22T21:17:08.693Z,sell,3.92e-06,50.0,0.000196
BRD/BTC,1614028629577,2021-02-22T21:17:09.577Z,sell,3.92e-06,50.0,0.000196
BRD/BTC,1614028630046,2021-02-22T21:17:10.046Z,sell,3.92e-06,50.0,0.000196
BRD/BTC,1614028631337,2021-02-22T21:17:11.337Z,sell,3.92e-06,50.0,0.000196
BRD/BTC,1614028631797,2021-02-22T21:17:11.797Z,sell,3.92e-06,50.0,0.000196
BRD/BTC,1614028632269,2021-02-22T21:17:12.269Z,sell,3.92e-06,50.0,0.000196
BRD/BTC,1614028632746,2021-02-22T21:17:12.746Z,sell,3.92e-06,50.0,0.000196
BRD/BTC,1614028633665,2021-02-22T21:17:13.665Z,sell,3.92e-06,50.0,0.000196
BRD/BTC,1614028634132,2021-02-22T21:17:14.132Z,sell,3.92e-06,50.0,0.000196
BRD/BTC,1614028648935,2021-02-22T21:17:28.935Z,sell,3.92e-06,4708.0,0.018455359999999997
BRD/BTC,1614028657004,2021-02-22T21:17:37.004Z,sell,3.92e-06,1180.0,0.0046256
BRD/BTC,1614028659518,2021-02-22T21:17:39.518Z,buy,3.93e-06,254.0,0.00099822
BRD/BTC,1614028659518,2021-02-22T21:17:39.518Z,buy,3.94e-06,1763.0,0.00694622
BRD/BTC,1614028661630,2021-02-22T21:17:41.630Z,buy,3.94e-06,1191.0,0.00469254
BRD/BTC,1614028661892,2021-02-22T21:17:41.892Z,sell,3.94e-06,1334.0,0.0052559600000000005
BRD/BTC,1614028665757,2021-02-22T21:17:45.757Z,sell,3.94e-06,328.0,0.0012923200000000002
BRD/BTC,1614028673171,2021-02-22T21:17:53.171Z,sell,3.94e-06,237.0,0.00093378
BRD/BTC,1614028698561,2021-02-22T21:18:18.561Z,sell,3.94e-06,50.0,0.00019700000000000002
BRD/BTC,1614028725561,2021-02-22T21:18:45.561Z,buy,3.95e-06,26.0,0.0001027
BRD/BTC,1614028754693,2021-02-22T21:19:14.693Z,sell,3.94e-06,171.0,0.00067374
BRD/BTC,1614028755383,2021-02-22T21:19:15.383Z,sell,3.92e-06,120.0,0.00047039999999999994
BRD/BTC,1614028808040,2021-02-22T21:20:08.040Z,buy,3.93e-06,540.0,0.0021222
BRD/BTC,1614028808297,2021-02-22T21:20:08.297Z,buy,3.93e-06,510.0,0.0020042999999999997
BRD/BTC,1614028829820,2021-02-22T21:20:29.820Z,buy,3.95e-06,3619.0,0.014295050000000002
BRD/BTC,1614028829820,2021-02-22T21:20:29.820Z,buy,3.96e-06,6381.0,0.02526876
BRD/BTC,1614028875510,2021-02-22T21:21:15.510Z,buy,3.96e-06,152.0,0.00060192
BRD/BTC,1614028894639,2021-02-22T21:21:34.639Z,buy,3.97e-06,164.0,0.0006510800000000001
BRD/BTC,1614028921965,2021-02-22T21:22:01.965Z,sell,3.94e-06,145.0,0.0005713000000000001
BRD/BTC,1614028939900,2021-02-22T21:22:19.900Z,buy,3.95e-06,494.0,0.0019513000000000002
BRD/BTC,1614028939916,2021-02-22T21:22:19.916Z,sell,3.95e-06,605.0,0.0023897500000000004
BRD/BTC,1614028943577,2021-02-22T21:22:23.577Z,sell,3.95e-06,1751.0,0.00691645
BRD/BTC,1614028949206,2021-02-22T21:22:29.206Z,buy,3.97e-06,4626.0,0.01836522
BRD/BTC,1614029128125,2021-02-22T21:25:28.125Z,sell,3.96e-06,958.0,0.0037936800000000002
BRD/BTC,1614029128136,2021-02-22T21:25:28.136Z,sell,3.96e-06,323.0,0.0012790800000000001
BRD/BTC,1614029128173,2021-02-22T21:25:28.173Z,sell,3.96e-06,1157.0,0.00458172
BRD/BTC,1614029128236,2021-02-22T21:25:28.236Z,sell,3.96e-06,113.0,0.00044748000000000005
BRD/BTC,1614029129084,2021-02-22T21:25:29.084Z,sell,3.96e-06,50.0,0.00019800000000000002
BRD/BTC,1614029129548,2021-02-22T21:25:29.548Z,sell,3.96e-06,50.0,0.00019800000000000002
BRD/BTC,1614029130019,2021-02-22T21:25:30.019Z,sell,3.96e-06,50.0,0.00019800000000000002
BRD/BTC,1614029130492,2021-02-22T21:25:30.492Z,sell,3.96e-06,50.0,0.00019800000000000002
BRD/BTC,1614029130970,2021-02-22T21:25:30.970Z,sell,3.96e-06,50.0,0.00019800000000000002
BRD/BTC,1614029131448,2021-02-22T21:25:31.448Z,sell,3.96e-06,50.0,0.00019800000000000002
BRD/BTC,1614029131920,2021-02-22T21:25:31.920Z,sell,3.96e-06,50.0,0.00019800000000000002
BRD/BTC,1614029132377,2021-02-22T21:25:32.377Z,sell,3.96e-06,50.0,0.00019800000000000002
BRD/BTC,1614029132850,2021-02-22T21:25:32.850Z,sell,3.96e-06,50.0,0.00019800000000000002
BRD/BTC,1614029133330,2021-02-22T21:25:33.330Z,sell,3.96e-06,50.0,0.00019800000000000002
BRD/BTC,1614029133790,2021-02-22T21:25:33.790Z,sell,3.96e-06,50.0,0.00019800000000000002
BRD/BTC,1614029134260,2021-02-22T21:25:34.260Z,sell,3.96e-06,50.0,0.00019800000000000002
BRD/BTC,1614029134724,2021-02-22T21:25:34.724Z,sell,3.96e-06,50.0,0.00019800000000000002
BRD/BTC,1614029135605,2021-02-22T21:25:35.605Z,sell,3.96e-06,50.0,0.00019800000000000002
BRD/BTC,1614029136077,2021-02-22T21:25:36.077Z,sell,3.96e-06,50.0,0.00019800000000000002
BRD/BTC,1614029136548,2021-02-22T21:25:36.548Z,sell,3.96e-06,50.0,0.00019800000000000002
BRD/BTC,1614029137023,2021-02-22T21:25:37.023Z,sell,3.96e-06,50.0,0.00019800000000000002
BRD/BTC,1614029137513,2021-02-22T21:25:37.513Z,sell,3.96e-06,50.0,0.00019800000000000002
BRD/BTC,1614029137978,2021-02-22T21:25:37.978Z,sell,3.96e-06,50.0,0.00019800000000000002
BRD/BTC,1614029138459,2021-02-22T21:25:38.459Z,sell,3.96e-06,50.0,0.00019800000000000002
BRD/BTC,1614029138924,2021-02-22T21:25:38.924Z,sell,3.96e-06,50.0,0.00019800000000000002
BRD/BTC,1614029139400,2021-02-22T21:25:39.400Z,sell,3.96e-06,50.0,0.00019800000000000002
BRD/BTC,1614029139868,2021-02-22T21:25:39.868Z,sell,3.96e-06,50.0,0.00019800000000000002
BRD/BTC,1614029140340,2021-02-22T21:25:40.340Z,sell,3.96e-06,50.0,0.00019800000000000002
BRD/BTC,1614029143776,2021-02-22T21:25:43.776Z,sell,3.96e-06,43.0,0.00017028
BRD/BTC,1614029146694,2021-02-22T21:25:46.694Z,buy,3.97e-06,26.0,0.00010322
BRD/BTC,1614029146694,2021-02-22T21:25:46.694Z,buy,3.98e-06,669.0,0.00266262
BRD/BTC,1614029202274,2021-02-22T21:26:42.274Z,sell,3.96e-06,200.0,0.0007920000000000001
BRD/BTC,1614029266252,2021-02-22T21:27:46.252Z,sell,3.96e-06,750.0,0.00297
BRD/BTC,1614029370015,2021-02-22T21:29:30.015Z,sell,3.96e-06,2678.0,0.01060488
BRD/BTC,1614029521154,2021-02-22T21:32:01.154Z,sell,3.96e-06,900.0,0.0035640000000000003
BRD/BTC,1614029591440,2021-02-22T21:33:11.440Z,sell,3.95e-06,750.0,0.0029625000000000003
BRD/BTC,1614029838466,2021-02-22T21:37:18.466Z,sell,3.96e-06,500.0,0.00198
BRD/BTC,1614029876071,2021-02-22T21:37:56.071Z,buy,3.99e-06,189.0,0.00075411
BRD/BTC,1614029893280,2021-02-22T21:38:13.280Z,sell,3.96e-06,215.0,0.0008514000000000001
BRD/BTC,1614029893280,2021-02-22T21:38:13.280Z,sell,3.95e-06,19785.0,0.07815075
BRD/BTC,1614029905551,2021-02-22T21:38:25.551Z,sell,3.95e-06,11998.0,0.047392100000000006
BRD/BTC,1614029911735,2021-02-22T21:38:31.735Z,sell,3.95e-06,433.0,0.00171035
BRD/BTC,1614029921883,2021-02-22T21:38:41.883Z,buy,3.99e-06,109.0,0.00043491
BRD/BTC,1614029932955,2021-02-22T21:38:52.955Z,sell,3.95e-06,6840.0,0.027018
BRD/BTC,1614029942792,2021-02-22T21:39:02.792Z,buy,3.99e-06,51.0,0.00020349
BRD/BTC,1614030134726,2021-02-22T21:42:14.726Z,sell,3.95e-06,504.0,0.0019908
BRD/BTC,1614030174423,2021-02-22T21:42:54.423Z,sell,3.95e-06,30.0,0.00011850000000000001
BRD/BTC,1614030220705,2021-02-22T21:43:40.705Z,sell,3.95e-06,5549.0,0.021918550000000002
BRD/BTC,1614030513983,2021-02-22T21:48:33.983Z,sell,3.95e-06,4022.0,0.015886900000000002
BRD/BTC,1614030518128,2021-02-22T21:48:38.128Z,sell,3.95e-06,5814.0,0.0229653
BRD/BTC,1614030584741,2021-02-22T21:49:44.741Z,sell,3.95e-06,81.0,0.00031995
BRD/BTC,1614030584741,2021-02-22T21:49:44.741Z,sell,3.94e-06,8.0,3.152e-05
BRD/BTC,1614030584741,2021-02-22T21:49:44.741Z,sell,3.93e-06,1122.0,0.00440946
BRD/BTC,1614030700838,2021-02-22T21:51:40.838Z,sell,3.93e-06,3462.0,0.013605659999999999
BRD/BTC,1614030700844,2021-02-22T21:51:40.844Z,buy,3.93e-06,801.0,0.0031479299999999997
BRD/BTC,1614030796828,2021-02-22T21:53:16.828Z,buy,3.95e-06,453.0,0.00178935
BRD/BTC,1614030837948,2021-02-22T21:53:57.948Z,buy,3.95e-06,1020.0,0.0040290000000000005
BRD/BTC,1614030837948,2021-02-22T21:53:57.948Z,buy,3.96e-06,1000.0,0.00396
BRD/BTC,1614030837948,2021-02-22T21:53:57.948Z,buy,3.97e-06,677.0,0.00268769
BRD/BTC,1614030855808,2021-02-22T21:54:15.808Z,sell,3.95e-06,290.0,0.0011455
BRD/BTC,1614030979231,2021-02-22T21:56:19.231Z,sell,3.93e-06,189.0,0.0007427699999999999
BRD/BTC,1614031005556,2021-02-22T21:56:45.556Z,sell,3.93e-06,252.0,0.0009903599999999998
BRD/BTC,1614031246018,2021-02-22T22:00:46.018Z,sell,3.93e-06,1270.0,0.004991099999999999
BRD/BTC,1614031314825,2021-02-22T22:01:54.825Z,sell,3.93e-06,43.0,0.00016899
BRD/BTC,1614031322200,2021-02-22T22:02:02.200Z,sell,3.92e-06,133.0,0.00052136
BRD/BTC,1614031382521,2021-02-22T22:03:02.521Z,sell,3.92e-06,90.0,0.00035279999999999996
BRD/BTC,1614031413198,2021-02-22T22:03:33.198Z,sell,3.92e-06,49.0,0.00019208
BRD/BTC,1614031413198,2021-02-22T22:03:33.198Z,sell,3.92e-06,49.0,0.00019208
BRD/BTC,1614031723357,2021-02-22T22:08:43.357Z,sell,3.92e-06,29.0,0.00011368
BRD/BTC,1614031746895,2021-02-22T22:09:06.895Z,sell,3.93e-06,416.0,0.0016348799999999998
BRD/BTC,1614031746920,2021-02-22T22:09:06.920Z,sell,3.92e-06,416.0,0.00163072
BRD/BTC,1614031939289,2021-02-22T22:12:19.289Z,buy,3.95e-06,2153.0,0.00850435
BRD/BTC,1614031939289,2021-02-22T22:12:19.289Z,buy,3.96e-06,29716.0,0.11767536
BRD/BTC,1614032024435,2021-02-22T22:13:44.435Z,sell,3.93e-06,857.0,0.00336801
BRD/BTC,1614032024908,2021-02-22T22:13:44.908Z,sell,3.93e-06,333.0,0.00130869
BRD/BTC,1614032024954,2021-02-22T22:13:44.954Z,sell,3.93e-06,283.0,0.0011121899999999999
BRD/BTC,1614032051944,2021-02-22T22:14:11.944Z,sell,3.92e-06,119.0,0.00046647999999999997
BRD/BTC,1614032160430,2021-02-22T22:16:00.430Z,sell,3.92e-06,164.0,0.00064288
BRD/BTC,1614032228792,2021-02-22T22:17:08.792Z,sell,3.92e-06,1193.0,0.00467656
BRD/BTC,1614032228973,2021-02-22T22:17:08.973Z,sell,3.92e-06,1836.0,0.0071971199999999996
BRD/BTC,1614032229091,2021-02-22T22:17:09.091Z,sell,3.92e-06,1302.0,0.005103839999999999
BRD/BTC,1614032229191,2021-02-22T22:17:09.191Z,sell,3.92e-06,2125.0,0.008329999999999999
BRD/BTC,1614032241674,2021-02-22T22:17:21.674Z,sell,3.91e-06,29.0,0.00011339
BRD/BTC,1614032309939,2021-02-22T22:18:29.939Z,sell,3.91e-06,81.0,0.00031671
BRD/BTC,1614032339453,2021-02-22T22:18:59.453Z,sell,3.91e-06,44.0,0.00017203999999999999
BRD/BTC,1614032361499,2021-02-22T22:19:21.499Z,sell,3.9e-06,26.0,0.0001014
BRD/BTC,1614032432346,2021-02-22T22:20:32.346Z,sell,3.9e-06,2068.0,0.0080652
BRD/BTC,1614032477156,2021-02-22T22:21:17.156Z,buy,3.91e-06,2431.0,0.00950521
BRD/BTC,1614032477156,2021-02-22T22:21:17.156Z,buy,3.92e-06,1030.0,0.0040376
BRD/BTC,1614032477165,2021-02-22T22:21:17.165Z,sell,3.92e-06,841.0,0.00329672
BRD/BTC,1614032494170,2021-02-22T22:21:34.170Z,sell,3.92e-06,698.0,0.0027361599999999996
BRD/BTC,1614032539900,2021-02-22T22:22:19.900Z,buy,3.92e-06,1811.0,0.0070991199999999996
BRD/BTC,1614032760937,2021-02-22T22:26:00.937Z,sell,3.92e-06,1103.0,0.004323759999999999
BRD/BTC,1614032867039,2021-02-22T22:27:47.039Z,sell,3.92e-06,44.0,0.00017247999999999997
BRD/BTC,1614032979441,2021-02-22T22:29:39.441Z,sell,3.92e-06,452.0,0.0017718399999999998
BRD/BTC,1614033017698,2021-02-22T22:30:17.698Z,buy,3.94e-06,28.0,0.00011032000000000001
BRD/BTC,1614033111173,2021-02-22T22:31:51.173Z,sell,3.92e-06,68.0,0.00026656
BRD/BTC,1614033196138,2021-02-22T22:33:16.138Z,sell,3.92e-06,214.0,0.00083888
BRD/BTC,1614033436959,2021-02-22T22:37:16.959Z,buy,3.94e-06,2398.0,0.00944812
BRD/BTC,1614033440564,2021-02-22T22:37:20.564Z,sell,3.94e-06,179.0,0.0007052600000000001
BRD/BTC,1614033440812,2021-02-22T22:37:20.812Z,sell,3.94e-06,118.0,0.00046492000000000007
BRD/BTC,1614033440823,2021-02-22T22:37:20.823Z,sell,3.94e-06,208.0,0.0008195200000000001
BRD/BTC,1614033470845,2021-02-22T22:37:50.845Z,buy,3.95e-06,6895.0,0.027235250000000003
BRD/BTC,1614033577354,2021-02-22T22:39:37.354Z,sell,3.95e-06,347.0,0.0013706500000000002
BRD/BTC,1614033596012,2021-02-22T22:39:56.012Z,buy,3.96e-06,1023.0,0.00405108
BRD/BTC,1614033596012,2021-02-22T22:39:56.012Z,buy,3.97e-06,290.0,0.0011513
BRD/BTC,1614033596012,2021-02-22T22:39:56.012Z,buy,3.98e-06,1170.0,0.0046566
BRD/BTC,1614033610223,2021-02-22T22:40:10.223Z,sell,3.95e-06,43.0,0.00016985
BRD/BTC,1614033614973,2021-02-22T22:40:14.973Z,sell,3.95e-06,44.0,0.00017380000000000002
BRD/BTC,1614033635668,2021-02-22T22:40:35.668Z,sell,3.95e-06,209.0,0.0008255500000000001
BRD/BTC,1614033636643,2021-02-22T22:40:36.643Z,buy,3.97e-06,500.0,0.0019850000000000002
BRD/BTC,1614033765062,2021-02-22T22:42:45.062Z,buy,3.97e-06,5613.0,0.022283610000000002
BRD/BTC,1614033787959,2021-02-22T22:43:07.959Z,sell,3.97e-06,26.0,0.00010322
BRD/BTC,1614033858204,2021-02-22T22:44:18.204Z,sell,3.97e-06,173.0,0.00068681
BRD/BTC,1614033876048,2021-02-22T22:44:36.048Z,sell,3.97e-06,642.0,0.00254874
BRD/BTC,1614033950185,2021-02-22T22:45:50.185Z,sell,3.97e-06,709.0,0.00281473
BRD/BTC,1614033977791,2021-02-22T22:46:17.791Z,sell,3.95e-06,290.0,0.0011455
BRD/BTC,1614033977791,2021-02-22T22:46:17.791Z,sell,3.93e-06,322.0,0.00126546
BRD/BTC,1614034163315,2021-02-22T22:49:23.315Z,buy,3.97e-06,373.0,0.00148081
BRD/BTC,1614034236428,2021-02-22T22:50:36.428Z,sell,3.94e-06,509.0,0.00200546
BRD/BTC,1614034433300,2021-02-22T22:53:53.300Z,sell,3.94e-06,394.0,0.0015523600000000002
BRD/BTC,1614034433300,2021-02-22T22:53:53.300Z,sell,3.93e-06,1613.0,0.0063390899999999995
BRD/BTC,1614034530054,2021-02-22T22:55:30.054Z,sell,3.94e-06,772.0,0.00304168
BRD/BTC,1614034530054,2021-02-22T22:55:30.054Z,sell,3.93e-06,2072.0,0.00814296
BRD/BTC,1614034530088,2021-02-22T22:55:30.088Z,buy,3.93e-06,1270.0,0.004991099999999999
BRD/BTC,1614034713345,2021-02-22T22:58:33.345Z,buy,3.93e-06,845.0,0.0033208499999999998
BRD/BTC,1614034731962,2021-02-22T22:58:51.962Z,buy,3.93e-06,980.0,0.0038513999999999996
BRD/BTC,1614034737471,2021-02-22T22:58:57.471Z,buy,3.93e-06,961.0,0.00377673
BRD/BTC,1614034807062,2021-02-22T23:00:07.062Z,buy,3.93e-06,99.0,0.00038907
BRD/BTC,1614034852854,2021-02-22T23:00:52.854Z,buy,3.94e-06,1072.0,0.0042236800000000005
BRD/BTC,1614034852854,2021-02-22T23:00:52.854Z,buy,3.95e-06,1593.0,0.00629235
BRD/BTC,1614034852854,2021-02-22T23:00:52.854Z,buy,3.96e-06,5430.0,0.021502800000000002
BRD/BTC,1614034852854,2021-02-22T23:00:52.854Z,buy,3.97e-06,178.0,0.00070666
BRD/BTC,1614034942496,2021-02-22T23:02:22.496Z,buy,3.97e-06,26.0,0.00010322
BRD/BTC,1614034943090,2021-02-22T23:02:23.090Z,sell,3.96e-06,33.0,0.00013068000000000002
BRD/BTC,1614034975435,2021-02-22T23:02:55.435Z,buy,3.96e-06,462.0,0.00182952
BRD/BTC,1614034975448,2021-02-22T23:02:55.448Z,sell,3.96e-06,779.0,0.00308484
BRD/BTC,1614035000182,2021-02-22T23:03:20.182Z,buy,3.97e-06,113.0,0.00044861
BRD/BTC,1614035000193,2021-02-22T23:03:20.193Z,sell,3.97e-06,996.0,0.00395412
BRD/BTC,1614035000193,2021-02-22T23:03:20.193Z,sell,3.97e-06,996.0,0.00395412
BRD/BTC,1614035091749,2021-02-22T23:04:51.749Z,buy,3.98e-06,92.0,0.00036616
BRD/BTC,1614035119475,2021-02-22T23:05:19.475Z,buy,3.99e-06,682.0,0.00272118
BRD/BTC,1614035125041,2021-02-22T23:05:25.041Z,buy,3.99e-06,159.0,0.00063441
BRD/BTC,1614035126000,2021-02-22T23:05:26.000Z,buy,3.99e-06,151.0,0.00060249
BRD/BTC,1614035345043,2021-02-22T23:09:05.043Z,buy,3.99e-06,100.0,0.000399
BRD/BTC,1614035419446,2021-02-22T23:10:19.446Z,buy,3.99e-06,202.0,0.00080598
BRD/BTC,1614035520915,2021-02-22T23:12:00.915Z,sell,3.98e-06,1004.0,0.00399592
BRD/BTC,1614035627777,2021-02-22T23:13:47.777Z,sell,3.97e-06,152.0,0.00060344
BRD/BTC,1614035706172,2021-02-22T23:15:06.172Z,sell,3.96e-06,331.0,0.00131076
BRD/BTC,1614036102170,2021-02-22T23:21:42.170Z,sell,3.96e-06,162.0,0.00064152
BRD/BTC,1614036354230,2021-02-22T23:25:54.230Z,sell,3.96e-06,400.0,0.0015840000000000001
BRD/BTC,1614036418208,2021-02-22T23:26:58.208Z,sell,3.96e-06,174.0,0.00068904
BRD/BTC,1614036546088,2021-02-22T23:29:06.088Z,buy,3.98e-06,676.0,0.00269048
BRD/BTC,1614036866973,2021-02-22T23:34:26.973Z,sell,3.97e-06,1340.0,0.0053198
BRD/BTC,1614036866973,2021-02-22T23:34:26.973Z,sell,3.96e-06,26.0,0.00010296
BRD/BTC,1614037035794,2021-02-22T23:37:15.794Z,buy,3.98e-06,278.0,0.00110644
BRD/BTC,1614037166736,2021-02-22T23:39:26.736Z,buy,3.98e-06,9636.0,0.03835128
BRD/BTC,1614037256912,2021-02-22T23:40:56.912Z,buy,3.98e-06,116.0,0.00046168
BRD/BTC,1614037390635,2021-02-22T23:43:10.635Z,buy,3.98e-06,652.0,0.00259496
BRD/BTC,1614037847242,2021-02-22T23:50:47.242Z,sell,3.96e-06,4543.0,0.01799028
BRD/BTC,1614037865241,2021-02-22T23:51:05.241Z,buy,3.98e-06,1221.0,0.00485958
BRD/BTC,1614037905162,2021-02-22T23:51:45.162Z,buy,3.98e-06,585.0,0.0023283
BRD/BTC,1614038424377,2021-02-23T00:00:24.377Z,buy,3.98e-06,183.0,0.00072834
BRD/BTC,1614038554084,2021-02-23T00:02:34.084Z,sell,3.96e-06,11535.0,0.0456786
BRD/BTC,1614038554084,2021-02-23T00:02:34.084Z,sell,3.96e-06,11535.0,0.0456786
BRD/BTC,1614038645732,2021-02-23T00:04:05.732Z,buy,3.98e-06,4907.0,0.01952986
BRD/BTC,1614038658273,2021-02-23T00:04:18.273Z,buy,3.98e-06,93.0,0.00037014
BRD/BTC,1614039125646,2021-02-23T00:12:05.646Z,buy,3.98e-06,53.0,0.00021094
BRD/BTC,1614039462242,2021-02-23T00:17:42.242Z,buy,3.98e-06,1000.0,0.00398
BRD/BTC,1614039504720,2021-02-23T00:18:24.720Z,buy,3.98e-06,36.0,0.00014328
BRD/BTC,1614039565226,2021-02-23T00:19:25.226Z,buy,3.98e-06,26.0,0.00010348
BRD/BTC,1614039880347,2021-02-23T00:24:40.347Z,buy,3.97e-06,1818.0,0.00721746
BRD/BTC,1614039895585,2021-02-23T00:24:55.585Z,buy,3.97e-06,350.0,0.0013895000000000001
BRD/BTC,1614039974654,2021-02-23T00:26:14.654Z,buy,3.98e-06,125.0,0.0004975
BRD/BTC,1614040208605,2021-02-23T00:30:08.605Z,buy,3.98e-06,106.0,0.00042188
BRD/BTC,1614040241495,2021-02-23T00:30:41.495Z,sell,3.97e-06,106.0,0.00042082
BRD/BTC,1614040288764,2021-02-23T00:31:28.764Z,buy,3.98e-06,172.0,0.00068456
BRD/BTC,1614040428051,2021-02-23T00:33:48.051Z,sell,3.97e-06,19.0,7.543e-05
BRD/BTC,1614040549081,2021-02-23T00:35:49.081Z,sell,3.96e-06,379.0,0.00150084
BRD/BTC,1614040553083,2021-02-23T00:35:53.083Z,sell,3.95e-06,1286.0,0.0050797
BRD/BTC,1614040572824,2021-02-23T00:36:12.824Z,buy,3.95e-06,979.0,0.0038670500000000003
BRD/BTC,1614040584520,2021-02-23T00:36:24.520Z,buy,3.95e-06,138.0,0.0005451000000000001
BRD/BTC,1614040589809,2021-02-23T00:36:29.809Z,buy,3.95e-06,298.0,0.0011771000000000002
BRD/BTC,1614040618815,2021-02-23T00:36:58.815Z,sell,3.94e-06,196.0,0.0007722400000000001
BRD/BTC,1614040618815,2021-02-23T00:36:58.815Z,sell,3.93e-06,2473.0,0.009718889999999999
BRD/BTC,1614040618815,2021-02-23T00:36:58.815Z,sell,3.92e-06,3417.0,0.01339464
BRD/BTC,1614040618815,2021-02-23T00:36:58.815Z,sell,3.91e-06,4476.0,0.017501159999999998
BRD/BTC,1614040618815,2021-02-23T00:36:58.815Z,sell,3.9e-06,33027.0,0.1288053
BRD/BTC,1614040618828,2021-02-23T00:36:58.828Z,buy,3.95e-06,437.0,0.00172615
BRD/BTC,1614040717469,2021-02-23T00:38:37.469Z,sell,3.93e-06,56.0,0.00022008
BRD/BTC,1614040717485,2021-02-23T00:38:37.485Z,buy,3.92e-06,974.0,0.0038180799999999997
