symbol,timestamp,datetime,side,price,amount,btc_volume
CTXC/BTC,1615914010793,2021-03-16T17:00:10.793Z,sell,4.9e-06,34.0,0.00016659999999999998
CTXC/BTC,1615914049417,2021-03-16T17:00:49.417Z,buy,4.92e-06,21.0,0.00010332000000000001
CTXC/BTC,1615914174647,2021-03-16T17:02:54.647Z,sell,4.9e-06,4290.0,0.021020999999999998
CTXC/BTC,1615914174653,2021-03-16T17:02:54.653Z,sell,4.9e-06,177.0,0.0008673
CTXC/BTC,1615914175812,2021-03-16T17:02:55.812Z,sell,4.9e-06,802.0,0.0039298
CTXC/BTC,1615914205088,2021-03-16T17:03:25.088Z,sell,4.9e-06,540.0,0.002646
CTXC/BTC,1615914205217,2021-03-16T17:03:25.217Z,sell,4.9e-06,694.0,0.0034005999999999997
CTXC/BTC,1615914206923,2021-03-16T17:03:26.923Z,buy,4.91e-06,25.0,0.00012275
CTXC/BTC,1615914208317,2021-03-16T17:03:28.317Z,sell,4.9e-06,4541.0,0.022250899999999997
CTXC/BTC,1615914209812,2021-03-16T17:03:29.812Z,sell,4.9e-06,988.0,0.0048411999999999995
CTXC/BTC,1615914210222,2021-03-16T17:03:30.222Z,sell,4.9e-06,177.0,0.0008673
CTXC/BTC,1615914212469,2021-03-16T17:03:32.469Z,sell,4.9e-06,729.0,0.0035721
CTXC/BTC,1615914213362,2021-03-16T17:03:33.362Z,sell,4.9e-06,51.0,0.0002499
CTXC/BTC,1615914287768,2021-03-16T17:04:47.768Z,buy,4.91e-06,382.0,0.00187562
CTXC/BTC,1615914287768,2021-03-16T17:04:47.768Z,buy,4.91e-06,382.0,0.00187562
CTXC/BTC,1615914287768,2021-03-16T17:04:47.768Z,buy,4.91e-06,382.0,0.00187562
CTXC/BTC,1615914287769,2021-03-16T17:04:47.769Z,buy,4.91e-06,382.0,0.00187562
CTXC/BTC,1615914287769,2021-03-16T17:04:47.769Z,buy,4.91e-06,382.0,0.00187562
CTXC/BTC,1615914287769,2021-03-16T17:04:47.769Z,buy,4.91e-06,382.0,0.00187562
CTXC/BTC,1615914287770,2021-03-16T17:04:47.770Z,buy,4.91e-06,382.0,0.00187562
CTXC/BTC,1615914287770,2021-03-16T17:04:47.770Z,buy,4.91e-06,382.0,0.00187562
CTXC/BTC,1615914287770,2021-03-16T17:04:47.770Z,buy,4.91e-06,350.0,0.0017184999999999998
CTXC/BTC,1615914287780,2021-03-16T17:04:47.780Z,buy,4.92e-06,42.0,0.00020664000000000001
CTXC/BTC,1615914406941,2021-03-16T17:06:46.941Z,sell,4.9e-06,2886.0,0.014141399999999998
CTXC/BTC,1615914417684,2021-03-16T17:06:57.684Z,sell,4.9e-06,54.0,0.0002646
CTXC/BTC,1615914431328,2021-03-16T17:07:11.328Z,buy,4.92e-06,2991.0,0.014715720000000002
CTXC/BTC,1615914431328,2021-03-16T17:07:11.328Z,buy,4.93e-06,1506.0,0.00742458
CTXC/BTC,1615914431328,2021-03-16T17:07:11.328Z,buy,4.94e-06,14155.0,0.06992570000000001
CTXC/BTC,1615914442896,2021-03-16T17:07:22.896Z,sell,4.9e-06,73.0,0.00035769999999999997
CTXC/BTC,1615914445518,2021-03-16T17:07:25.518Z,buy,4.92e-06,46.0,0.00022632000000000002
CTXC/BTC,1615914490600,2021-03-16T17:08:10.600Z,sell,4.9e-06,177.0,0.0008673
CTXC/BTC,1615914490720,2021-03-16T17:08:10.720Z,sell,4.9e-06,96.0,0.00047039999999999994
CTXC/BTC,1615914490722,2021-03-16T17:08:10.722Z,sell,4.89e-06,101.0,0.00049389
CTXC/BTC,1615914496331,2021-03-16T17:08:16.331Z,sell,4.89e-06,301.0,0.00147189
CTXC/BTC,1615914537862,2021-03-16T17:08:57.862Z,buy,4.9e-06,98.0,0.00048019999999999996
CTXC/BTC,1615914543535,2021-03-16T17:09:03.535Z,buy,4.89e-06,111.0,0.00054279
CTXC/BTC,1615914547449,2021-03-16T17:09:07.449Z,sell,4.88e-06,101.0,0.00049288
CTXC/BTC,1615914547878,2021-03-16T17:09:07.878Z,sell,4.88e-06,310.0,0.0015128
CTXC/BTC,1615914551359,2021-03-16T17:09:11.359Z,sell,4.87e-06,2728.0,0.01328536
CTXC/BTC,1615914568648,2021-03-16T17:09:28.648Z,sell,4.87e-06,103.0,0.00050161
CTXC/BTC,1615914568648,2021-03-16T17:09:28.648Z,sell,4.86e-06,6965.0,0.0338499
CTXC/BTC,1615914572598,2021-03-16T17:09:32.598Z,sell,4.86e-06,103.0,0.00050058
CTXC/BTC,1615914665037,2021-03-16T17:11:05.037Z,buy,4.87e-06,199.0,0.00096913
CTXC/BTC,1615914717646,2021-03-16T17:11:57.646Z,buy,4.87e-06,2054.0,0.01000298
CTXC/BTC,1615914720097,2021-03-16T17:12:00.097Z,buy,4.87e-06,267.0,0.00130029
CTXC/BTC,1615914720760,2021-03-16T17:12:00.760Z,buy,4.87e-06,72.0,0.00035064
CTXC/BTC,1615914720973,2021-03-16T17:12:00.973Z,buy,4.87e-06,4843.0,0.02358541
CTXC/BTC,1615914720973,2021-03-16T17:12:00.973Z,buy,4.88e-06,2105.0,0.0102724
CTXC/BTC,1615914721349,2021-03-16T17:12:01.349Z,buy,4.87e-06,73.0,0.00035551
CTXC/BTC,1615914722240,2021-03-16T17:12:02.240Z,buy,4.87e-06,21.0,0.00010227
CTXC/BTC,1615914785377,2021-03-16T17:13:05.377Z,sell,4.85e-06,1378.0,0.0066833000000000005
CTXC/BTC,1615914859707,2021-03-16T17:14:19.707Z,sell,4.85e-06,173.0,0.00083905
CTXC/BTC,1615914859707,2021-03-16T17:14:19.707Z,sell,4.84e-06,6.0,2.904e-05
CTXC/BTC,1615914910123,2021-03-16T17:15:10.123Z,sell,4.84e-06,2566.0,0.01241944
CTXC/BTC,1615914982495,2021-03-16T17:16:22.495Z,sell,4.84e-06,172.0,0.00083248
CTXC/BTC,1615915016574,2021-03-16T17:16:56.574Z,buy,4.85e-06,1433.0,0.00695005
CTXC/BTC,1615915016613,2021-03-16T17:16:56.613Z,sell,4.85e-06,3205.0,0.01554425
CTXC/BTC,1615915017660,2021-03-16T17:16:57.660Z,buy,4.85e-06,374.0,0.0018139
CTXC/BTC,1615915055581,2021-03-16T17:17:35.581Z,buy,4.87e-06,47.0,0.00022888999999999999
CTXC/BTC,1615915156662,2021-03-16T17:19:16.662Z,buy,4.87e-06,366.0,0.00178242
CTXC/BTC,1615915156663,2021-03-16T17:19:16.663Z,buy,4.87e-06,145.0,0.00070615
CTXC/BTC,1615915202208,2021-03-16T17:20:02.208Z,sell,4.85e-06,333.0,0.00161505
CTXC/BTC,1615915220451,2021-03-16T17:20:20.451Z,sell,4.85e-06,44.0,0.0002134
CTXC/BTC,1615915232557,2021-03-16T17:20:32.557Z,buy,4.86e-06,178.0,0.0008650800000000001
CTXC/BTC,1615915232562,2021-03-16T17:20:32.562Z,buy,4.86e-06,367.0,0.00178362
CTXC/BTC,1615915232566,2021-03-16T17:20:32.566Z,buy,4.86e-06,372.0,0.00180792
CTXC/BTC,1615915232569,2021-03-16T17:20:32.569Z,buy,4.86e-06,178.0,0.0008650800000000001
CTXC/BTC,1615915232580,2021-03-16T17:20:32.580Z,buy,4.86e-06,127.0,0.00061722
CTXC/BTC,1615915232588,2021-03-16T17:20:32.588Z,buy,4.86e-06,127.0,0.00061722
CTXC/BTC,1615915232596,2021-03-16T17:20:32.596Z,buy,4.86e-06,102.0,0.0004957200000000001
CTXC/BTC,1615915233889,2021-03-16T17:20:33.889Z,buy,4.86e-06,199.0,0.00096714
CTXC/BTC,1615915239030,2021-03-16T17:20:39.030Z,buy,4.87e-06,43.0,0.00020941
CTXC/BTC,1615915247466,2021-03-16T17:20:47.466Z,buy,4.88e-06,74.0,0.00036112
CTXC/BTC,1615915256821,2021-03-16T17:20:56.821Z,buy,4.87e-06,74.0,0.00036038
CTXC/BTC,1615915339734,2021-03-16T17:22:19.734Z,sell,4.87e-06,127.0,0.00061849
CTXC/BTC,1615915363823,2021-03-16T17:22:43.823Z,buy,4.87e-06,177.0,0.00086199
CTXC/BTC,1615915363823,2021-03-16T17:22:43.823Z,buy,4.88e-06,1791.0,0.008740079999999999
CTXC/BTC,1615915363823,2021-03-16T17:22:43.823Z,buy,4.89e-06,410.0,0.0020049
CTXC/BTC,1615915751090,2021-03-16T17:29:11.090Z,buy,4.87e-06,36.0,0.00017532
CTXC/BTC,1615915762045,2021-03-16T17:29:22.045Z,buy,4.87e-06,1677.0,0.00816699
CTXC/BTC,1615915762045,2021-03-16T17:29:22.045Z,buy,4.88e-06,785.0,0.0038308
CTXC/BTC,1615915886993,2021-03-16T17:31:26.993Z,sell,4.86e-06,65.0,0.0003159
CTXC/BTC,1615915937784,2021-03-16T17:32:17.784Z,buy,4.87e-06,101.0,0.00049187
CTXC/BTC,1615915937867,2021-03-16T17:32:17.867Z,buy,4.87e-06,74.0,0.00036038
CTXC/BTC,1615916033796,2021-03-16T17:33:53.796Z,buy,4.87e-06,371.0,0.00180677
CTXC/BTC,1615916033797,2021-03-16T17:33:53.797Z,buy,4.87e-06,366.0,0.00178242
CTXC/BTC,1615916033797,2021-03-16T17:33:53.797Z,buy,4.87e-06,171.0,0.00083277
CTXC/BTC,1615916033805,2021-03-16T17:33:53.805Z,buy,4.87e-06,171.0,0.00083277
CTXC/BTC,1615916049015,2021-03-16T17:34:09.015Z,buy,4.87e-06,8.0,3.896e-05
CTXC/BTC,1615916074368,2021-03-16T17:34:34.368Z,buy,4.87e-06,48.0,0.00023376
CTXC/BTC,1615916074396,2021-03-16T17:34:34.396Z,buy,4.87e-06,241.0,0.00117367
CTXC/BTC,1615916074424,2021-03-16T17:34:34.424Z,buy,4.87e-06,241.0,0.00117367
CTXC/BTC,1615916074463,2021-03-16T17:34:34.463Z,buy,4.87e-06,241.0,0.00117367
CTXC/BTC,1615916074492,2021-03-16T17:34:34.492Z,buy,4.87e-06,241.0,0.00117367
CTXC/BTC,1615916074561,2021-03-16T17:34:34.561Z,buy,4.87e-06,210.0,0.0010227
CTXC/BTC,1615916105320,2021-03-16T17:35:05.320Z,sell,4.87e-06,213.0,0.00103731
CTXC/BTC,1615916105344,2021-03-16T17:35:05.344Z,buy,4.87e-06,161.0,0.00078407
CTXC/BTC,1615916129455,2021-03-16T17:35:29.455Z,buy,4.88e-06,4098.0,0.01999824
CTXC/BTC,1615916146539,2021-03-16T17:35:46.539Z,buy,4.88e-06,2049.0,0.00999912
CTXC/BTC,1615916146561,2021-03-16T17:35:46.561Z,buy,4.88e-06,1768.0,0.00862784
CTXC/BTC,1615916154384,2021-03-16T17:35:54.384Z,buy,4.87e-06,260.0,0.0012662
CTXC/BTC,1615916154391,2021-03-16T17:35:54.391Z,buy,4.87e-06,109.0,0.00053083
CTXC/BTC,1615916162390,2021-03-16T17:36:02.390Z,buy,4.88e-06,45.0,0.0002196
CTXC/BTC,1615916218126,2021-03-16T17:36:58.126Z,buy,4.88e-06,607.0,0.0029621599999999997
CTXC/BTC,1615916225833,2021-03-16T17:37:05.833Z,buy,4.88e-06,10755.0,0.0524844
CTXC/BTC,1615916225906,2021-03-16T17:37:05.906Z,buy,4.88e-06,9869.0,0.04816072
CTXC/BTC,1615916225989,2021-03-16T17:37:05.989Z,buy,4.88e-06,6430.0,0.0313784
CTXC/BTC,1615916235838,2021-03-16T17:37:15.838Z,sell,4.86e-06,338.0,0.00164268
CTXC/BTC,1615916248506,2021-03-16T17:37:28.506Z,sell,4.85e-06,1249.0,0.00605765
CTXC/BTC,1615916248506,2021-03-16T17:37:28.506Z,sell,4.84e-06,209.0,0.00101156
CTXC/BTC,1615916255856,2021-03-16T17:37:35.856Z,sell,4.84e-06,640.0,0.0030976000000000003
CTXC/BTC,1615916255917,2021-03-16T17:37:35.917Z,sell,4.84e-06,729.0,0.0035283600000000004
CTXC/BTC,1615916255971,2021-03-16T17:37:35.971Z,sell,4.84e-06,522.0,0.0025264800000000002
CTXC/BTC,1615916258162,2021-03-16T17:37:38.162Z,sell,4.84e-06,103.0,0.00049852
CTXC/BTC,1615916258171,2021-03-16T17:37:38.171Z,sell,4.83e-06,103.0,0.0004974900000000001
CTXC/BTC,1615916262605,2021-03-16T17:37:42.605Z,sell,4.83e-06,605.0,0.00292215
CTXC/BTC,1615916262634,2021-03-16T17:37:42.634Z,sell,4.82e-06,178.0,0.00085796
CTXC/BTC,1615916262635,2021-03-16T17:37:42.635Z,sell,4.82e-06,392.0,0.0018894399999999998
CTXC/BTC,1615916262661,2021-03-16T17:37:42.661Z,sell,4.82e-06,189.0,0.0009109799999999999
CTXC/BTC,1615916262665,2021-03-16T17:37:42.665Z,sell,4.82e-06,475.0,0.0022895
CTXC/BTC,1615916262666,2021-03-16T17:37:42.666Z,sell,4.82e-06,178.0,0.00085796
CTXC/BTC,1615916262672,2021-03-16T17:37:42.672Z,sell,4.82e-06,108.0,0.00052056
CTXC/BTC,1615916262677,2021-03-16T17:37:42.677Z,sell,4.81e-06,127.0,0.00061087
CTXC/BTC,1615916262759,2021-03-16T17:37:42.759Z,sell,4.82e-06,127.0,0.00061214
CTXC/BTC,1615916262771,2021-03-16T17:37:42.771Z,sell,4.82e-06,102.0,0.00049164
CTXC/BTC,1615916262775,2021-03-16T17:37:42.775Z,sell,4.82e-06,114.0,0.00054948
CTXC/BTC,1615916262779,2021-03-16T17:37:42.779Z,sell,4.82e-06,21.0,0.00010122
CTXC/BTC,1615916262933,2021-03-16T17:37:42.933Z,sell,4.81e-06,4280.0,0.0205868
CTXC/BTC,1615916264001,2021-03-16T17:37:44.001Z,sell,4.82e-06,40.0,0.00019279999999999997
CTXC/BTC,1615916268132,2021-03-16T17:37:48.132Z,sell,4.8e-06,80.0,0.000384
CTXC/BTC,1615916268164,2021-03-16T17:37:48.164Z,sell,4.8e-06,660.0,0.003168
CTXC/BTC,1615916268175,2021-03-16T17:37:48.175Z,sell,4.8e-06,12853.0,0.061694399999999996
CTXC/BTC,1615916268175,2021-03-16T17:37:48.175Z,sell,4.8e-06,379.0,0.0018192
CTXC/BTC,1615916268195,2021-03-16T17:37:48.195Z,sell,4.8e-06,19599.0,0.0940752
CTXC/BTC,1615916268208,2021-03-16T17:37:48.208Z,sell,4.8e-06,660.0,0.003168
CTXC/BTC,1615916268257,2021-03-16T17:37:48.257Z,sell,4.8e-06,660.0,0.003168
CTXC/BTC,1615916268312,2021-03-16T17:37:48.312Z,sell,4.8e-06,660.0,0.003168
CTXC/BTC,1615916268373,2021-03-16T17:37:48.373Z,sell,4.8e-06,660.0,0.003168
CTXC/BTC,1615916268413,2021-03-16T17:37:48.413Z,sell,4.8e-06,660.0,0.003168
CTXC/BTC,1615916268414,2021-03-16T17:37:48.414Z,sell,4.8e-06,291.0,0.0013968
CTXC/BTC,1615916268422,2021-03-16T17:37:48.422Z,sell,4.8e-06,81.0,0.00038879999999999996
CTXC/BTC,1615916268422,2021-03-16T17:37:48.422Z,sell,4.8e-06,133.0,0.0006384
CTXC/BTC,1615916268485,2021-03-16T17:37:48.485Z,sell,4.8e-06,118.0,0.0005664
CTXC/BTC,1615916270543,2021-03-16T17:37:50.543Z,sell,4.79e-06,45.0,0.00021555
CTXC/BTC,1615916273314,2021-03-16T17:37:53.314Z,sell,4.79e-06,1468.0,0.00703172
CTXC/BTC,1615916294910,2021-03-16T17:38:14.910Z,sell,4.79e-06,104.0,0.00049816
CTXC/BTC,1615916297407,2021-03-16T17:38:17.407Z,sell,4.78e-06,1384.0,0.00661552
CTXC/BTC,1615916332714,2021-03-16T17:38:52.714Z,sell,4.78e-06,105.0,0.0005019
CTXC/BTC,1615916332852,2021-03-16T17:38:52.852Z,sell,4.77e-06,247.0,0.00117819
CTXC/BTC,1615916333354,2021-03-16T17:38:53.354Z,sell,4.76e-06,3540.0,0.0168504
CTXC/BTC,1615916333375,2021-03-16T17:38:53.375Z,sell,4.75e-06,113.0,0.00053675
CTXC/BTC,1615916344821,2021-03-16T17:39:04.821Z,sell,4.75e-06,8250.0,0.0391875
CTXC/BTC,1615916350209,2021-03-16T17:39:10.209Z,sell,4.75e-06,660.0,0.003135
CTXC/BTC,1615916350266,2021-03-16T17:39:10.266Z,sell,4.75e-06,660.0,0.003135
CTXC/BTC,1615916350691,2021-03-16T17:39:10.691Z,sell,4.75e-06,66.0,0.00031350000000000003
CTXC/BTC,1615916396010,2021-03-16T17:39:56.010Z,sell,4.75e-06,734.0,0.0034865
CTXC/BTC,1615916417087,2021-03-16T17:40:17.087Z,sell,4.75e-06,977.0,0.00464075
CTXC/BTC,1615916417097,2021-03-16T17:40:17.097Z,sell,4.75e-06,547.0,0.0025982500000000003
CTXC/BTC,1615916417099,2021-03-16T17:40:17.099Z,sell,4.75e-06,547.0,0.0025982500000000003
CTXC/BTC,1615916451536,2021-03-16T17:40:51.536Z,sell,4.75e-06,316.0,0.0015010000000000002
CTXC/BTC,1615916452203,2021-03-16T17:40:52.203Z,sell,4.75e-06,470.0,0.0022325
CTXC/BTC,1615916452220,2021-03-16T17:40:52.220Z,sell,4.75e-06,229.0,0.00108775
CTXC/BTC,1615916452233,2021-03-16T17:40:52.233Z,sell,4.75e-06,479.0,0.00227525
CTXC/BTC,1615916465493,2021-03-16T17:41:05.493Z,sell,4.75e-06,660.0,0.003135
CTXC/BTC,1615916465632,2021-03-16T17:41:05.632Z,sell,4.75e-06,729.0,0.00346275
CTXC/BTC,1615916478717,2021-03-16T17:41:18.717Z,sell,4.75e-06,138.0,0.0006555
CTXC/BTC,1615916484700,2021-03-16T17:41:24.700Z,sell,4.74e-06,855.0,0.0040527
CTXC/BTC,1615916484712,2021-03-16T17:41:24.712Z,sell,4.74e-06,284.0,0.00134616
CTXC/BTC,1615916492100,2021-03-16T17:41:32.100Z,sell,4.74e-06,39.0,0.00018486000000000002
CTXC/BTC,1615916494123,2021-03-16T17:41:34.123Z,sell,4.74e-06,118.0,0.0005593200000000001
CTXC/BTC,1615916615520,2021-03-16T17:43:35.520Z,buy,4.76e-06,815.0,0.0038794000000000003
CTXC/BTC,1615916615569,2021-03-16T17:43:35.569Z,buy,4.76e-06,339.0,0.00161364
CTXC/BTC,1615916618157,2021-03-16T17:43:38.157Z,buy,4.76e-06,347.0,0.00165172
CTXC/BTC,1615916618221,2021-03-16T17:43:38.221Z,buy,4.76e-06,331.0,0.0015755600000000002
CTXC/BTC,1615916618345,2021-03-16T17:43:38.345Z,buy,4.76e-06,331.0,0.0015755600000000002
CTXC/BTC,1615916618663,2021-03-16T17:43:38.663Z,buy,4.76e-06,65.0,0.0003094
CTXC/BTC,1615916623864,2021-03-16T17:43:43.864Z,buy,4.76e-06,282.0,0.0013423200000000001
CTXC/BTC,1615916624070,2021-03-16T17:43:44.070Z,buy,4.76e-06,339.0,0.00161364
CTXC/BTC,1615916773610,2021-03-16T17:46:13.610Z,buy,4.76e-06,181.0,0.00086156
CTXC/BTC,1615916773610,2021-03-16T17:46:13.610Z,buy,4.76e-06,439.0,0.0020896400000000002
CTXC/BTC,1615916773615,2021-03-16T17:46:13.615Z,buy,4.76e-06,439.0,0.0020896400000000002
CTXC/BTC,1615916773615,2021-03-16T17:46:13.615Z,buy,4.76e-06,58.0,0.00027608
CTXC/BTC,1615916801596,2021-03-16T17:46:41.596Z,buy,4.77e-06,141.0,0.00067257
CTXC/BTC,1615916801606,2021-03-16T17:46:41.606Z,buy,4.77e-06,189.0,0.00090153
CTXC/BTC,1615916874878,2021-03-16T17:47:54.878Z,sell,4.77e-06,45.0,0.00021465
CTXC/BTC,1615916881973,2021-03-16T17:48:01.973Z,sell,4.77e-06,138.0,0.00065826
CTXC/BTC,1615916884055,2021-03-16T17:48:04.055Z,buy,4.77e-06,181.0,0.00086337
CTXC/BTC,1615916884055,2021-03-16T17:48:04.055Z,buy,4.78e-06,794.0,0.00379532
CTXC/BTC,1615916889919,2021-03-16T17:48:09.919Z,buy,4.77e-06,839.0,0.00400203
CTXC/BTC,1615916900882,2021-03-16T17:48:20.882Z,buy,4.78e-06,1553.0,0.00742334
CTXC/BTC,1615916900883,2021-03-16T17:48:20.883Z,buy,4.78e-06,1564.0,0.00747592
CTXC/BTC,1615916900883,2021-03-16T17:48:20.883Z,buy,4.78e-06,1204.0,0.00575512
CTXC/BTC,1615916939011,2021-03-16T17:48:59.011Z,buy,4.79e-06,66.0,0.00031614
CTXC/BTC,1615917008888,2021-03-16T17:50:08.888Z,buy,4.79e-06,377.0,0.00180583
CTXC/BTC,1615917008891,2021-03-16T17:50:08.891Z,buy,4.79e-06,372.0,0.00178188
CTXC/BTC,1615917008892,2021-03-16T17:50:08.892Z,buy,4.79e-06,372.0,0.00178188
CTXC/BTC,1615917009364,2021-03-16T17:50:09.364Z,buy,4.79e-06,90.0,0.0004311
CTXC/BTC,1615917009422,2021-03-16T17:50:09.422Z,buy,4.79e-06,230.0,0.0011017
CTXC/BTC,1615917011281,2021-03-16T17:50:11.281Z,buy,4.79e-06,230.0,0.0011017
CTXC/BTC,1615917020312,2021-03-16T17:50:20.312Z,buy,4.79e-06,372.0,0.00178188
CTXC/BTC,1615917020313,2021-03-16T17:50:20.313Z,buy,4.79e-06,318.0,0.00152322
CTXC/BTC,1615917439076,2021-03-16T17:57:19.076Z,sell,4.77e-06,69.0,0.00032913
CTXC/BTC,1615917509572,2021-03-16T17:58:29.572Z,sell,4.77e-06,21.0,0.00010017
CTXC/BTC,1615917509572,2021-03-16T17:58:29.572Z,sell,4.76e-06,160.0,0.0007616000000000001
CTXC/BTC,1615917567178,2021-03-16T17:59:27.178Z,sell,4.77e-06,576.0,0.00274752
CTXC/BTC,1615917567178,2021-03-16T17:59:27.178Z,sell,4.77e-06,576.0,0.00274752
CTXC/BTC,1615917635023,2021-03-16T18:00:35.023Z,buy,4.78e-06,373.0,0.00178294
CTXC/BTC,1615917635028,2021-03-16T18:00:35.028Z,buy,4.78e-06,378.0,0.00180684
CTXC/BTC,1615917635028,2021-03-16T18:00:35.028Z,buy,4.78e-06,373.0,0.00178294
CTXC/BTC,1615917650493,2021-03-16T18:00:50.493Z,buy,4.78e-06,48.0,0.00022944
CTXC/BTC,1615917659814,2021-03-16T18:00:59.814Z,buy,4.78e-06,373.0,0.00178294
CTXC/BTC,1615917659814,2021-03-16T18:00:59.814Z,buy,4.78e-06,208.0,0.00099424
CTXC/BTC,1615917683758,2021-03-16T18:01:23.758Z,buy,4.79e-06,1081.0,0.0051779899999999995
CTXC/BTC,1615917683758,2021-03-16T18:01:23.758Z,buy,4.8e-06,486.0,0.0023328
CTXC/BTC,1615917683758,2021-03-16T18:01:23.758Z,buy,4.81e-06,40174.0,0.19323694
CTXC/BTC,1615917732764,2021-03-16T18:02:12.764Z,buy,4.8e-06,571.0,0.0027408
CTXC/BTC,1615917732765,2021-03-16T18:02:12.765Z,buy,4.8e-06,179.0,0.0008592
CTXC/BTC,1615917732765,2021-03-16T18:02:12.765Z,buy,4.8e-06,571.0,0.0027408
CTXC/BTC,1615917732770,2021-03-16T18:02:12.770Z,buy,4.8e-06,365.0,0.0017519999999999999
CTXC/BTC,1615917736602,2021-03-16T18:02:16.602Z,buy,4.82e-06,179.0,0.00086278
CTXC/BTC,1615917736614,2021-03-16T18:02:16.614Z,buy,4.82e-06,128.0,0.00061696
CTXC/BTC,1615917736622,2021-03-16T18:02:16.622Z,buy,4.82e-06,128.0,0.00061696
CTXC/BTC,1615917736630,2021-03-16T18:02:16.630Z,buy,4.82e-06,103.0,0.00049646
CTXC/BTC,1615917736644,2021-03-16T18:02:16.644Z,buy,4.82e-06,103.0,0.00049646
CTXC/BTC,1615917737190,2021-03-16T18:02:17.190Z,buy,4.82e-06,445.0,0.0021449
CTXC/BTC,1615917740368,2021-03-16T18:02:20.368Z,buy,4.82e-06,2500.0,0.012049999999999998
CTXC/BTC,1615917752939,2021-03-16T18:02:32.939Z,buy,4.83e-06,660.0,0.0031878
CTXC/BTC,1615917752939,2021-03-16T18:02:32.939Z,buy,4.83e-06,660.0,0.0031878
CTXC/BTC,1615917753005,2021-03-16T18:02:33.005Z,buy,4.83e-06,1217.0,0.005878110000000001
CTXC/BTC,1615917785242,2021-03-16T18:03:05.242Z,buy,4.83e-06,88.0,0.00042504
CTXC/BTC,1615917808507,2021-03-16T18:03:28.507Z,sell,4.83e-06,40.0,0.0001932
CTXC/BTC,1615917848051,2021-03-16T18:04:08.051Z,sell,4.83e-06,21.0,0.00010143000000000001
CTXC/BTC,1615917871110,2021-03-16T18:04:31.110Z,sell,4.83e-06,139.0,0.00067137
CTXC/BTC,1615917871110,2021-03-16T18:04:31.110Z,sell,4.82e-06,1604.0,0.007731279999999999
CTXC/BTC,1615917871110,2021-03-16T18:04:31.110Z,sell,4.81e-06,4464.0,0.02147184
CTXC/BTC,1615917871110,2021-03-16T18:04:31.110Z,sell,4.8e-06,14642.0,0.0702816
CTXC/BTC,1615917888837,2021-03-16T18:04:48.837Z,buy,4.84e-06,551.0,0.00266684
CTXC/BTC,1615917925666,2021-03-16T18:05:25.666Z,buy,4.84e-06,75.0,0.00036300000000000004
CTXC/BTC,1615917938536,2021-03-16T18:05:38.536Z,buy,4.84e-06,95.0,0.0004598
CTXC/BTC,1615917938547,2021-03-16T18:05:38.547Z,buy,4.84e-06,94.0,0.00045496
CTXC/BTC,1615917966397,2021-03-16T18:06:06.397Z,buy,4.84e-06,162.0,0.00078408
CTXC/BTC,1615917968526,2021-03-16T18:06:08.526Z,buy,4.85e-06,1032.0,0.0050052000000000004
CTXC/BTC,1615917968614,2021-03-16T18:06:08.614Z,buy,4.86e-06,524.0,0.00254664
CTXC/BTC,1615917974441,2021-03-16T18:06:14.441Z,buy,4.87e-06,2860.0,0.0139282
CTXC/BTC,1615917981248,2021-03-16T18:06:21.248Z,buy,4.87e-06,75.0,0.00036525
CTXC/BTC,1615917983445,2021-03-16T18:06:23.445Z,buy,4.88e-06,150.0,0.000732
CTXC/BTC,1615917983488,2021-03-16T18:06:23.488Z,buy,4.88e-06,661.0,0.00322568
CTXC/BTC,1615917983504,2021-03-16T18:06:23.504Z,buy,4.88e-06,660.0,0.0032208
CTXC/BTC,1615917983527,2021-03-16T18:06:23.527Z,buy,4.88e-06,661.0,0.00322568
CTXC/BTC,1615917985938,2021-03-16T18:06:25.938Z,buy,4.88e-06,34999.0,0.17079512
CTXC/BTC,1615917992696,2021-03-16T18:06:32.696Z,buy,4.89e-06,403.0,0.00197067
CTXC/BTC,1615918085076,2021-03-16T18:08:05.076Z,buy,4.89e-06,2029.0,0.00992181
CTXC/BTC,1615918183343,2021-03-16T18:09:43.343Z,sell,4.88e-06,90.0,0.0004392
CTXC/BTC,1615918230788,2021-03-16T18:10:30.788Z,buy,4.89e-06,110.0,0.0005379
CTXC/BTC,1615918234366,2021-03-16T18:10:34.366Z,sell,4.88e-06,35.0,0.0001708
CTXC/BTC,1615918264847,2021-03-16T18:11:04.847Z,buy,4.88e-06,75.0,0.000366
CTXC/BTC,1615918319082,2021-03-16T18:11:59.082Z,buy,4.88e-06,137.0,0.00066856
CTXC/BTC,1615918324985,2021-03-16T18:12:04.985Z,buy,4.89e-06,660.0,0.0032274
CTXC/BTC,1615918325013,2021-03-16T18:12:05.013Z,buy,4.89e-06,20558.0,0.10052862
CTXC/BTC,1615918326744,2021-03-16T18:12:06.744Z,buy,4.9e-06,253.0,0.0012396999999999998
CTXC/BTC,1615918330712,2021-03-16T18:12:10.712Z,buy,4.91e-06,150.0,0.0007365
CTXC/BTC,1615918334332,2021-03-16T18:12:14.332Z,buy,4.91e-06,868.0,0.00426188
CTXC/BTC,1615918345609,2021-03-16T18:12:25.609Z,buy,4.92e-06,2907.0,0.014302440000000001
CTXC/BTC,1615918349814,2021-03-16T18:12:29.814Z,buy,4.93e-06,729.0,0.00359397
CTXC/BTC,1615918350911,2021-03-16T18:12:30.911Z,sell,4.93e-06,1430.0,0.0070499000000000004
CTXC/BTC,1615918368567,2021-03-16T18:12:48.567Z,buy,4.95e-06,46.0,0.0002277
CTXC/BTC,1615918410448,2021-03-16T18:13:30.448Z,sell,4.93e-06,245.0,0.0012078500000000001
CTXC/BTC,1615918444023,2021-03-16T18:14:04.023Z,sell,4.93e-06,202.0,0.00099586
CTXC/BTC,1615918444934,2021-03-16T18:14:04.934Z,sell,4.93e-06,21.0,0.00010353
CTXC/BTC,1615918479814,2021-03-16T18:14:39.814Z,buy,4.95e-06,41.0,0.00020295
CTXC/BTC,1615918520937,2021-03-16T18:15:20.937Z,sell,4.92e-06,48.0,0.00023616000000000002
CTXC/BTC,1615918625068,2021-03-16T18:17:05.068Z,buy,4.94e-06,832.0,0.00411008
CTXC/BTC,1615918625074,2021-03-16T18:17:05.074Z,buy,4.94e-06,58.0,0.00028652
CTXC/BTC,1615918713675,2021-03-16T18:18:33.675Z,buy,4.95e-06,46.0,0.0002277
CTXC/BTC,1615918819434,2021-03-16T18:20:19.434Z,sell,4.93e-06,177.0,0.00087261
CTXC/BTC,1615918830433,2021-03-16T18:20:30.433Z,sell,4.92e-06,1630.0,0.0080196
CTXC/BTC,1615918830440,2021-03-16T18:20:30.440Z,buy,4.92e-06,4871.0,0.023965320000000002
CTXC/BTC,1615918942164,2021-03-16T18:22:22.164Z,buy,4.93e-06,2397.0,0.01181721
CTXC/BTC,1615918962584,2021-03-16T18:22:42.584Z,sell,4.92e-06,22.0,0.00010824000000000001
CTXC/BTC,1615919056567,2021-03-16T18:24:16.567Z,sell,4.92e-06,138.0,0.00067896
CTXC/BTC,1615919174864,2021-03-16T18:26:14.864Z,buy,4.92e-06,619.0,0.00304548
CTXC/BTC,1615919261241,2021-03-16T18:27:41.241Z,buy,4.92e-06,105.0,0.0005166000000000001
CTXC/BTC,1615919261302,2021-03-16T18:27:41.302Z,buy,4.92e-06,67.0,0.00032964
CTXC/BTC,1615919420310,2021-03-16T18:30:20.310Z,sell,4.91e-06,102.0,0.0005008199999999999
CTXC/BTC,1615919426941,2021-03-16T18:30:26.941Z,buy,4.92e-06,429.0,0.00211068
CTXC/BTC,1615919426941,2021-03-16T18:30:26.941Z,buy,4.93e-06,26331.0,0.12981183000000002
CTXC/BTC,1615919426946,2021-03-16T18:30:26.946Z,sell,4.93e-06,10790.0,0.053194700000000004
CTXC/BTC,1615919426946,2021-03-16T18:30:26.946Z,sell,4.93e-06,3017.0,0.014873810000000001
CTXC/BTC,1615919426977,2021-03-16T18:30:26.977Z,buy,4.93e-06,3328.0,0.01640704
CTXC/BTC,1615919426977,2021-03-16T18:30:26.977Z,buy,4.94e-06,183.0,0.0009040200000000001
CTXC/BTC,1615919426977,2021-03-16T18:30:26.977Z,buy,4.95e-06,4323.0,0.02139885
CTXC/BTC,1615919426977,2021-03-16T18:30:26.977Z,buy,4.96e-06,1574.0,0.00780704
CTXC/BTC,1615919478532,2021-03-16T18:31:18.532Z,buy,4.95e-06,203.0,0.00100485
CTXC/BTC,1615919611649,2021-03-16T18:33:31.649Z,sell,4.93e-06,72.0,0.00035496000000000003
CTXC/BTC,1615920094890,2021-03-16T18:41:34.890Z,sell,4.93e-06,107.0,0.00052751
CTXC/BTC,1615920105142,2021-03-16T18:41:45.142Z,sell,4.93e-06,129.0,0.00063597
CTXC/BTC,1615920105142,2021-03-16T18:41:45.142Z,sell,4.92e-06,28.0,0.00013776
CTXC/BTC,1615920122344,2021-03-16T18:42:02.344Z,buy,4.94e-06,100.0,0.000494
CTXC/BTC,1615920122346,2021-03-16T18:42:02.346Z,buy,4.94e-06,100.0,0.000494
CTXC/BTC,1615920126628,2021-03-16T18:42:06.628Z,buy,4.94e-06,69.0,0.00034086
CTXC/BTC,1615920279424,2021-03-16T18:44:39.424Z,buy,4.95e-06,1804.0,0.0089298
CTXC/BTC,1615920301350,2021-03-16T18:45:01.350Z,buy,4.95e-06,105.0,0.00051975
CTXC/BTC,1615920304577,2021-03-16T18:45:04.577Z,buy,4.95e-06,81.0,0.00040095
CTXC/BTC,1615920409664,2021-03-16T18:46:49.664Z,buy,4.96e-06,40.0,0.0001984
CTXC/BTC,1615920410148,2021-03-16T18:46:50.148Z,buy,4.96e-06,181.0,0.0008977599999999999
CTXC/BTC,1615920710697,2021-03-16T18:51:50.697Z,sell,4.94e-06,21.0,0.00010374
CTXC/BTC,1615920734334,2021-03-16T18:52:14.334Z,buy,4.96e-06,137.0,0.00067952
CTXC/BTC,1615920743686,2021-03-16T18:52:23.686Z,buy,4.96e-06,28.0,0.00013888
CTXC/BTC,1615920821080,2021-03-16T18:53:41.080Z,sell,4.94e-06,119.0,0.00058786
CTXC/BTC,1615920824820,2021-03-16T18:53:44.820Z,sell,4.92e-06,366.0,0.00180072
CTXC/BTC,1615920824821,2021-03-16T18:53:44.821Z,sell,4.92e-06,41.0,0.00020172
CTXC/BTC,1615920826819,2021-03-16T18:53:46.819Z,sell,4.92e-06,458.0,0.0022533600000000003
CTXC/BTC,1615920847644,2021-03-16T18:54:07.644Z,sell,4.92e-06,102.0,0.00050184
CTXC/BTC,1615920932229,2021-03-16T18:55:32.229Z,sell,4.91e-06,771.0,0.0037856099999999996
CTXC/BTC,1615920939802,2021-03-16T18:55:39.802Z,sell,4.91e-06,1782.0,0.00874962
CTXC/BTC,1615920939805,2021-03-16T18:55:39.805Z,sell,4.91e-06,52.0,0.00025531999999999996
CTXC/BTC,1615920941326,2021-03-16T18:55:41.326Z,sell,4.91e-06,440.0,0.0021604
CTXC/BTC,1615920953246,2021-03-16T18:55:53.246Z,buy,4.91e-06,48.0,0.00023568
CTXC/BTC,1615920978977,2021-03-16T18:56:18.977Z,sell,4.9e-06,440.0,0.002156
CTXC/BTC,1615920979012,2021-03-16T18:56:19.012Z,sell,4.9e-06,303.0,0.0014846999999999998
CTXC/BTC,1615921013229,2021-03-16T18:56:53.229Z,sell,4.89e-06,23.0,0.00011247
CTXC/BTC,1615921131175,2021-03-16T18:58:51.175Z,sell,4.89e-06,25.0,0.00012225
CTXC/BTC,1615921148009,2021-03-16T18:59:08.009Z,buy,4.91e-06,40.0,0.00019639999999999998
CTXC/BTC,1615921148009,2021-03-16T18:59:08.009Z,buy,4.91e-06,40.0,0.00019639999999999998
CTXC/BTC,1615921208078,2021-03-16T19:00:08.078Z,sell,4.89e-06,315.0,0.00154035
CTXC/BTC,1615921208078,2021-03-16T19:00:08.078Z,sell,4.89e-06,75.0,0.00036675
CTXC/BTC,1615921214051,2021-03-16T19:00:14.051Z,sell,4.88e-06,83.0,0.00040504
CTXC/BTC,1615921214296,2021-03-16T19:00:14.296Z,sell,4.88e-06,3687.0,0.01799256
CTXC/BTC,1615921219761,2021-03-16T19:00:19.761Z,sell,4.88e-06,102.0,0.00049776
CTXC/BTC,1615921219761,2021-03-16T19:00:19.761Z,sell,4.87e-06,176.0,0.00085712
CTXC/BTC,1615921229912,2021-03-16T19:00:29.912Z,sell,4.88e-06,400.0,0.001952
CTXC/BTC,1615921252840,2021-03-16T19:00:52.840Z,sell,4.88e-06,500.0,0.00244
CTXC/BTC,1615921268479,2021-03-16T19:01:08.479Z,buy,4.89e-06,116.0,0.00056724
CTXC/BTC,1615921482965,2021-03-16T19:04:42.965Z,sell,4.89e-06,283.0,0.00138387
CTXC/BTC,1615921952299,2021-03-16T19:12:32.299Z,sell,4.89e-06,178.0,0.00087042
CTXC/BTC,1615921952300,2021-03-16T19:12:32.300Z,sell,4.89e-06,33374.0,0.16319886
CTXC/BTC,1615921952300,2021-03-16T19:12:32.300Z,sell,4.89e-06,663.0,0.0032420699999999997
CTXC/BTC,1615921952301,2021-03-16T19:12:32.301Z,sell,4.89e-06,475.0,0.0023227499999999997
CTXC/BTC,1615921952302,2021-03-16T19:12:32.302Z,sell,4.89e-06,475.0,0.0023227499999999997
CTXC/BTC,1615921952302,2021-03-16T19:12:32.302Z,sell,4.89e-06,475.0,0.0023227499999999997
CTXC/BTC,1615921952302,2021-03-16T19:12:32.302Z,sell,4.89e-06,475.0,0.0023227499999999997
CTXC/BTC,1615921952303,2021-03-16T19:12:32.303Z,sell,4.89e-06,4021.0,0.01966269
CTXC/BTC,1615921952304,2021-03-16T19:12:32.304Z,sell,4.88e-06,37.0,0.00018056
CTXC/BTC,1615921952304,2021-03-16T19:12:32.304Z,sell,4.88e-06,475.0,0.0023179999999999997
CTXC/BTC,1615921952306,2021-03-16T19:12:32.306Z,sell,4.88e-06,475.0,0.0023179999999999997
CTXC/BTC,1615921952307,2021-03-16T19:12:32.307Z,sell,4.88e-06,475.0,0.0023179999999999997
CTXC/BTC,1615921977107,2021-03-16T19:12:57.107Z,sell,4.87e-06,38.0,0.00018506
CTXC/BTC,1615922061914,2021-03-16T19:14:21.914Z,buy,4.88e-06,99.0,0.00048311999999999997
CTXC/BTC,1615922080285,2021-03-16T19:14:40.285Z,buy,4.88e-06,47.0,0.00022935999999999999
CTXC/BTC,1615922114415,2021-03-16T19:15:14.415Z,sell,4.87e-06,1019.0,0.00496253
CTXC/BTC,1615922118023,2021-03-16T19:15:18.023Z,sell,4.87e-06,103.0,0.00050161
CTXC/BTC,1615922118055,2021-03-16T19:15:18.055Z,sell,4.87e-06,175.0,0.00085225
CTXC/BTC,1615922118091,2021-03-16T19:15:18.091Z,sell,4.87e-06,111.0,0.00054057
CTXC/BTC,1615922118091,2021-03-16T19:15:18.091Z,sell,4.86e-06,16.0,7.776e-05
CTXC/BTC,1615922241583,2021-03-16T19:17:21.583Z,buy,4.87e-06,178.0,0.00086686
CTXC/BTC,1615922241584,2021-03-16T19:17:21.584Z,buy,4.87e-06,306.0,0.00149022
CTXC/BTC,1615922283266,2021-03-16T19:18:03.266Z,buy,4.88e-06,600.0,0.002928
CTXC/BTC,1615922290961,2021-03-16T19:18:10.961Z,sell,4.86e-06,6918.0,0.03362148
CTXC/BTC,1615922343347,2021-03-16T19:19:03.347Z,buy,4.87e-06,234.0,0.00113958
CTXC/BTC,1615922634606,2021-03-16T19:23:54.606Z,sell,4.86e-06,96.0,0.00046656
CTXC/BTC,1615922880888,2021-03-16T19:28:00.888Z,buy,4.87e-06,467.0,0.00227429
CTXC/BTC,1615922943053,2021-03-16T19:29:03.053Z,buy,4.87e-06,123.0,0.00059901
CTXC/BTC,1615922976566,2021-03-16T19:29:36.566Z,buy,4.87e-06,298.0,0.00145126
CTXC/BTC,1615922976567,2021-03-16T19:29:36.567Z,buy,4.87e-06,169.0,0.00082303
CTXC/BTC,1615923146500,2021-03-16T19:32:26.500Z,sell,4.87e-06,518.0,0.00252266
CTXC/BTC,1615923168659,2021-03-16T19:32:48.659Z,sell,4.87e-06,22.0,0.00010714
CTXC/BTC,1615923269263,2021-03-16T19:34:29.263Z,buy,4.88e-06,21.0,0.00010248
CTXC/BTC,1615923326285,2021-03-16T19:35:26.285Z,sell,4.86e-06,1889.0,0.009180540000000001
CTXC/BTC,1615923404202,2021-03-16T19:36:44.202Z,sell,4.86e-06,76.0,0.00036936
CTXC/BTC,1615923538360,2021-03-16T19:38:58.360Z,sell,4.86e-06,3440.0,0.0167184
CTXC/BTC,1615923611661,2021-03-16T19:40:11.661Z,sell,4.86e-06,1027.0,0.00499122
CTXC/BTC,1615923616789,2021-03-16T19:40:16.789Z,sell,4.86e-06,40.0,0.0001944
CTXC/BTC,1615923686832,2021-03-16T19:41:26.832Z,sell,4.86e-06,35.0,0.00017010000000000001
CTXC/BTC,1615923748155,2021-03-16T19:42:28.155Z,sell,4.86e-06,2165.0,0.0105219
CTXC/BTC,1615923835245,2021-03-16T19:43:55.245Z,sell,4.86e-06,23.0,0.00011178
CTXC/BTC,1615923924887,2021-03-16T19:45:24.887Z,sell,4.86e-06,111.0,0.00053946
CTXC/BTC,1615923986462,2021-03-16T19:46:26.462Z,sell,4.86e-06,4332.0,0.02105352
CTXC/BTC,1615924015384,2021-03-16T19:46:55.384Z,buy,4.87e-06,551.0,0.00268337
CTXC/BTC,1615924025290,2021-03-16T19:47:05.290Z,sell,4.86e-06,116.0,0.00056376
CTXC/BTC,1615924108396,2021-03-16T19:48:28.396Z,buy,4.87e-06,100.0,0.000487
CTXC/BTC,1615924237665,2021-03-16T19:50:37.665Z,buy,4.88e-06,47.0,0.00022935999999999999
CTXC/BTC,1615924611746,2021-03-16T19:56:51.746Z,buy,4.88e-06,65.0,0.0003172
CTXC/BTC,1615924621882,2021-03-16T19:57:01.882Z,buy,4.88e-06,25.0,0.000122
CTXC/BTC,1615924621935,2021-03-16T19:57:01.935Z,buy,4.88e-06,21.0,0.00010248
CTXC/BTC,1615924622197,2021-03-16T19:57:02.197Z,buy,4.88e-06,21.0,0.00010248
CTXC/BTC,1615924695357,2021-03-16T19:58:15.357Z,buy,4.89e-06,21.0,0.00010269
CTXC/BTC,1615924698438,2021-03-16T19:58:18.438Z,sell,4.88e-06,21.0,0.00010248
CTXC/BTC,1615924698441,2021-03-16T19:58:18.441Z,sell,4.87e-06,178.0,0.00086686
CTXC/BTC,1615924698441,2021-03-16T19:58:18.441Z,sell,4.87e-06,178.0,0.00086686
CTXC/BTC,1615924844058,2021-03-16T20:00:44.058Z,buy,4.88e-06,160.0,0.0007808
CTXC/BTC,1615924855134,2021-03-16T20:00:55.134Z,buy,4.89e-06,279.0,0.0013643099999999999
CTXC/BTC,1615924857632,2021-03-16T20:00:57.632Z,buy,4.89e-06,290.0,0.0014180999999999998
CTXC/BTC,1615924961571,2021-03-16T20:02:41.571Z,buy,4.9e-06,2846.0,0.013945399999999998
CTXC/BTC,1615924961572,2021-03-16T20:02:41.572Z,buy,4.9e-06,279.0,0.0013671
CTXC/BTC,1615925045013,2021-03-16T20:04:05.013Z,sell,4.89e-06,107.0,0.00052323
CTXC/BTC,1615925086169,2021-03-16T20:04:46.169Z,sell,4.89e-06,21.0,0.00010269
CTXC/BTC,1615925215421,2021-03-16T20:06:55.421Z,buy,4.88e-06,73.0,0.00035623999999999996
CTXC/BTC,1615925226365,2021-03-16T20:07:06.365Z,buy,4.89e-06,2500.0,0.012225
CTXC/BTC,1615925245903,2021-03-16T20:07:25.903Z,buy,4.89e-06,1343.0,0.00656727
CTXC/BTC,1615925252814,2021-03-16T20:07:32.814Z,buy,4.89e-06,311.0,0.00152079
CTXC/BTC,1615925284236,2021-03-16T20:08:04.236Z,buy,4.89e-06,176.0,0.00086064
CTXC/BTC,1615925284244,2021-03-16T20:08:04.244Z,buy,4.89e-06,126.0,0.0006161399999999999
CTXC/BTC,1615925284252,2021-03-16T20:08:04.252Z,buy,4.89e-06,101.0,0.00049389
CTXC/BTC,1615925284263,2021-03-16T20:08:04.263Z,buy,4.89e-06,68.0,0.00033252
CTXC/BTC,1615925284273,2021-03-16T20:08:04.273Z,buy,4.89e-06,45.0,0.00022004999999999998
CTXC/BTC,1615925284649,2021-03-16T20:08:04.649Z,buy,4.89e-06,599.0,0.00292911
CTXC/BTC,1615925284707,2021-03-16T20:08:04.707Z,buy,4.89e-06,74.0,0.00036186
CTXC/BTC,1615925284742,2021-03-16T20:08:04.742Z,buy,4.89e-06,206.0,0.00100734
CTXC/BTC,1615925284751,2021-03-16T20:08:04.751Z,buy,4.89e-06,40683.0,0.19893987
CTXC/BTC,1615925308619,2021-03-16T20:08:28.619Z,buy,4.91e-06,177.0,0.0008690699999999999
CTXC/BTC,1615925308620,2021-03-16T20:08:28.620Z,buy,4.91e-06,906.0,0.00444846
CTXC/BTC,1615925310470,2021-03-16T20:08:30.470Z,buy,4.92e-06,408.0,0.00200736
CTXC/BTC,1615925310470,2021-03-16T20:08:30.470Z,buy,4.92e-06,40.0,0.0001968
CTXC/BTC,1615925313106,2021-03-16T20:08:33.106Z,buy,4.93e-06,403.0,0.00198679
CTXC/BTC,1615925332903,2021-03-16T20:08:52.903Z,buy,4.93e-06,68.0,0.00033524
CTXC/BTC,1615925340128,2021-03-16T20:09:00.128Z,buy,4.93e-06,44.0,0.00021692
CTXC/BTC,1615925361154,2021-03-16T20:09:21.154Z,buy,4.93e-06,29.0,0.00014297
CTXC/BTC,1615925388580,2021-03-16T20:09:48.580Z,buy,4.94e-06,373.0,0.0018426200000000001
CTXC/BTC,1615925398623,2021-03-16T20:09:58.623Z,buy,4.94e-06,46.0,0.00022724
CTXC/BTC,1615925459398,2021-03-16T20:10:59.398Z,buy,4.93e-06,72.0,0.00035496000000000003
CTXC/BTC,1615925478410,2021-03-16T20:11:18.410Z,sell,4.92e-06,293.0,0.0014415600000000002
CTXC/BTC,1615925478410,2021-03-16T20:11:18.410Z,sell,4.91e-06,1500.0,0.007364999999999999
CTXC/BTC,1615925478410,2021-03-16T20:11:18.410Z,sell,4.9e-06,2.0,9.8e-06
CTXC/BTC,1615925635660,2021-03-16T20:13:55.660Z,buy,4.92e-06,72.0,0.00035424
CTXC/BTC,1615925635660,2021-03-16T20:13:55.660Z,buy,4.94e-06,1846.0,0.00911924
CTXC/BTC,1615925635660,2021-03-16T20:13:55.660Z,buy,4.95e-06,16804.0,0.0831798
CTXC/BTC,1615925635660,2021-03-16T20:13:55.660Z,buy,4.96e-06,576.0,0.00285696
CTXC/BTC,1615925635660,2021-03-16T20:13:55.660Z,buy,4.97e-06,299.0,0.00148603
CTXC/BTC,1615925635660,2021-03-16T20:13:55.660Z,buy,4.98e-06,7052.0,0.03511896
CTXC/BTC,1615925635660,2021-03-16T20:13:55.660Z,buy,4.99e-06,731.0,0.00364769
CTXC/BTC,1615925635660,2021-03-16T20:13:55.660Z,buy,5e-06,126.0,0.00063
CTXC/BTC,1615925635667,2021-03-16T20:13:55.667Z,sell,5e-06,14921.0,0.074605
CTXC/BTC,1615925636978,2021-03-16T20:13:56.978Z,buy,4.95e-06,2557.0,0.01265715
CTXC/BTC,1615925648683,2021-03-16T20:14:08.683Z,sell,4.96e-06,144.0,0.00071424
CTXC/BTC,1615925716223,2021-03-16T20:15:16.223Z,sell,4.96e-06,107.0,0.00053072
CTXC/BTC,1615925716223,2021-03-16T20:15:16.223Z,sell,4.95e-06,19.0,9.405e-05
CTXC/BTC,1615925716400,2021-03-16T20:15:16.400Z,sell,4.95e-06,103.0,0.00050985
CTXC/BTC,1615925717008,2021-03-16T20:15:17.008Z,sell,4.95e-06,47.0,0.00023265
CTXC/BTC,1615925750114,2021-03-16T20:15:50.114Z,sell,4.95e-06,131.0,0.00064845
CTXC/BTC,1615925750925,2021-03-16T20:15:50.925Z,sell,4.95e-06,126.0,0.0006237
CTXC/BTC,1615925750938,2021-03-16T20:15:50.938Z,sell,4.95e-06,103.0,0.00050985
CTXC/BTC,1615925750946,2021-03-16T20:15:50.946Z,sell,4.95e-06,101.0,0.00049995
CTXC/BTC,1615925751124,2021-03-16T20:15:51.124Z,sell,4.95e-06,71.0,0.00035145
CTXC/BTC,1615925768809,2021-03-16T20:16:08.809Z,sell,4.94e-06,275.0,0.0013585000000000001
CTXC/BTC,1615925780514,2021-03-16T20:16:20.514Z,sell,4.94e-06,152.0,0.00075088
CTXC/BTC,1615925783579,2021-03-16T20:16:23.579Z,sell,4.94e-06,153.0,0.00075582
CTXC/BTC,1615926084160,2021-03-16T20:21:24.160Z,buy,4.95e-06,2300.0,0.011385
CTXC/BTC,1615926125879,2021-03-16T20:22:05.879Z,buy,4.95e-06,46.0,0.0002277
CTXC/BTC,1615926166155,2021-03-16T20:22:46.155Z,buy,4.95e-06,41.0,0.00020295
CTXC/BTC,1615926197307,2021-03-16T20:23:17.307Z,buy,4.95e-06,1749.0,0.00865755
CTXC/BTC,1615926212233,2021-03-16T20:23:32.233Z,sell,4.95e-06,660.0,0.003267
CTXC/BTC,1615926214487,2021-03-16T20:23:34.487Z,sell,4.95e-06,692.0,0.0034254
CTXC/BTC,1615926229493,2021-03-16T20:23:49.493Z,buy,4.96e-06,46.0,0.00022815999999999998
CTXC/BTC,1615926369294,2021-03-16T20:26:09.294Z,buy,4.96e-06,100.0,0.000496
CTXC/BTC,1615926402578,2021-03-16T20:26:42.578Z,buy,4.96e-06,34.0,0.00016864
CTXC/BTC,1615926443694,2021-03-16T20:27:23.694Z,sell,4.95e-06,1459.0,0.00722205
CTXC/BTC,1615926454195,2021-03-16T20:27:34.195Z,sell,4.95e-06,630.0,0.0031185
CTXC/BTC,1615926467847,2021-03-16T20:27:47.847Z,sell,4.95e-06,338.0,0.0016731
CTXC/BTC,1615926469514,2021-03-16T20:27:49.514Z,sell,4.95e-06,91.0,0.00045045
CTXC/BTC,1615926491377,2021-03-16T20:28:11.377Z,sell,4.95e-06,1705.0,0.00843975
CTXC/BTC,1615926491377,2021-03-16T20:28:11.377Z,sell,4.94e-06,853.0,0.00421382
CTXC/BTC,1615926514814,2021-03-16T20:28:34.814Z,sell,4.94e-06,23.0,0.00011362
CTXC/BTC,1615926651811,2021-03-16T20:30:51.811Z,buy,4.95e-06,987.0,0.00488565
CTXC/BTC,1615926689872,2021-03-16T20:31:29.872Z,buy,4.95e-06,296.0,0.0014652
CTXC/BTC,1615926689881,2021-03-16T20:31:29.881Z,buy,4.95e-06,301.0,0.00148995
CTXC/BTC,1615926689882,2021-03-16T20:31:29.882Z,buy,4.95e-06,301.0,0.00148995
CTXC/BTC,1615926851060,2021-03-16T20:34:11.060Z,buy,4.95e-06,24.0,0.0001188
CTXC/BTC,1615927017024,2021-03-16T20:36:57.024Z,buy,4.95e-06,22.0,0.0001089
CTXC/BTC,1615927042311,2021-03-16T20:37:22.311Z,buy,4.95e-06,20.0,9.9e-05
CTXC/BTC,1615927068563,2021-03-16T20:37:48.563Z,buy,4.95e-06,250.0,0.0012375
CTXC/BTC,1615927148691,2021-03-16T20:39:08.691Z,sell,4.94e-06,82.0,0.00040508
CTXC/BTC,1615927154683,2021-03-16T20:39:14.683Z,sell,4.94e-06,5.0,2.47e-05
CTXC/BTC,1615927154683,2021-03-16T20:39:14.683Z,sell,4.93e-06,30.0,0.00014790000000000002
CTXC/BTC,1615927466776,2021-03-16T20:44:26.776Z,sell,4.93e-06,71.0,0.00035003000000000004
CTXC/BTC,1615927471245,2021-03-16T20:44:31.245Z,sell,4.93e-06,270.0,0.0013311
CTXC/BTC,1615927945531,2021-03-16T20:52:25.531Z,sell,4.93e-06,2815.0,0.01387795
CTXC/BTC,1615928004955,2021-03-16T20:53:24.955Z,sell,4.93e-06,862.0,0.004249660000000001
CTXC/BTC,1615928004955,2021-03-16T20:53:24.955Z,sell,4.92e-06,18.0,8.856e-05
CTXC/BTC,1615928252378,2021-03-16T20:57:32.378Z,sell,4.93e-06,851.0,0.00419543
CTXC/BTC,1615928293374,2021-03-16T20:58:13.374Z,sell,4.93e-06,589.0,0.00290377
CTXC/BTC,1615928294977,2021-03-16T20:58:14.977Z,sell,4.93e-06,150.0,0.0007395
CTXC/BTC,1615928294977,2021-03-16T20:58:14.977Z,sell,4.93e-06,150.0,0.0007395
CTXC/BTC,1615928387436,2021-03-16T20:59:47.436Z,sell,4.93e-06,58.0,0.00028594
CTXC/BTC,1615928481326,2021-03-16T21:01:21.326Z,buy,4.94e-06,97.0,0.00047918
CTXC/BTC,1615928582647,2021-03-16T21:03:02.647Z,buy,4.95e-06,21.0,0.00010395
CTXC/BTC,1615928629836,2021-03-16T21:03:49.836Z,buy,4.95e-06,67.0,0.00033165
CTXC/BTC,1615928629844,2021-03-16T21:03:49.844Z,sell,4.95e-06,6.0,2.97e-05
CTXC/BTC,1615928666263,2021-03-16T21:04:26.263Z,sell,4.95e-06,54.0,0.0002673
CTXC/BTC,1615928727546,2021-03-16T21:05:27.546Z,buy,4.96e-06,21.0,0.00010416
CTXC/BTC,1615928857630,2021-03-16T21:07:37.630Z,sell,4.94e-06,68.0,0.00033592
CTXC/BTC,1615928911810,2021-03-16T21:08:31.810Z,sell,4.94e-06,1916.0,0.009465040000000001
CTXC/BTC,1615928911810,2021-03-16T21:08:31.810Z,sell,4.93e-06,2826.0,0.01393218
CTXC/BTC,1615928911817,2021-03-16T21:08:31.817Z,buy,4.93e-06,1397.0,0.00688721
CTXC/BTC,1615928911818,2021-03-16T21:08:31.818Z,buy,4.93e-06,175.0,0.00086275
CTXC/BTC,1615928911819,2021-03-16T21:08:31.819Z,buy,4.93e-06,455.0,0.00224315
CTXC/BTC,1615929289518,2021-03-16T21:14:49.518Z,sell,4.94e-06,363.0,0.00179322
CTXC/BTC,1615929289518,2021-03-16T21:14:49.518Z,sell,4.94e-06,175.0,0.0008645
CTXC/BTC,1615929289523,2021-03-16T21:14:49.523Z,sell,4.94e-06,365.0,0.0018031
CTXC/BTC,1615929289938,2021-03-16T21:14:49.938Z,sell,4.94e-06,363.0,0.00179322
CTXC/BTC,1615929289941,2021-03-16T21:14:49.941Z,sell,4.94e-06,22.0,0.00010868
CTXC/BTC,1615929342972,2021-03-16T21:15:42.972Z,sell,4.93e-06,126.0,0.00062118
CTXC/BTC,1615929354398,2021-03-16T21:15:54.398Z,sell,4.93e-06,640.0,0.0031552000000000004
CTXC/BTC,1615929354455,2021-03-16T21:15:54.455Z,sell,4.93e-06,72.0,0.00035496000000000003
CTXC/BTC,1615929367129,2021-03-16T21:16:07.129Z,sell,4.93e-06,143.0,0.0007049900000000001
CTXC/BTC,1615929382419,2021-03-16T21:16:22.419Z,sell,4.93e-06,143.0,0.0007049900000000001
CTXC/BTC,1615929382604,2021-03-16T21:16:22.604Z,sell,4.93e-06,366.0,0.0018043800000000002
CTXC/BTC,1615929382607,2021-03-16T21:16:22.607Z,sell,4.93e-06,364.0,0.0017945200000000002
CTXC/BTC,1615929382611,2021-03-16T21:16:22.611Z,sell,4.93e-06,360.0,0.0017748
CTXC/BTC,1615929382646,2021-03-16T21:16:22.646Z,sell,4.93e-06,27.0,0.00013311
CTXC/BTC,1615929479830,2021-03-16T21:17:59.830Z,sell,4.92e-06,5191.0,0.025539720000000002
CTXC/BTC,1615929479830,2021-03-16T21:17:59.830Z,sell,4.91e-06,3648.0,0.01791168
CTXC/BTC,1615929479830,2021-03-16T21:17:59.830Z,sell,4.9e-06,9109.0,0.044634099999999996
CTXC/BTC,1615929511972,2021-03-16T21:18:31.972Z,buy,4.93e-06,49.0,0.00024157
CTXC/BTC,1615929513633,2021-03-16T21:18:33.633Z,buy,4.93e-06,55.0,0.00027115
CTXC/BTC,1615929595479,2021-03-16T21:19:55.479Z,buy,4.93e-06,112.0,0.00055216
CTXC/BTC,1615929717326,2021-03-16T21:21:57.326Z,buy,4.95e-06,1258.0,0.0062271
CTXC/BTC,1615929717480,2021-03-16T21:21:57.480Z,buy,4.95e-06,21.0,0.00010395
CTXC/BTC,1615929718165,2021-03-16T21:21:58.165Z,buy,4.95e-06,42.0,0.0002079
CTXC/BTC,1615929738533,2021-03-16T21:22:18.533Z,sell,4.95e-06,88.0,0.0004356
CTXC/BTC,1615930043198,2021-03-16T21:27:23.198Z,sell,4.93e-06,1378.0,0.006793540000000001
CTXC/BTC,1615930186576,2021-03-16T21:29:46.576Z,buy,4.95e-06,46.0,0.0002277
CTXC/BTC,1615930347778,2021-03-16T21:32:27.778Z,sell,4.93e-06,364.0,0.0017945200000000002
CTXC/BTC,1615930347778,2021-03-16T21:32:27.778Z,sell,4.92e-06,223.0,0.00109716
CTXC/BTC,1615930599298,2021-03-16T21:36:39.298Z,buy,4.94e-06,91.0,0.00044954
CTXC/BTC,1615930606283,2021-03-16T21:36:46.283Z,buy,4.94e-06,100.0,0.000494
CTXC/BTC,1615930609723,2021-03-16T21:36:49.723Z,sell,4.92e-06,125.0,0.0006150000000000001
CTXC/BTC,1615930934388,2021-03-16T21:42:14.388Z,buy,4.94e-06,46.0,0.00022724
CTXC/BTC,1615931004489,2021-03-16T21:43:24.489Z,buy,4.94e-06,24.0,0.00011856
CTXC/BTC,1615931223644,2021-03-16T21:47:03.644Z,sell,4.93e-06,360.0,0.0017748
CTXC/BTC,1615931223644,2021-03-16T21:47:03.644Z,sell,4.93e-06,112.0,0.00055216
CTXC/BTC,1615931223645,2021-03-16T21:47:03.645Z,sell,4.93e-06,366.0,0.0018043800000000002
CTXC/BTC,1615931223647,2021-03-16T21:47:03.647Z,sell,4.93e-06,364.0,0.0017945200000000002
CTXC/BTC,1615931223647,2021-03-16T21:47:03.647Z,sell,4.93e-06,364.0,0.0017945200000000002
CTXC/BTC,1615931223647,2021-03-16T21:47:03.647Z,sell,4.93e-06,4.0,1.972e-05
CTXC/BTC,1615931224633,2021-03-16T21:47:04.633Z,sell,4.92e-06,42.0,0.00020664000000000001
CTXC/BTC,1615931243513,2021-03-16T21:47:23.513Z,buy,4.93e-06,46.0,0.00022678000000000002
CTXC/BTC,1615931351739,2021-03-16T21:49:11.739Z,buy,4.93e-06,92.0,0.00045356000000000004
CTXC/BTC,1615931467183,2021-03-16T21:51:07.183Z,buy,4.94e-06,170.0,0.0008398
CTXC/BTC,1615931467194,2021-03-16T21:51:07.194Z,sell,4.94e-06,339.0,0.0016746600000000001
CTXC/BTC,1615931506872,2021-03-16T21:51:46.872Z,sell,4.93e-06,2827.0,0.01393711
CTXC/BTC,1615931506901,2021-03-16T21:51:46.901Z,sell,4.93e-06,660.0,0.0032538000000000003
CTXC/BTC,1615931579011,2021-03-16T21:52:59.011Z,sell,4.93e-06,1356.0,0.00668508
CTXC/BTC,1615931733492,2021-03-16T21:55:33.492Z,buy,4.93e-06,63.0,0.00031059
CTXC/BTC,1615931777075,2021-03-16T21:56:17.075Z,buy,4.93e-06,176.0,0.00086768
CTXC/BTC,1615931778151,2021-03-16T21:56:18.151Z,buy,4.93e-06,100.0,0.0004930000000000001
CTXC/BTC,1615931807328,2021-03-16T21:56:47.328Z,sell,4.93e-06,100.0,0.0004930000000000001
CTXC/BTC,1615931807328,2021-03-16T21:56:47.328Z,sell,4.93e-06,100.0,0.0004930000000000001
CTXC/BTC,1615932030307,2021-03-16T22:00:30.307Z,sell,4.92e-06,38.0,0.00018696
CTXC/BTC,1615932030307,2021-03-16T22:00:30.307Z,sell,4.91e-06,62.0,0.00030441999999999996
CTXC/BTC,1615932112605,2021-03-16T22:01:52.605Z,sell,4.91e-06,1084.0,0.0053224399999999995
CTXC/BTC,1615932112605,2021-03-16T22:01:52.605Z,sell,4.9e-06,422.0,0.0020678
CTXC/BTC,1615932112605,2021-03-16T22:01:52.605Z,sell,4.89e-06,1145.0,0.0055990499999999995
CTXC/BTC,1615932112605,2021-03-16T22:01:52.605Z,sell,4.88e-06,151.0,0.00073688
CTXC/BTC,1615932124048,2021-03-16T22:02:04.048Z,sell,4.89e-06,433.0,0.00211737
CTXC/BTC,1615932161138,2021-03-16T22:02:41.138Z,buy,4.91e-06,20000.0,0.0982
CTXC/BTC,1615932197702,2021-03-16T22:03:17.702Z,sell,4.9e-06,102.0,0.0004998
CTXC/BTC,1615932197702,2021-03-16T22:03:17.702Z,sell,4.89e-06,74.0,0.00036186
CTXC/BTC,1615932306730,2021-03-16T22:05:06.730Z,buy,4.92e-06,41.0,0.00020172
CTXC/BTC,1615932322348,2021-03-16T22:05:22.348Z,buy,4.92e-06,41.0,0.00020172
CTXC/BTC,1615932528843,2021-03-16T22:08:48.843Z,buy,4.91e-06,275.0,0.0013502499999999999
CTXC/BTC,1615932529908,2021-03-16T22:08:49.908Z,buy,4.91e-06,676.0,0.00331916
CTXC/BTC,1615932529908,2021-03-16T22:08:49.908Z,buy,4.92e-06,218.0,0.0010725600000000002
CTXC/BTC,1615932529916,2021-03-16T22:08:49.916Z,sell,4.92e-06,97.0,0.00047724000000000003
CTXC/BTC,1615932647738,2021-03-16T22:10:47.738Z,buy,4.92e-06,1314.0,0.00646488
CTXC/BTC,1615932647738,2021-03-16T22:10:47.738Z,buy,4.93e-06,252.0,0.00124236
CTXC/BTC,1615932647743,2021-03-16T22:10:47.743Z,sell,4.93e-06,1901.0,0.00937193
CTXC/BTC,1615932719369,2021-03-16T22:11:59.369Z,sell,4.9e-06,82.0,0.00040179999999999995
CTXC/BTC,1615933030018,2021-03-16T22:17:10.018Z,sell,4.9e-06,23.0,0.00011269999999999999
CTXC/BTC,1615933077644,2021-03-16T22:17:57.644Z,sell,4.9e-06,1205.0,0.0059045
CTXC/BTC,1615933078834,2021-03-16T22:17:58.834Z,buy,4.91e-06,23.0,0.00011292999999999999
CTXC/BTC,1615933136686,2021-03-16T22:18:56.686Z,sell,4.9e-06,443.0,0.0021707
CTXC/BTC,1615933156160,2021-03-16T22:19:16.160Z,sell,4.91e-06,409.0,0.00200819
CTXC/BTC,1615933160000,2021-03-16T22:19:20.000Z,sell,4.91e-06,370.0,0.0018166999999999999
CTXC/BTC,1615933291123,2021-03-16T22:21:31.123Z,buy,4.92e-06,46.0,0.00022632000000000002
CTXC/BTC,1615933399495,2021-03-16T22:23:19.495Z,sell,4.91e-06,23.0,0.00011292999999999999
CTXC/BTC,1615933399559,2021-03-16T22:23:19.559Z,sell,4.91e-06,3249.0,0.01595259
CTXC/BTC,1615933399559,2021-03-16T22:23:19.559Z,sell,4.91e-06,433.0,0.0021260299999999997
CTXC/BTC,1615933630805,2021-03-16T22:27:10.805Z,sell,4.9e-06,228.0,0.0011171999999999998
CTXC/BTC,1615933703153,2021-03-16T22:28:23.153Z,sell,4.9e-06,35.0,0.0001715
CTXC/BTC,1615933799536,2021-03-16T22:29:59.536Z,sell,4.9e-06,300.0,0.00147
CTXC/BTC,1615933853940,2021-03-16T22:30:53.940Z,buy,4.91e-06,93.0,0.00045662999999999997
CTXC/BTC,1615933853940,2021-03-16T22:30:53.940Z,buy,4.92e-06,723.0,0.00355716
CTXC/BTC,1615933892829,2021-03-16T22:31:32.829Z,sell,4.9e-06,250.0,0.001225
CTXC/BTC,1615933927802,2021-03-16T22:32:07.802Z,buy,4.9e-06,71.0,0.0003479
CTXC/BTC,1615933966503,2021-03-16T22:32:46.503Z,sell,4.89e-06,146.0,0.0007139399999999999
CTXC/BTC,1615934060156,2021-03-16T22:34:20.156Z,sell,4.89e-06,131.0,0.00064059
CTXC/BTC,1615934072275,2021-03-16T22:34:32.275Z,sell,4.89e-06,3291.0,0.016092989999999998
CTXC/BTC,1615934364364,2021-03-16T22:39:24.364Z,buy,4.92e-06,22.0,0.00010824000000000001
CTXC/BTC,1615934475852,2021-03-16T22:41:15.852Z,buy,4.92e-06,30.0,0.0001476
CTXC/BTC,1615934479592,2021-03-16T22:41:19.592Z,buy,4.92e-06,39.0,0.00019188
CTXC/BTC,1615934526318,2021-03-16T22:42:06.318Z,buy,4.92e-06,715.0,0.0035178
CTXC/BTC,1615934545105,2021-03-16T22:42:25.105Z,sell,4.92e-06,177.0,0.0008708400000000001
CTXC/BTC,1615934562676,2021-03-16T22:42:42.676Z,sell,4.92e-06,165.0,0.0008118000000000001
CTXC/BTC,1615934590609,2021-03-16T22:43:10.609Z,sell,4.92e-06,897.0,0.0044132400000000006
CTXC/BTC,1615934593405,2021-03-16T22:43:13.405Z,sell,4.92e-06,597.0,0.0029372400000000002
CTXC/BTC,1615934617431,2021-03-16T22:43:37.431Z,sell,4.92e-06,22.0,0.00010824000000000001
CTXC/BTC,1615934657833,2021-03-16T22:44:17.833Z,sell,4.92e-06,155.0,0.0007626
CTXC/BTC,1615934664652,2021-03-16T22:44:24.652Z,sell,4.92e-06,2690.0,0.013234800000000001
CTXC/BTC,1615934711748,2021-03-16T22:45:11.748Z,sell,4.92e-06,58.0,0.00028536
CTXC/BTC,1615934765785,2021-03-16T22:46:05.785Z,sell,4.92e-06,6000.0,0.02952
CTXC/BTC,1615934828256,2021-03-16T22:47:08.256Z,sell,4.92e-06,21.0,0.00010332000000000001
CTXC/BTC,1615935050166,2021-03-16T22:50:50.166Z,buy,4.93e-06,175.0,0.00086275
CTXC/BTC,1615935050171,2021-03-16T22:50:50.171Z,buy,4.93e-06,77.0,0.00037961
CTXC/BTC,1615935097953,2021-03-16T22:51:37.953Z,sell,4.92e-06,333.0,0.0016383600000000002
CTXC/BTC,1615935185084,2021-03-16T22:53:05.084Z,buy,4.93e-06,93.0,0.00045849000000000004
CTXC/BTC,1615935262575,2021-03-16T22:54:22.575Z,buy,4.94e-06,20.0,9.88e-05
CTXC/BTC,1615935262575,2021-03-16T22:54:22.575Z,buy,4.94e-06,20.0,9.88e-05
CTXC/BTC,1615935702938,2021-03-16T23:01:42.938Z,buy,4.93e-06,68.0,0.00033524
CTXC/BTC,1615935795809,2021-03-16T23:03:15.809Z,buy,4.94e-06,149.0,0.00073606
CTXC/BTC,1615935796545,2021-03-16T23:03:16.545Z,sell,4.93e-06,69.0,0.00034017
CTXC/BTC,1615936182285,2021-03-16T23:09:42.285Z,sell,4.92e-06,68.0,0.00033456
CTXC/BTC,1615936307130,2021-03-16T23:11:47.130Z,sell,4.92e-06,175.0,0.000861
CTXC/BTC,1615936371228,2021-03-16T23:12:51.228Z,buy,4.93e-06,275.0,0.00135575
CTXC/BTC,1615936371228,2021-03-16T23:12:51.228Z,buy,4.94e-06,728.0,0.00359632
CTXC/BTC,1615936463510,2021-03-16T23:14:23.510Z,sell,4.93e-06,69.0,0.00034017
CTXC/BTC,1615936466350,2021-03-16T23:14:26.350Z,buy,4.93e-06,164.0,0.0008085200000000001
CTXC/BTC,1615936480363,2021-03-16T23:14:40.363Z,sell,4.93e-06,68.0,0.00033524
CTXC/BTC,1615936570732,2021-03-16T23:16:10.732Z,buy,4.94e-06,425.0,0.0020995000000000002
CTXC/BTC,1615936580615,2021-03-16T23:16:20.615Z,sell,4.93e-06,5612.0,0.02766716
CTXC/BTC,1615936614727,2021-03-16T23:16:54.727Z,buy,4.94e-06,21.0,0.00010374
CTXC/BTC,1615936662318,2021-03-16T23:17:42.318Z,sell,4.93e-06,2828.0,0.013942040000000001
CTXC/BTC,1615936669289,2021-03-16T23:17:49.289Z,sell,4.93e-06,2516.0,0.01240388
CTXC/BTC,1615936676411,2021-03-16T23:17:56.411Z,sell,4.93e-06,620.0,0.0030566
CTXC/BTC,1615936676449,2021-03-16T23:17:56.449Z,sell,4.93e-06,506.0,0.00249458
CTXC/BTC,1615936676845,2021-03-16T23:17:56.845Z,sell,4.93e-06,114.0,0.00056202
CTXC/BTC,1615936676888,2021-03-16T23:17:56.888Z,sell,4.93e-06,620.0,0.0030566
CTXC/BTC,1615936768438,2021-03-16T23:19:28.438Z,buy,4.94e-06,46.0,0.00022724
CTXC/BTC,1615936822957,2021-03-16T23:20:22.957Z,sell,4.93e-06,1986.0,0.009790980000000001
CTXC/BTC,1615936822957,2021-03-16T23:20:22.957Z,sell,4.91e-06,2256.0,0.011076959999999999
CTXC/BTC,1615936829859,2021-03-16T23:20:29.859Z,sell,4.92e-06,67.0,0.00032964
CTXC/BTC,1615936829859,2021-03-16T23:20:29.859Z,sell,4.91e-06,21.0,0.00010311
CTXC/BTC,1615937013310,2021-03-16T23:23:33.310Z,buy,4.94e-06,30.0,0.0001482
CTXC/BTC,1615937120223,2021-03-16T23:25:20.223Z,buy,4.93e-06,71.0,0.00035003000000000004
CTXC/BTC,1615937194529,2021-03-16T23:26:34.529Z,sell,4.93e-06,71.0,0.00035003000000000004
CTXC/BTC,1615937217073,2021-03-16T23:26:57.073Z,sell,4.93e-06,54.0,0.00026622
CTXC/BTC,1615937240592,2021-03-16T23:27:20.592Z,sell,4.93e-06,360.0,0.0017748
CTXC/BTC,1615937240592,2021-03-16T23:27:20.592Z,sell,4.93e-06,366.0,0.0018043800000000002
CTXC/BTC,1615937240595,2021-03-16T23:27:20.595Z,sell,4.93e-06,364.0,0.0017945200000000002
CTXC/BTC,1615937240958,2021-03-16T23:27:20.958Z,sell,4.93e-06,360.0,0.0017748
CTXC/BTC,1615937240959,2021-03-16T23:27:20.959Z,sell,4.93e-06,124.0,0.00061132
CTXC/BTC,1615937240973,2021-03-16T23:27:20.973Z,sell,4.92e-06,67.0,0.00032964
CTXC/BTC,1615937240981,2021-03-16T23:27:20.981Z,sell,4.92e-06,234.0,0.0011512800000000002
CTXC/BTC,1615937242873,2021-03-16T23:27:22.873Z,sell,4.91e-06,1500.0,0.007364999999999999
CTXC/BTC,1615937242889,2021-03-16T23:27:22.889Z,sell,4.9e-06,114.0,0.0005585999999999999
CTXC/BTC,1615937243580,2021-03-16T23:27:23.580Z,sell,4.9e-06,36.0,0.00017639999999999998
CTXC/BTC,1615937248618,2021-03-16T23:27:28.618Z,sell,4.89e-06,3544.0,0.01733016
CTXC/BTC,1615937249612,2021-03-16T23:27:29.612Z,sell,4.88e-06,1872.0,0.00913536
CTXC/BTC,1615937250489,2021-03-16T23:27:30.489Z,sell,4.88e-06,294.0,0.00143472
CTXC/BTC,1615937250491,2021-03-16T23:27:30.491Z,sell,4.88e-06,14888.0,0.07265344
CTXC/BTC,1615937263968,2021-03-16T23:27:43.968Z,buy,4.88e-06,139.0,0.0006783199999999999
CTXC/BTC,1615937288448,2021-03-16T23:28:08.448Z,sell,4.89e-06,94.0,0.00045966
CTXC/BTC,1615937296481,2021-03-16T23:28:16.481Z,sell,4.9e-06,102.0,0.0004998
CTXC/BTC,1615937296481,2021-03-16T23:28:16.481Z,sell,4.89e-06,37.0,0.00018093
CTXC/BTC,1615937426655,2021-03-16T23:30:26.655Z,sell,4.89e-06,245.0,0.00119805
CTXC/BTC,1615937427170,2021-03-16T23:30:27.170Z,buy,4.91e-06,71.0,0.00034860999999999996
CTXC/BTC,1615937427178,2021-03-16T23:30:27.178Z,sell,4.91e-06,30.0,0.00014729999999999998
CTXC/BTC,1615937428848,2021-03-16T23:30:28.848Z,sell,4.91e-06,21.0,0.00010311
CTXC/BTC,1615937575251,2021-03-16T23:32:55.251Z,sell,4.91e-06,185.0,0.0009083499999999999
CTXC/BTC,1615937575327,2021-03-16T23:32:55.327Z,sell,4.91e-06,83.0,0.00040752999999999997
CTXC/BTC,1615937575372,2021-03-16T23:32:55.372Z,sell,4.91e-06,78.0,0.00038297999999999994
CTXC/BTC,1615937575469,2021-03-16T23:32:55.469Z,sell,4.91e-06,62.0,0.00030441999999999996
CTXC/BTC,1615937576572,2021-03-16T23:32:56.572Z,sell,4.91e-06,62.0,0.00030441999999999996
CTXC/BTC,1615937680329,2021-03-16T23:34:40.329Z,sell,4.91e-06,343.0,0.0016841299999999998
CTXC/BTC,1615937915847,2021-03-16T23:38:35.847Z,sell,4.89e-06,975.0,0.004767749999999999
CTXC/BTC,1615938044821,2021-03-16T23:40:44.821Z,sell,4.89e-06,51.0,0.00024939
CTXC/BTC,1615938044829,2021-03-16T23:40:44.829Z,sell,4.89e-06,224.0,0.0010953599999999999
CTXC/BTC,1615938269535,2021-03-16T23:44:29.535Z,buy,4.91e-06,71.0,0.00034860999999999996
CTXC/BTC,1615938356458,2021-03-16T23:45:56.458Z,buy,4.92e-06,44.0,0.00021648000000000001
CTXC/BTC,1615938460227,2021-03-16T23:47:40.227Z,buy,4.92e-06,150.0,0.000738
CTXC/BTC,1615938661506,2021-03-16T23:51:01.506Z,buy,4.92e-06,190.0,0.0009348000000000001
CTXC/BTC,1615938672021,2021-03-16T23:51:12.021Z,buy,4.92e-06,39.0,0.00019188
CTXC/BTC,1615938748037,2021-03-16T23:52:28.037Z,buy,4.93e-06,43.0,0.00021199
CTXC/BTC,1615938822629,2021-03-16T23:53:42.629Z,buy,4.93e-06,948.0,0.004673640000000001
CTXC/BTC,1615938844948,2021-03-16T23:54:04.948Z,buy,4.94e-06,1085.0,0.0053599
CTXC/BTC,1615938844955,2021-03-16T23:54:04.955Z,sell,4.94e-06,249.0,0.00123006
CTXC/BTC,1615938844955,2021-03-16T23:54:04.955Z,sell,4.94e-06,249.0,0.00123006
CTXC/BTC,1615938864188,2021-03-16T23:54:24.188Z,sell,4.93e-06,39.0,0.00019227
CTXC/BTC,1615938986791,2021-03-16T23:56:26.791Z,sell,4.91e-06,853.0,0.004188229999999999
CTXC/BTC,1615939004275,2021-03-16T23:56:44.275Z,sell,4.91e-06,102.0,0.0005008199999999999
CTXC/BTC,1615939138730,2021-03-16T23:58:58.730Z,sell,4.9e-06,75.0,0.0003675
CTXC/BTC,1615939155226,2021-03-16T23:59:15.226Z,sell,4.9e-06,75.0,0.0003675
CTXC/BTC,1615939155587,2021-03-16T23:59:15.587Z,sell,4.9e-06,102.0,0.0004998
CTXC/BTC,1615939230615,2021-03-17T00:00:30.615Z,sell,4.89e-06,402.0,0.00196578
CTXC/BTC,1615939251313,2021-03-17T00:00:51.313Z,sell,4.88e-06,102.0,0.00049776
CTXC/BTC,1615939252102,2021-03-17T00:00:52.102Z,buy,4.9e-06,538.0,0.0026362
CTXC/BTC,1615939252102,2021-03-17T00:00:52.102Z,buy,4.91e-06,451.0,0.00221441
CTXC/BTC,1615939252102,2021-03-17T00:00:52.102Z,buy,4.92e-06,627.0,0.00308484
CTXC/BTC,1615939278540,2021-03-17T00:01:18.540Z,sell,4.89e-06,70.0,0.00034229999999999997
CTXC/BTC,1615939290919,2021-03-17T00:01:30.919Z,buy,4.9e-06,70.0,0.000343
CTXC/BTC,1615939305965,2021-03-17T00:01:45.965Z,buy,4.9e-06,21.0,0.0001029
CTXC/BTC,1615939330566,2021-03-17T00:02:10.566Z,buy,4.9e-06,357.0,0.0017492999999999999
CTXC/BTC,1615939330969,2021-03-17T00:02:10.969Z,buy,4.9e-06,6082.0,0.029801799999999996
CTXC/BTC,1615939337363,2021-03-17T00:02:17.363Z,buy,4.9e-06,431.0,0.0021119
CTXC/BTC,1615939341629,2021-03-17T00:02:21.629Z,buy,4.9e-06,176.0,0.0008623999999999999
CTXC/BTC,1615939341638,2021-03-17T00:02:21.638Z,buy,4.9e-06,177.0,0.0008673
CTXC/BTC,1615939341646,2021-03-17T00:02:21.646Z,buy,4.9e-06,126.0,0.0006173999999999999
CTXC/BTC,1615939341655,2021-03-17T00:02:21.655Z,buy,4.9e-06,105.0,0.0005145
CTXC/BTC,1615939341664,2021-03-17T00:02:21.664Z,buy,4.9e-06,101.0,0.0004948999999999999
CTXC/BTC,1615939341685,2021-03-17T00:02:21.685Z,buy,4.9e-06,101.0,0.0004948999999999999
CTXC/BTC,1615939342362,2021-03-17T00:02:22.362Z,buy,4.9e-06,141.0,0.0006908999999999999
CTXC/BTC,1615939353244,2021-03-17T00:02:33.244Z,buy,4.9e-06,550.0,0.002695
CTXC/BTC,1615939353255,2021-03-17T00:02:33.255Z,buy,4.9e-06,594.0,0.0029105999999999997
CTXC/BTC,1615939353273,2021-03-17T00:02:33.273Z,buy,4.9e-06,550.0,0.002695
CTXC/BTC,1615939353284,2021-03-17T00:02:33.284Z,buy,4.9e-06,550.0,0.002695
CTXC/BTC,1615939354280,2021-03-17T00:02:34.280Z,buy,4.9e-06,1279.0,0.006267099999999999
CTXC/BTC,1615939354410,2021-03-17T00:02:34.410Z,buy,4.9e-06,550.0,0.002695
CTXC/BTC,1615939355120,2021-03-17T00:02:35.120Z,buy,4.9e-06,550.0,0.002695
CTXC/BTC,1615939411897,2021-03-17T00:03:31.897Z,sell,4.88e-06,70.0,0.0003416
CTXC/BTC,1615939411898,2021-03-17T00:03:31.898Z,sell,4.87e-06,176.0,0.00085712
CTXC/BTC,1615939418268,2021-03-17T00:03:38.268Z,sell,4.87e-06,251.0,0.00122237
CTXC/BTC,1615939419192,2021-03-17T00:03:39.192Z,sell,4.87e-06,1212.0,0.00590244
CTXC/BTC,1615939422797,2021-03-17T00:03:42.797Z,sell,4.87e-06,177.0,0.00086199
CTXC/BTC,1615939422809,2021-03-17T00:03:42.809Z,sell,4.87e-06,126.0,0.0006136199999999999
CTXC/BTC,1615939422817,2021-03-17T00:03:42.817Z,sell,4.87e-06,126.0,0.0006136199999999999
CTXC/BTC,1615939422826,2021-03-17T00:03:42.826Z,sell,4.87e-06,101.0,0.00049187
CTXC/BTC,1615939422834,2021-03-17T00:03:42.834Z,sell,4.87e-06,101.0,0.00049187
CTXC/BTC,1615939423225,2021-03-17T00:03:43.225Z,sell,4.87e-06,60.0,0.0002922
CTXC/BTC,1615939474624,2021-03-17T00:04:34.624Z,buy,4.88e-06,1727.0,0.00842776
CTXC/BTC,1615939501558,2021-03-17T00:05:01.558Z,sell,4.86e-06,33.0,0.00016038
CTXC/BTC,1615939504878,2021-03-17T00:05:04.878Z,sell,4.86e-06,142.0,0.00069012
CTXC/BTC,1615939518819,2021-03-17T00:05:18.819Z,buy,4.87e-06,178.0,0.00086686
CTXC/BTC,1615939518831,2021-03-17T00:05:18.831Z,buy,4.87e-06,127.0,0.00061849
CTXC/BTC,1615939518844,2021-03-17T00:05:18.844Z,buy,4.87e-06,127.0,0.00061849
CTXC/BTC,1615939518853,2021-03-17T00:05:18.853Z,buy,4.87e-06,101.0,0.00049187
CTXC/BTC,1615939518861,2021-03-17T00:05:18.861Z,buy,4.87e-06,101.0,0.00049187
CTXC/BTC,1615939519056,2021-03-17T00:05:19.056Z,buy,4.87e-06,177.0,0.00086199
CTXC/BTC,1615939628066,2021-03-17T00:07:08.066Z,buy,4.87e-06,21.0,0.00010227
CTXC/BTC,1615939749135,2021-03-17T00:09:09.135Z,buy,4.87e-06,5917.0,0.02881579
CTXC/BTC,1615939801471,2021-03-17T00:10:01.471Z,sell,4.86e-06,177.0,0.00086022
CTXC/BTC,1615939923136,2021-03-17T00:12:03.136Z,sell,4.86e-06,178.0,0.0008650800000000001
CTXC/BTC,1615939923162,2021-03-17T00:12:03.162Z,sell,4.86e-06,127.0,0.00061722
CTXC/BTC,1615939923170,2021-03-17T00:12:03.170Z,sell,4.86e-06,127.0,0.00061722
CTXC/BTC,1615939923178,2021-03-17T00:12:03.178Z,sell,4.86e-06,101.0,0.00049086
CTXC/BTC,1615939923191,2021-03-17T00:12:03.191Z,sell,4.86e-06,101.0,0.00049086
CTXC/BTC,1615939923213,2021-03-17T00:12:03.213Z,sell,4.86e-06,4323.0,0.02100978
CTXC/BTC,1615939923588,2021-03-17T00:12:03.588Z,sell,4.86e-06,16290.0,0.0791694
CTXC/BTC,1615939929529,2021-03-17T00:12:09.529Z,sell,4.85e-06,3815.0,0.018502750000000002
CTXC/BTC,1615939929536,2021-03-17T00:12:09.536Z,sell,4.85e-06,369.0,0.00178965
CTXC/BTC,1615939958046,2021-03-17T00:12:38.046Z,sell,4.84e-06,77.0,0.00037268
CTXC/BTC,1615939962274,2021-03-17T00:12:42.274Z,sell,4.84e-06,77.0,0.00037268
CTXC/BTC,1615940042450,2021-03-17T00:14:02.450Z,sell,4.85e-06,82.0,0.0003977
CTXC/BTC,1615940072598,2021-03-17T00:14:32.598Z,sell,4.85e-06,96.0,0.00046560000000000004
CTXC/BTC,1615940080779,2021-03-17T00:14:40.779Z,sell,4.84e-06,939.0,0.00454476
CTXC/BTC,1615940080779,2021-03-17T00:14:40.779Z,sell,4.83e-06,420.0,0.0020286
CTXC/BTC,1615940080779,2021-03-17T00:14:40.779Z,sell,4.82e-06,135.0,0.0006506999999999999
CTXC/BTC,1615940080785,2021-03-17T00:14:40.785Z,sell,4.82e-06,206.0,0.00099292
CTXC/BTC,1615940116976,2021-03-17T00:15:16.976Z,sell,4.84e-06,143.0,0.0006921200000000001
CTXC/BTC,1615940134161,2021-03-17T00:15:34.161Z,sell,4.84e-06,275.0,0.0013310000000000002
CTXC/BTC,1615940193173,2021-03-17T00:16:33.173Z,buy,4.85e-06,26.0,0.0001261
CTXC/BTC,1615940340613,2021-03-17T00:19:00.613Z,sell,4.83e-06,223.0,0.0010770900000000002
CTXC/BTC,1615940340613,2021-03-17T00:19:00.613Z,sell,4.82e-06,181.0,0.0008724199999999999
CTXC/BTC,1615940565108,2021-03-17T00:22:45.108Z,buy,4.85e-06,966.0,0.0046851
CTXC/BTC,1615940665711,2021-03-17T00:24:25.711Z,sell,4.82e-06,1932.0,0.00931224
CTXC/BTC,1615941021820,2021-03-17T00:30:21.820Z,buy,4.84e-06,134.0,0.0006485600000000001
CTXC/BTC,1615941022771,2021-03-17T00:30:22.771Z,buy,4.84e-06,134.0,0.0006485600000000001
CTXC/BTC,1615941038745,2021-03-17T00:30:38.745Z,buy,4.84e-06,155.0,0.0007502
CTXC/BTC,1615941039548,2021-03-17T00:30:39.548Z,buy,4.84e-06,168.0,0.0008131200000000001
CTXC/BTC,1615941429731,2021-03-17T00:37:09.731Z,buy,4.83e-06,179.0,0.00086457
CTXC/BTC,1615941430672,2021-03-17T00:37:10.672Z,buy,4.83e-06,179.0,0.00086457
CTXC/BTC,1615941431572,2021-03-17T00:37:11.572Z,buy,4.83e-06,128.0,0.00061824
CTXC/BTC,1615941431584,2021-03-17T00:37:11.584Z,buy,4.83e-06,128.0,0.00061824
CTXC/BTC,1615941431594,2021-03-17T00:37:11.594Z,buy,4.83e-06,102.0,0.00049266
CTXC/BTC,1615941431606,2021-03-17T00:37:11.606Z,buy,4.83e-06,102.0,0.00049266
CTXC/BTC,1615941432811,2021-03-17T00:37:12.811Z,buy,4.83e-06,368.0,0.0017774400000000001
CTXC/BTC,1615941438101,2021-03-17T00:37:18.101Z,buy,4.83e-06,73.0,0.00035259
CTXC/BTC,1615941438371,2021-03-17T00:37:18.371Z,buy,4.83e-06,164.0,0.0007921200000000001
CTXC/BTC,1615941475292,2021-03-17T00:37:55.292Z,buy,4.83e-06,46.0,0.00022218000000000002
CTXC/BTC,1615941505285,2021-03-17T00:38:25.285Z,buy,4.83e-06,112.0,0.00054096
CTXC/BTC,1615941505483,2021-03-17T00:38:25.483Z,buy,4.83e-06,248.0,0.0011978400000000001
CTXC/BTC,1615941505619,2021-03-17T00:38:25.619Z,buy,4.83e-06,74.0,0.00035742
CTXC/BTC,1615941505859,2021-03-17T00:38:25.859Z,buy,4.83e-06,322.0,0.0015552600000000001
CTXC/BTC,1615941513029,2021-03-17T00:38:33.029Z,buy,4.83e-06,322.0,0.0015552600000000001
CTXC/BTC,1615941600406,2021-03-17T00:40:00.406Z,sell,4.82e-06,179.0,0.00086278
CTXC/BTC,1615941716362,2021-03-17T00:41:56.362Z,sell,4.81e-06,1516.0,0.007291959999999999
CTXC/BTC,1615941724815,2021-03-17T00:42:04.815Z,sell,4.8e-06,197.0,0.0009456
CTXC/BTC,1615941915591,2021-03-17T00:45:15.591Z,buy,4.82e-06,180.0,0.0008676
CTXC/BTC,1615941916644,2021-03-17T00:45:16.644Z,buy,4.82e-06,75.0,0.00036149999999999995
CTXC/BTC,1615941917388,2021-03-17T00:45:17.388Z,buy,4.82e-06,75.0,0.00036149999999999995
CTXC/BTC,1615941917506,2021-03-17T00:45:17.506Z,buy,4.82e-06,75.0,0.00036149999999999995
CTXC/BTC,1615942078299,2021-03-17T00:47:58.299Z,buy,4.82e-06,374.0,0.0018026799999999999
CTXC/BTC,1615942078303,2021-03-17T00:47:58.303Z,buy,4.82e-06,10.0,4.819999999999999e-05
CTXC/BTC,1615942078303,2021-03-17T00:47:58.303Z,buy,4.82e-06,10.0,4.819999999999999e-05
CTXC/BTC,1615942453598,2021-03-17T00:54:13.598Z,buy,4.83e-06,489.0,0.0023618700000000003
CTXC/BTC,1615942453601,2021-03-17T00:54:13.601Z,buy,4.83e-06,183.0,0.00088389
CTXC/BTC,1615942623650,2021-03-17T00:57:03.650Z,buy,4.83e-06,24.0,0.00011592000000000001
CTXC/BTC,1615942623686,2021-03-17T00:57:03.686Z,buy,4.83e-06,69.0,0.00033327000000000004
CTXC/BTC,1615942916025,2021-03-17T01:01:56.025Z,buy,4.83e-06,58.0,0.00028014
CTXC/BTC,1615942920043,2021-03-17T01:02:00.043Z,buy,4.83e-06,69.0,0.00033327000000000004
CTXC/BTC,1615942927183,2021-03-17T01:02:07.183Z,buy,4.83e-06,144.0,0.00069552
CTXC/BTC,1615942927482,2021-03-17T01:02:07.482Z,buy,4.83e-06,69.0,0.00033327000000000004
CTXC/BTC,1615943064091,2021-03-17T01:04:24.091Z,buy,4.83e-06,21.0,0.00010143000000000001
CTXC/BTC,1615943094694,2021-03-17T01:04:54.694Z,sell,4.82e-06,218.0,0.00105076
CTXC/BTC,1615943097483,2021-03-17T01:04:57.483Z,sell,4.81e-06,5623.0,0.02704663
CTXC/BTC,1615943238659,2021-03-17T01:07:18.659Z,buy,4.83e-06,431.0,0.00208173
CTXC/BTC,1615943238659,2021-03-17T01:07:18.659Z,buy,4.84e-06,254.0,0.00122936
CTXC/BTC,1615943238659,2021-03-17T01:07:18.659Z,buy,4.85e-06,113.0,0.00054805
CTXC/BTC,1615943247925,2021-03-17T01:07:27.925Z,buy,4.84e-06,179.0,0.00086636
CTXC/BTC,1615943711759,2021-03-17T01:15:11.759Z,sell,4.83e-06,78.0,0.00037674000000000003
CTXC/BTC,1615943711759,2021-03-17T01:15:11.759Z,sell,4.82e-06,101.0,0.00048681999999999995
CTXC/BTC,1615943822431,2021-03-17T01:17:02.431Z,buy,4.84e-06,178.0,0.0008615200000000001
CTXC/BTC,1615943829931,2021-03-17T01:17:09.931Z,buy,4.84e-06,946.0,0.00457864
CTXC/BTC,1615943931945,2021-03-17T01:18:51.945Z,buy,4.85e-06,1260.0,0.006111
CTXC/BTC,1615943932377,2021-03-17T01:18:52.377Z,buy,4.85e-06,552.0,0.0026772000000000002
CTXC/BTC,1615943939225,2021-03-17T01:18:59.225Z,sell,4.85e-06,774.0,0.0037539
CTXC/BTC,1615944035823,2021-03-17T01:20:35.823Z,sell,4.85e-06,341.0,0.0016538500000000001
CTXC/BTC,1615944047035,2021-03-17T01:20:47.035Z,sell,4.84e-06,9419.0,0.045587960000000004
CTXC/BTC,1615944242008,2021-03-17T01:24:02.008Z,buy,4.85e-06,150.0,0.0007275000000000001
CTXC/BTC,1615944395635,2021-03-17T01:26:35.635Z,sell,4.84e-06,178.0,0.0008615200000000001
CTXC/BTC,1615944396047,2021-03-17T01:26:36.047Z,sell,4.84e-06,180.0,0.0008712
CTXC/BTC,1615944396068,2021-03-17T01:26:36.068Z,sell,4.84e-06,128.0,0.00061952
CTXC/BTC,1615944396093,2021-03-17T01:26:36.093Z,sell,4.84e-06,128.0,0.00061952
CTXC/BTC,1615944396117,2021-03-17T01:26:36.117Z,sell,4.84e-06,102.0,0.00049368
CTXC/BTC,1615944396138,2021-03-17T01:26:36.138Z,sell,4.84e-06,102.0,0.00049368
CTXC/BTC,1615944569364,2021-03-17T01:29:29.364Z,buy,4.85e-06,282.0,0.0013677000000000001
CTXC/BTC,1615944627908,2021-03-17T01:30:27.908Z,buy,4.86e-06,205.0,0.0009963
CTXC/BTC,1615944929949,2021-03-17T01:35:29.949Z,sell,4.84e-06,156.0,0.00075504
CTXC/BTC,1615945074628,2021-03-17T01:37:54.628Z,sell,4.84e-06,320.0,0.0015488000000000001
CTXC/BTC,1615945074696,2021-03-17T01:37:54.696Z,sell,4.84e-06,320.0,0.0015488000000000001
CTXC/BTC,1615945074732,2021-03-17T01:37:54.732Z,sell,4.84e-06,320.0,0.0015488000000000001
CTXC/BTC,1615945136680,2021-03-17T01:38:56.680Z,buy,4.85e-06,73.0,0.00035405
CTXC/BTC,1615945217969,2021-03-17T01:40:17.969Z,sell,4.84e-06,156.0,0.00075504
CTXC/BTC,1615945328944,2021-03-17T01:42:08.944Z,sell,4.84e-06,156.0,0.00075504
CTXC/BTC,1615945400254,2021-03-17T01:43:20.254Z,sell,4.84e-06,129.0,0.00062436
CTXC/BTC,1615945471437,2021-03-17T01:44:31.437Z,sell,4.84e-06,1718.0,0.00831512
CTXC/BTC,1615945534091,2021-03-17T01:45:34.091Z,buy,4.85e-06,73.0,0.00035405
CTXC/BTC,1615945534091,2021-03-17T01:45:34.091Z,buy,4.85e-06,73.0,0.00035405
CTXC/BTC,1615945702646,2021-03-17T01:48:22.646Z,buy,4.85e-06,73.0,0.00035405
CTXC/BTC,1615945898961,2021-03-17T01:51:38.961Z,buy,4.86e-06,476.0,0.00231336
CTXC/BTC,1615945898963,2021-03-17T01:51:38.963Z,buy,4.86e-06,25.0,0.0001215
CTXC/BTC,1615946043366,2021-03-17T01:54:03.366Z,buy,4.86e-06,73.0,0.00035478
CTXC/BTC,1615946047964,2021-03-17T01:54:07.964Z,buy,4.87e-06,135.0,0.00065745
CTXC/BTC,1615946047972,2021-03-17T01:54:07.972Z,buy,4.87e-06,118.0,0.00057466
CTXC/BTC,1615946087854,2021-03-17T01:54:47.854Z,sell,4.86e-06,2499.0,0.01214514
CTXC/BTC,1615946316933,2021-03-17T01:58:36.933Z,sell,4.85e-06,3498.0,0.0169653
CTXC/BTC,1615946316934,2021-03-17T01:58:36.934Z,sell,4.85e-06,171.0,0.0008293500000000001
CTXC/BTC,1615946316943,2021-03-17T01:58:36.943Z,sell,4.85e-06,369.0,0.00178965
CTXC/BTC,1615946316945,2021-03-17T01:58:36.945Z,sell,4.85e-06,369.0,0.00178965
CTXC/BTC,1615946316946,2021-03-17T01:58:36.946Z,sell,4.85e-06,363.0,0.00176055
CTXC/BTC,1615946316946,2021-03-17T01:58:36.946Z,sell,4.85e-06,73.0,0.00035405
CTXC/BTC,1615946316960,2021-03-17T01:58:36.960Z,sell,4.85e-06,941.0,0.00456385
CTXC/BTC,1615946360328,2021-03-17T01:59:20.328Z,sell,4.85e-06,1623.0,0.00787155
CTXC/BTC,1615946632421,2021-03-17T02:03:52.421Z,sell,4.85e-06,54.0,0.0002619
CTXC/BTC,1615946912877,2021-03-17T02:08:32.877Z,buy,4.87e-06,73.0,0.00035551
CTXC/BTC,1615947148151,2021-03-17T02:12:28.151Z,buy,4.88e-06,50.0,0.000244
CTXC/BTC,1615947183552,2021-03-17T02:13:03.552Z,buy,4.88e-06,20.0,9.76e-05
CTXC/BTC,1615947310132,2021-03-17T02:15:10.132Z,buy,4.88e-06,177.0,0.00086376
CTXC/BTC,1615947310145,2021-03-17T02:15:10.145Z,buy,4.88e-06,126.0,0.0006148799999999999
CTXC/BTC,1615947310153,2021-03-17T02:15:10.153Z,buy,4.88e-06,127.0,0.00061976
CTXC/BTC,1615947310161,2021-03-17T02:15:10.161Z,buy,4.88e-06,105.0,0.0005124
CTXC/BTC,1615947310178,2021-03-17T02:15:10.178Z,buy,4.88e-06,101.0,0.00049288
CTXC/BTC,1615947310186,2021-03-17T02:15:10.186Z,buy,4.88e-06,101.0,0.00049288
CTXC/BTC,1615947310244,2021-03-17T02:15:10.244Z,buy,4.88e-06,149.0,0.0007271199999999999
CTXC/BTC,1615947311345,2021-03-17T02:15:11.345Z,buy,4.88e-06,184.0,0.00089792
CTXC/BTC,1615947397348,2021-03-17T02:16:37.348Z,buy,4.88e-06,78.0,0.00038064
CTXC/BTC,1615947409036,2021-03-17T02:16:49.036Z,buy,4.88e-06,1050.0,0.005124
CTXC/BTC,1615947419505,2021-03-17T02:16:59.505Z,buy,4.89e-06,77.0,0.00037653
CTXC/BTC,1615947519517,2021-03-17T02:18:39.517Z,buy,4.89e-06,2092.0,0.01022988
CTXC/BTC,1615947519517,2021-03-17T02:18:39.517Z,buy,4.89e-06,2092.0,0.01022988
CTXC/BTC,1615947519520,2021-03-17T02:18:39.520Z,buy,4.89e-06,1.0,4.89e-06
CTXC/BTC,1615947782107,2021-03-17T02:23:02.107Z,sell,4.88e-06,177.0,0.00086376
CTXC/BTC,1615947782302,2021-03-17T02:23:02.302Z,sell,4.88e-06,178.0,0.00086864
CTXC/BTC,1615947785014,2021-03-17T02:23:05.014Z,sell,4.88e-06,127.0,0.00061976
CTXC/BTC,1615947785029,2021-03-17T02:23:05.029Z,sell,4.88e-06,126.0,0.0006148799999999999
CTXC/BTC,1615947785038,2021-03-17T02:23:05.038Z,sell,4.88e-06,101.0,0.00049288
CTXC/BTC,1615947785050,2021-03-17T02:23:05.050Z,sell,4.88e-06,101.0,0.00049288
CTXC/BTC,1615947785378,2021-03-17T02:23:05.378Z,sell,4.88e-06,62.0,0.00030256
CTXC/BTC,1615947785387,2021-03-17T02:23:05.387Z,sell,4.88e-06,367.0,0.0017909599999999999
CTXC/BTC,1615947785390,2021-03-17T02:23:05.390Z,sell,4.88e-06,367.0,0.0017909599999999999
CTXC/BTC,1615947785414,2021-03-17T02:23:05.414Z,sell,4.88e-06,102.0,0.00049776
CTXC/BTC,1615947785414,2021-03-17T02:23:05.414Z,sell,4.87e-06,68.0,0.00033116
CTXC/BTC,1615948051103,2021-03-17T02:27:31.103Z,sell,4.87e-06,104.0,0.00050648
CTXC/BTC,1615948105372,2021-03-17T02:28:25.372Z,sell,4.87e-06,104.0,0.00050648
CTXC/BTC,1615948330086,2021-03-17T02:32:10.086Z,sell,4.87e-06,3599.0,0.01752713
CTXC/BTC,1615948330088,2021-03-17T02:32:10.088Z,sell,4.87e-06,4587.0,0.02233869
CTXC/BTC,1615948506412,2021-03-17T02:35:06.412Z,sell,4.86e-06,142.0,0.00069012
CTXC/BTC,1615948916705,2021-03-17T02:41:56.705Z,sell,4.86e-06,136.0,0.00066096
CTXC/BTC,1615949112319,2021-03-17T02:45:12.319Z,sell,4.87e-06,131.0,0.00063797
CTXC/BTC,1615949112351,2021-03-17T02:45:12.351Z,sell,4.87e-06,378.0,0.00184086
CTXC/BTC,1615949112351,2021-03-17T02:45:12.351Z,sell,4.87e-06,378.0,0.00184086
CTXC/BTC,1615949162303,2021-03-17T02:46:02.303Z,sell,4.87e-06,88.0,0.00042856
CTXC/BTC,1615949222552,2021-03-17T02:47:02.552Z,sell,4.87e-06,157.0,0.00076459
CTXC/BTC,1615949227504,2021-03-17T02:47:07.504Z,sell,4.86e-06,4010.0,0.019488600000000002
CTXC/BTC,1615949300179,2021-03-17T02:48:20.179Z,sell,4.86e-06,6455.0,0.0313713
CTXC/BTC,1615949300179,2021-03-17T02:48:20.179Z,sell,4.86e-06,6455.0,0.0313713
CTXC/BTC,1615949300179,2021-03-17T02:48:20.179Z,sell,4.86e-06,430.0,0.0020898
CTXC/BTC,1615949300179,2021-03-17T02:48:20.179Z,sell,4.86e-06,430.0,0.0020898
CTXC/BTC,1615949300179,2021-03-17T02:48:20.179Z,sell,4.86e-06,430.0,0.0020898
CTXC/BTC,1615949300179,2021-03-17T02:48:20.179Z,sell,4.86e-06,430.0,0.0020898
CTXC/BTC,1615949300179,2021-03-17T02:48:20.179Z,sell,4.86e-06,430.0,0.0020898
CTXC/BTC,1615949300179,2021-03-17T02:48:20.179Z,sell,4.86e-06,430.0,0.0020898
CTXC/BTC,1615949300179,2021-03-17T02:48:20.179Z,sell,4.86e-06,430.0,0.0020898
CTXC/BTC,1615949300180,2021-03-17T02:48:20.180Z,sell,4.86e-06,430.0,0.0020898
CTXC/BTC,1615949300180,2021-03-17T02:48:20.180Z,sell,4.86e-06,430.0,0.0020898
CTXC/BTC,1615949300180,2021-03-17T02:48:20.180Z,sell,4.86e-06,430.0,0.0020898
CTXC/BTC,1615949300180,2021-03-17T02:48:20.180Z,sell,4.86e-06,430.0,0.0020898
CTXC/BTC,1615949300180,2021-03-17T02:48:20.180Z,sell,4.86e-06,430.0,0.0020898
CTXC/BTC,1615949300181,2021-03-17T02:48:20.181Z,sell,4.86e-06,430.0,0.0020898
CTXC/BTC,1615949300181,2021-03-17T02:48:20.181Z,sell,4.86e-06,430.0,0.0020898
CTXC/BTC,1615949300181,2021-03-17T02:48:20.181Z,sell,4.86e-06,430.0,0.0020898
CTXC/BTC,1615949300181,2021-03-17T02:48:20.181Z,sell,4.86e-06,430.0,0.0020898
CTXC/BTC,1615949300181,2021-03-17T02:48:20.181Z,sell,4.86e-06,430.0,0.0020898
CTXC/BTC,1615949300181,2021-03-17T02:48:20.181Z,sell,4.86e-06,430.0,0.0020898
CTXC/BTC,1615949300181,2021-03-17T02:48:20.181Z,sell,4.86e-06,430.0,0.0020898
CTXC/BTC,1615949300182,2021-03-17T02:48:20.182Z,sell,4.86e-06,430.0,0.0020898
CTXC/BTC,1615949300182,2021-03-17T02:48:20.182Z,sell,4.86e-06,430.0,0.0020898
CTXC/BTC,1615949300183,2021-03-17T02:48:20.183Z,sell,4.86e-06,430.0,0.0020898
CTXC/BTC,1615949300183,2021-03-17T02:48:20.183Z,sell,4.86e-06,430.0,0.0020898
CTXC/BTC,1615949300183,2021-03-17T02:48:20.183Z,sell,4.86e-06,430.0,0.0020898
CTXC/BTC,1615949300183,2021-03-17T02:48:20.183Z,sell,4.86e-06,430.0,0.0020898
CTXC/BTC,1615949300183,2021-03-17T02:48:20.183Z,sell,4.86e-06,19967.0,0.09703962000000001
CTXC/BTC,1615949300184,2021-03-17T02:48:20.184Z,sell,4.85e-06,430.0,0.0020855
CTXC/BTC,1615949300184,2021-03-17T02:48:20.184Z,sell,4.85e-06,430.0,0.0020855
CTXC/BTC,1615949300184,2021-03-17T02:48:20.184Z,sell,4.85e-06,430.0,0.0020855
CTXC/BTC,1615949300184,2021-03-17T02:48:20.184Z,sell,4.85e-06,430.0,0.0020855
CTXC/BTC,1615949300184,2021-03-17T02:48:20.184Z,sell,4.85e-06,430.0,0.0020855
CTXC/BTC,1615949300184,2021-03-17T02:48:20.184Z,sell,4.85e-06,430.0,0.0020855
CTXC/BTC,1615949300185,2021-03-17T02:48:20.185Z,sell,4.85e-06,430.0,0.0020855
CTXC/BTC,1615949300185,2021-03-17T02:48:20.185Z,sell,4.85e-06,430.0,0.0020855
CTXC/BTC,1615949300185,2021-03-17T02:48:20.185Z,sell,4.85e-06,430.0,0.0020855
CTXC/BTC,1615949300185,2021-03-17T02:48:20.185Z,sell,4.85e-06,430.0,0.0020855
CTXC/BTC,1615949300185,2021-03-17T02:48:20.185Z,sell,4.85e-06,430.0,0.0020855
CTXC/BTC,1615949300186,2021-03-17T02:48:20.186Z,sell,4.85e-06,430.0,0.0020855
CTXC/BTC,1615949300186,2021-03-17T02:48:20.186Z,sell,4.85e-06,430.0,0.0020855
CTXC/BTC,1615949300189,2021-03-17T02:48:20.189Z,sell,4.85e-06,430.0,0.0020855
CTXC/BTC,1615949300190,2021-03-17T02:48:20.190Z,sell,4.85e-06,430.0,0.0020855
CTXC/BTC,1615949300190,2021-03-17T02:48:20.190Z,sell,4.85e-06,430.0,0.0020855
CTXC/BTC,1615949300190,2021-03-17T02:48:20.190Z,sell,4.85e-06,430.0,0.0020855
CTXC/BTC,1615949300191,2021-03-17T02:48:20.191Z,sell,4.85e-06,430.0,0.0020855
CTXC/BTC,1615949300192,2021-03-17T02:48:20.192Z,sell,4.85e-06,430.0,0.0020855
CTXC/BTC,1615949300193,2021-03-17T02:48:20.193Z,sell,4.85e-06,430.0,0.0020855
CTXC/BTC,1615949300214,2021-03-17T02:48:20.214Z,sell,4.85e-06,6457.0,0.03131645
CTXC/BTC,1615949300230,2021-03-17T02:48:20.230Z,buy,4.88e-06,199.0,0.00097112
CTXC/BTC,1615949300388,2021-03-17T02:48:20.388Z,buy,4.88e-06,178.0,0.00086864
CTXC/BTC,1615949300400,2021-03-17T02:48:20.400Z,buy,4.88e-06,177.0,0.00086376
CTXC/BTC,1615949300507,2021-03-17T02:48:20.507Z,buy,4.88e-06,126.0,0.0006148799999999999
CTXC/BTC,1615949300518,2021-03-17T02:48:20.518Z,buy,4.88e-06,127.0,0.00061976
CTXC/BTC,1615949300529,2021-03-17T02:48:20.529Z,buy,4.88e-06,101.0,0.00049288
CTXC/BTC,1615949300541,2021-03-17T02:48:20.541Z,buy,4.88e-06,101.0,0.00049288
CTXC/BTC,1615949300725,2021-03-17T02:48:20.725Z,buy,4.88e-06,641.0,0.00312808
CTXC/BTC,1615949361288,2021-03-17T02:49:21.288Z,buy,4.88e-06,73.0,0.00035623999999999996
CTXC/BTC,1615949368828,2021-03-17T02:49:28.828Z,buy,4.89e-06,62.0,0.00030318
CTXC/BTC,1615949384169,2021-03-17T02:49:44.169Z,buy,4.89e-06,455.0,0.00222495
CTXC/BTC,1615949384169,2021-03-17T02:49:44.169Z,buy,4.9e-06,2869.0,0.014058099999999999
CTXC/BTC,1615949384169,2021-03-17T02:49:44.169Z,buy,4.91e-06,5797.0,0.02846327
CTXC/BTC,1615949420688,2021-03-17T02:50:20.688Z,buy,4.89e-06,47.0,0.00022983
CTXC/BTC,1615949587366,2021-03-17T02:53:07.366Z,sell,4.88e-06,102.0,0.00049776
CTXC/BTC,1615949691668,2021-03-17T02:54:51.668Z,buy,4.88e-06,292.0,0.0014249599999999999
CTXC/BTC,1615949778152,2021-03-17T02:56:18.152Z,buy,4.88e-06,340.0,0.0016592
CTXC/BTC,1615949930117,2021-03-17T02:58:50.117Z,buy,4.88e-06,1961.0,0.00956968
CTXC/BTC,1615949944402,2021-03-17T02:59:04.402Z,buy,4.88e-06,310.0,0.0015128
CTXC/BTC,1615949947742,2021-03-17T02:59:07.742Z,buy,4.88e-06,53.0,0.00025864
CTXC/BTC,1615949947760,2021-03-17T02:59:07.760Z,buy,4.88e-06,332.0,0.00162016
CTXC/BTC,1615949947762,2021-03-17T02:59:07.762Z,buy,4.88e-06,332.0,0.00162016
CTXC/BTC,1615950181367,2021-03-17T03:03:01.367Z,sell,4.87e-06,139.0,0.00067693
CTXC/BTC,1615950190709,2021-03-17T03:03:10.709Z,buy,4.88e-06,144.0,0.00070272
CTXC/BTC,1615950240323,2021-03-17T03:04:00.323Z,sell,4.87e-06,177.0,0.00086199
CTXC/BTC,1615950241411,2021-03-17T03:04:01.411Z,sell,4.87e-06,178.0,0.00086686
CTXC/BTC,1615950241420,2021-03-17T03:04:01.420Z,sell,4.87e-06,127.0,0.00061849
CTXC/BTC,1615950241437,2021-03-17T03:04:01.437Z,sell,4.87e-06,126.0,0.0006136199999999999
CTXC/BTC,1615950241446,2021-03-17T03:04:01.446Z,sell,4.87e-06,101.0,0.00049187
CTXC/BTC,1615950241456,2021-03-17T03:04:01.456Z,sell,4.87e-06,101.0,0.00049187
CTXC/BTC,1615950269485,2021-03-17T03:04:29.485Z,sell,4.87e-06,27.0,0.00013149
CTXC/BTC,1615950312557,2021-03-17T03:05:12.557Z,sell,4.87e-06,144.0,0.00070128
CTXC/BTC,1615950431314,2021-03-17T03:07:11.314Z,sell,4.87e-06,365.0,0.00177755
CTXC/BTC,1615950489034,2021-03-17T03:08:09.034Z,sell,4.87e-06,76.0,0.00037012
CTXC/BTC,1615950489034,2021-03-17T03:08:09.034Z,sell,4.86e-06,178.0,0.0008650800000000001
CTXC/BTC,1615950501303,2021-03-17T03:08:21.303Z,buy,4.87e-06,73.0,0.00035551
CTXC/BTC,1615950583651,2021-03-17T03:09:43.651Z,buy,4.88e-06,68.0,0.00033183999999999997
CTXC/BTC,1615950850567,2021-03-17T03:14:10.567Z,sell,4.86e-06,43.0,0.00020898
CTXC/BTC,1615950919090,2021-03-17T03:15:19.090Z,buy,4.88e-06,99.0,0.00048311999999999997
CTXC/BTC,1615950982521,2021-03-17T03:16:22.521Z,buy,4.88e-06,123.0,0.0006002399999999999
CTXC/BTC,1615951064390,2021-03-17T03:17:44.390Z,buy,4.88e-06,1629.0,0.00794952
CTXC/BTC,1615951064390,2021-03-17T03:17:44.390Z,buy,4.88e-06,904.0,0.0044115199999999995
CTXC/BTC,1615951108122,2021-03-17T03:18:28.122Z,buy,4.89e-06,133.0,0.0006503699999999999
CTXC/BTC,1615951108981,2021-03-17T03:18:28.981Z,buy,4.89e-06,74.0,0.00036186
CTXC/BTC,1615951110134,2021-03-17T03:18:30.134Z,buy,4.89e-06,126.0,0.0006161399999999999
CTXC/BTC,1615951110666,2021-03-17T03:18:30.666Z,buy,4.89e-06,30.0,0.0001467
CTXC/BTC,1615951142347,2021-03-17T03:19:02.347Z,buy,4.9e-06,133.0,0.0006517
CTXC/BTC,1615951152465,2021-03-17T03:19:12.465Z,buy,4.9e-06,120.0,0.000588
CTXC/BTC,1615951309847,2021-03-17T03:21:49.847Z,buy,4.9e-06,43.0,0.0002107
CTXC/BTC,1615951328627,2021-03-17T03:22:08.627Z,buy,4.9e-06,21.0,0.0001029
CTXC/BTC,1615951367567,2021-03-17T03:22:47.567Z,buy,4.91e-06,67.0,0.00032897
CTXC/BTC,1615951383627,2021-03-17T03:23:03.627Z,buy,4.91e-06,913.0,0.004482829999999999
CTXC/BTC,1615951383710,2021-03-17T03:23:03.710Z,buy,4.91e-06,38.0,0.00018658
CTXC/BTC,1615951402820,2021-03-17T03:23:22.820Z,buy,4.91e-06,66.0,0.00032406
CTXC/BTC,1615951402852,2021-03-17T03:23:22.852Z,buy,4.91e-06,367.0,0.0018019699999999997
CTXC/BTC,1615951402856,2021-03-17T03:23:22.856Z,buy,4.91e-06,87.0,0.00042716999999999994
CTXC/BTC,1615951456118,2021-03-17T03:24:16.118Z,sell,4.9e-06,216.0,0.0010584
CTXC/BTC,1615951484271,2021-03-17T03:24:44.271Z,buy,4.92e-06,70.0,0.0003444
CTXC/BTC,1615951610111,2021-03-17T03:26:50.111Z,sell,4.91e-06,50.0,0.0002455
CTXC/BTC,1615951610177,2021-03-17T03:26:50.177Z,sell,4.91e-06,106.0,0.0005204599999999999
CTXC/BTC,1615951651984,2021-03-17T03:27:31.984Z,sell,4.9e-06,40.0,0.000196
CTXC/BTC,1615951672230,2021-03-17T03:27:52.230Z,buy,4.92e-06,124.0,0.00061008
CTXC/BTC,1615951677445,2021-03-17T03:27:57.445Z,buy,4.92e-06,242.0,0.0011906400000000002
CTXC/BTC,1615951697087,2021-03-17T03:28:17.087Z,buy,4.92e-06,225.0,0.0011070000000000001
CTXC/BTC,1615951739221,2021-03-17T03:28:59.221Z,buy,4.93e-06,362.0,0.00178466
CTXC/BTC,1615951758884,2021-03-17T03:29:18.884Z,buy,4.93e-06,80.0,0.00039440000000000005
CTXC/BTC,1615951769412,2021-03-17T03:29:29.412Z,buy,4.93e-06,359.0,0.00176987
CTXC/BTC,1615951769413,2021-03-17T03:29:29.413Z,buy,4.93e-06,109.0,0.00053737
CTXC/BTC,1615951772218,2021-03-17T03:29:32.218Z,buy,4.94e-06,102.0,0.0005038800000000001
CTXC/BTC,1615951827214,2021-03-17T03:30:27.214Z,buy,4.95e-06,33773.0,0.16717635
CTXC/BTC,1615951827215,2021-03-17T03:30:27.215Z,buy,4.95e-06,4822.0,0.023868900000000002
CTXC/BTC,1615951864801,2021-03-17T03:31:04.801Z,buy,4.96e-06,180.0,0.0008928
CTXC/BTC,1615951864809,2021-03-17T03:31:04.809Z,buy,4.96e-06,180.0,0.0008928
CTXC/BTC,1615951864809,2021-03-17T03:31:04.809Z,buy,4.96e-06,28.0,0.00013888
CTXC/BTC,1615951866317,2021-03-17T03:31:06.317Z,sell,4.96e-06,1508.0,0.00747968
CTXC/BTC,1615951866317,2021-03-17T03:31:06.317Z,sell,4.95e-06,9.0,4.455e-05
CTXC/BTC,1615951868565,2021-03-17T03:31:08.565Z,buy,4.97e-06,719.0,0.00357343
CTXC/BTC,1615951872067,2021-03-17T03:31:12.067Z,buy,4.98e-06,1441.0,0.00717618
CTXC/BTC,1615951873457,2021-03-17T03:31:13.457Z,buy,4.99e-06,3238.0,0.016157619999999998
CTXC/BTC,1615951874303,2021-03-17T03:31:14.303Z,buy,4.99e-06,823.0,0.00410677
CTXC/BTC,1615951874322,2021-03-17T03:31:14.322Z,buy,5e-06,61.0,0.00030500000000000004
CTXC/BTC,1615951881501,2021-03-17T03:31:21.501Z,buy,5.01e-06,1672.0,0.00837672
CTXC/BTC,1615951881950,2021-03-17T03:31:21.950Z,sell,4.99e-06,63.0,0.00031436999999999996
CTXC/BTC,1615951883023,2021-03-17T03:31:23.023Z,sell,4.99e-06,122.0,0.00060878
CTXC/BTC,1615951883023,2021-03-17T03:31:23.023Z,sell,4.98e-06,1.0,4.98e-06
CTXC/BTC,1615951886964,2021-03-17T03:31:26.964Z,sell,4.98e-06,47.0,0.00023406
CTXC/BTC,1615951886971,2021-03-17T03:31:26.971Z,sell,4.98e-06,62.0,0.00030876
CTXC/BTC,1615951887206,2021-03-17T03:31:27.206Z,sell,4.98e-06,571.0,0.00284358
CTXC/BTC,1615951887967,2021-03-17T03:31:27.967Z,sell,4.98e-06,506.0,0.00251988
CTXC/BTC,1615951925485,2021-03-17T03:32:05.485Z,buy,4.99e-06,203.0,0.00101297
CTXC/BTC,1615951955349,2021-03-17T03:32:35.349Z,buy,5e-06,73.0,0.00036500000000000004
CTXC/BTC,1615951955349,2021-03-17T03:32:35.349Z,buy,5.01e-06,5564.0,0.02787564
CTXC/BTC,1615951970890,2021-03-17T03:32:50.890Z,sell,4.99e-06,100.0,0.000499
CTXC/BTC,1615951978811,2021-03-17T03:32:58.811Z,sell,4.98e-06,329.0,0.00163842
CTXC/BTC,1615951993679,2021-03-17T03:33:13.679Z,sell,4.98e-06,143.0,0.00071214
CTXC/BTC,1615951994571,2021-03-17T03:33:14.571Z,sell,4.98e-06,180.0,0.0008964
CTXC/BTC,1615951994608,2021-03-17T03:33:14.608Z,sell,4.98e-06,180.0,0.0008964
CTXC/BTC,1615951995853,2021-03-17T03:33:15.853Z,sell,4.98e-06,102.0,0.00050796
CTXC/BTC,1615952000231,2021-03-17T03:33:20.231Z,sell,4.98e-06,135.0,0.0006722999999999999
CTXC/BTC,1615952003857,2021-03-17T03:33:23.857Z,sell,4.97e-06,381.0,0.00189357
CTXC/BTC,1615952004843,2021-03-17T03:33:24.843Z,sell,4.96e-06,150.0,0.000744
CTXC/BTC,1615952004843,2021-03-17T03:33:24.843Z,sell,4.95e-06,204.0,0.0010098
CTXC/BTC,1615952007830,2021-03-17T03:33:27.830Z,buy,4.97e-06,42.0,0.00020873999999999998
CTXC/BTC,1615952028341,2021-03-17T03:33:48.341Z,sell,4.96e-06,1670.0,0.0082832
CTXC/BTC,1615952083674,2021-03-17T03:34:43.674Z,buy,4.98e-06,75.0,0.00037349999999999997
CTXC/BTC,1615952173115,2021-03-17T03:36:13.115Z,sell,4.95e-06,96.0,0.0004752
CTXC/BTC,1615952181490,2021-03-17T03:36:21.490Z,sell,4.95e-06,101.0,0.00049995
CTXC/BTC,1615952210913,2021-03-17T03:36:50.913Z,sell,4.94e-06,59.0,0.00029146
CTXC/BTC,1615952211560,2021-03-17T03:36:51.560Z,sell,4.94e-06,265.0,0.0013091
CTXC/BTC,1615952213263,2021-03-17T03:36:53.263Z,sell,4.94e-06,94.0,0.00046436000000000003
CTXC/BTC,1615952217415,2021-03-17T03:36:57.415Z,sell,4.94e-06,193.0,0.0009534200000000001
CTXC/BTC,1615952228145,2021-03-17T03:37:08.145Z,sell,4.94e-06,73.0,0.00036062
CTXC/BTC,1615952228883,2021-03-17T03:37:08.883Z,sell,4.94e-06,320.0,0.0015808
CTXC/BTC,1615952234390,2021-03-17T03:37:14.390Z,sell,4.93e-06,150.0,0.0007395
CTXC/BTC,1615952245108,2021-03-17T03:37:25.108Z,sell,4.93e-06,99.0,0.00048807
CTXC/BTC,1615952245109,2021-03-17T03:37:25.109Z,sell,4.93e-06,2.0,9.86e-06
CTXC/BTC,1615952290702,2021-03-17T03:38:10.702Z,buy,4.94e-06,538.0,0.00265772
CTXC/BTC,1615952293747,2021-03-17T03:38:13.747Z,buy,4.95e-06,73.0,0.00036135000000000003
CTXC/BTC,1615952294777,2021-03-17T03:38:14.777Z,buy,4.96e-06,417.0,0.00206832
CTXC/BTC,1615952295013,2021-03-17T03:38:15.013Z,buy,4.95e-06,73.0,0.00036135000000000003
CTXC/BTC,1615952296010,2021-03-17T03:38:16.010Z,buy,4.97e-06,1184.0,0.00588448
CTXC/BTC,1615952296781,2021-03-17T03:38:16.781Z,buy,4.98e-06,1960.0,0.0097608
CTXC/BTC,1615952297270,2021-03-17T03:38:17.270Z,buy,4.99e-06,1968.0,0.009820319999999999
CTXC/BTC,1615952298031,2021-03-17T03:38:18.031Z,buy,4.99e-06,27.0,0.00013472999999999998
CTXC/BTC,1615952330486,2021-03-17T03:38:50.486Z,sell,4.97e-06,154.0,0.00076538
CTXC/BTC,1615952335929,2021-03-17T03:38:55.929Z,sell,4.97e-06,87.0,0.00043239
CTXC/BTC,1615952348895,2021-03-17T03:39:08.895Z,sell,4.96e-06,240.0,0.0011903999999999999
CTXC/BTC,1615952350882,2021-03-17T03:39:10.882Z,sell,4.96e-06,179.0,0.00088784
CTXC/BTC,1615952357882,2021-03-17T03:39:17.882Z,sell,4.95e-06,78.0,0.0003861
CTXC/BTC,1615952359232,2021-03-17T03:39:19.232Z,sell,4.95e-06,1722.0,0.008523900000000001
CTXC/BTC,1615952363881,2021-03-17T03:39:23.881Z,sell,4.94e-06,1001.0,0.00494494
CTXC/BTC,1615952401092,2021-03-17T03:40:01.092Z,sell,4.94e-06,129.0,0.0006372600000000001
CTXC/BTC,1615952588212,2021-03-17T03:43:08.212Z,sell,4.93e-06,141.0,0.0006951300000000001
CTXC/BTC,1615952609977,2021-03-17T03:43:29.977Z,sell,4.93e-06,80.0,0.00039440000000000005
CTXC/BTC,1615952616805,2021-03-17T03:43:36.805Z,sell,4.93e-06,152.0,0.00074936
CTXC/BTC,1615952659062,2021-03-17T03:44:19.062Z,sell,4.93e-06,5.0,2.4650000000000003e-05
CTXC/BTC,1615952708357,2021-03-17T03:45:08.357Z,sell,4.92e-06,209.0,0.0010282800000000001
CTXC/BTC,1615952708357,2021-03-17T03:45:08.357Z,sell,4.92e-06,209.0,0.0010282800000000001
CTXC/BTC,1615952713830,2021-03-17T03:45:13.830Z,sell,4.92e-06,178.0,0.0008757600000000001
CTXC/BTC,1615952725431,2021-03-17T03:45:25.431Z,sell,4.92e-06,200.0,0.000984
CTXC/BTC,1615952731313,2021-03-17T03:45:31.313Z,sell,4.92e-06,178.0,0.0008757600000000001
CTXC/BTC,1615952738708,2021-03-17T03:45:38.708Z,sell,4.92e-06,112.0,0.00055104
CTXC/BTC,1615952744685,2021-03-17T03:45:44.685Z,sell,4.92e-06,275.0,0.001353
CTXC/BTC,1615952789267,2021-03-17T03:46:29.267Z,buy,4.93e-06,46.0,0.00022678000000000002
CTXC/BTC,1615952857212,2021-03-17T03:47:37.212Z,sell,4.92e-06,30.0,0.0001476
CTXC/BTC,1615952857237,2021-03-17T03:47:37.237Z,sell,4.92e-06,52.0,0.00025584
CTXC/BTC,1615952871988,2021-03-17T03:47:51.988Z,buy,4.93e-06,218.0,0.00107474
CTXC/BTC,1615952883807,2021-03-17T03:48:03.807Z,buy,4.93e-06,175.0,0.00086275
CTXC/BTC,1615952923324,2021-03-17T03:48:43.324Z,sell,4.92e-06,99.0,0.00048708000000000003
CTXC/BTC,1615952938236,2021-03-17T03:48:58.236Z,buy,4.93e-06,122.0,0.0006014600000000001
CTXC/BTC,1615952963523,2021-03-17T03:49:23.523Z,sell,4.92e-06,175.0,0.000861
CTXC/BTC,1615952964483,2021-03-17T03:49:24.483Z,sell,4.92e-06,105.0,0.0005166000000000001
CTXC/BTC,1615952982280,2021-03-17T03:49:42.280Z,sell,4.91e-06,161.0,0.0007905099999999999
CTXC/BTC,1615953066153,2021-03-17T03:51:06.153Z,sell,4.91e-06,200.0,0.000982
CTXC/BTC,1615953072048,2021-03-17T03:51:12.048Z,sell,4.91e-06,265.0,0.0013011499999999998
CTXC/BTC,1615953300972,2021-03-17T03:55:00.972Z,buy,4.93e-06,97.0,0.00047821
CTXC/BTC,1615953300972,2021-03-17T03:55:00.972Z,buy,4.95e-06,1902.0,0.0094149
CTXC/BTC,1615953300972,2021-03-17T03:55:00.972Z,buy,4.96e-06,98.0,0.00048608
CTXC/BTC,1615953324470,2021-03-17T03:55:24.470Z,buy,4.95e-06,46.0,0.0002277
CTXC/BTC,1615953326548,2021-03-17T03:55:26.548Z,buy,4.95e-06,30.0,0.0001485
CTXC/BTC,1615953326548,2021-03-17T03:55:26.548Z,buy,4.96e-06,92.0,0.00045631999999999997
CTXC/BTC,1615953344714,2021-03-17T03:55:44.714Z,buy,4.95e-06,21.0,0.00010395
CTXC/BTC,1615953511219,2021-03-17T03:58:31.219Z,buy,4.95e-06,31.0,0.00015345
CTXC/BTC,1615953536761,2021-03-17T03:58:56.761Z,sell,4.95e-06,31.0,0.00015345
CTXC/BTC,1615953536763,2021-03-17T03:58:56.763Z,sell,4.95e-06,70.0,0.0003465
CTXC/BTC,1615953556760,2021-03-17T03:59:16.760Z,sell,4.95e-06,21.0,0.00010395
CTXC/BTC,1615953644502,2021-03-17T04:00:44.502Z,sell,4.94e-06,1000.0,0.00494
CTXC/BTC,1615953708213,2021-03-17T04:01:48.213Z,sell,4.93e-06,1000.0,0.00493
CTXC/BTC,1615953739927,2021-03-17T04:02:19.927Z,buy,4.94e-06,115.0,0.0005681
CTXC/BTC,1615953781730,2021-03-17T04:03:01.730Z,buy,4.94e-06,40.0,0.0001976
CTXC/BTC,1615953827825,2021-03-17T04:03:47.825Z,buy,4.94e-06,9.0,4.4460000000000005e-05
CTXC/BTC,1615953827825,2021-03-17T04:03:47.825Z,buy,4.95e-06,147.0,0.00072765
CTXC/BTC,1615953827825,2021-03-17T04:03:47.825Z,buy,4.96e-06,449.0,0.00222704
CTXC/BTC,1615953828111,2021-03-17T04:03:48.111Z,buy,4.96e-06,150.0,0.000744
CTXC/BTC,1615953828111,2021-03-17T04:03:48.111Z,buy,4.97e-06,862.0,0.00428414
CTXC/BTC,1615953836098,2021-03-17T04:03:56.098Z,sell,4.95e-06,60.0,0.000297
CTXC/BTC,1615953982018,2021-03-17T04:06:22.018Z,buy,4.96e-06,46.0,0.00022815999999999998
CTXC/BTC,1615954261746,2021-03-17T04:11:01.746Z,sell,4.94e-06,175.0,0.0008645
CTXC/BTC,1615954261746,2021-03-17T04:11:01.746Z,sell,4.93e-06,210.0,0.0010353
CTXC/BTC,1615954261746,2021-03-17T04:11:01.746Z,sell,4.92e-06,3246.0,0.01597032
CTXC/BTC,1615954354627,2021-03-17T04:12:34.627Z,buy,4.94e-06,100.0,0.000494
CTXC/BTC,1615954378101,2021-03-17T04:12:58.101Z,buy,4.94e-06,175.0,0.0008645
CTXC/BTC,1615954378161,2021-03-17T04:12:58.161Z,buy,4.94e-06,58.0,0.00028652
CTXC/BTC,1615954378201,2021-03-17T04:12:58.201Z,buy,4.94e-06,68.0,0.00033592
CTXC/BTC,1615954380065,2021-03-17T04:13:00.065Z,buy,4.94e-06,243.0,0.00120042
CTXC/BTC,1615954381802,2021-03-17T04:13:01.802Z,buy,4.95e-06,73.0,0.00036135000000000003
CTXC/BTC,1615954384085,2021-03-17T04:13:04.085Z,buy,4.95e-06,175.0,0.00086625
CTXC/BTC,1615954384760,2021-03-17T04:13:04.760Z,buy,4.95e-06,186.0,0.0009207
CTXC/BTC,1615954407978,2021-03-17T04:13:27.978Z,buy,4.96e-06,46.0,0.00022815999999999998
CTXC/BTC,1615954468440,2021-03-17T04:14:28.440Z,buy,4.96e-06,837.0,0.00415152
CTXC/BTC,1615954468440,2021-03-17T04:14:28.440Z,buy,4.97e-06,695.0,0.00345415
CTXC/BTC,1615954482924,2021-03-17T04:14:42.924Z,sell,4.95e-06,60.0,0.000297
CTXC/BTC,1615954482924,2021-03-17T04:14:42.924Z,sell,4.94e-06,115.0,0.0005681
CTXC/BTC,1615954688135,2021-03-17T04:18:08.135Z,sell,4.96e-06,37.0,0.00018352
CTXC/BTC,1615954688763,2021-03-17T04:18:08.763Z,buy,4.97e-06,79.0,0.00039263
CTXC/BTC,1615954705019,2021-03-17T04:18:25.019Z,buy,4.97e-06,54.0,0.00026838
CTXC/BTC,1615954765823,2021-03-17T04:19:25.823Z,buy,4.98e-06,101.0,0.00050298
CTXC/BTC,1615954768732,2021-03-17T04:19:28.732Z,buy,4.98e-06,1329.0,0.00661842
CTXC/BTC,1615954768734,2021-03-17T04:19:28.734Z,buy,4.98e-06,11.0,5.478e-05
CTXC/BTC,1615954835247,2021-03-17T04:20:35.247Z,sell,4.97e-06,54.0,0.00026838
CTXC/BTC,1615954835277,2021-03-17T04:20:35.277Z,sell,4.97e-06,26.0,0.00012921999999999999
CTXC/BTC,1615954835277,2021-03-17T04:20:35.277Z,sell,4.96e-06,74.0,0.00036704
CTXC/BTC,1615954888339,2021-03-17T04:21:28.339Z,sell,4.96e-06,85.0,0.0004216
CTXC/BTC,1615954888339,2021-03-17T04:21:28.339Z,sell,4.95e-06,360.0,0.001782
CTXC/BTC,1615954888352,2021-03-17T04:21:28.352Z,buy,4.95e-06,174.0,0.0008613
CTXC/BTC,1615954888364,2021-03-17T04:21:28.364Z,buy,4.95e-06,180.0,0.000891
CTXC/BTC,1615954939220,2021-03-17T04:22:19.220Z,buy,4.95e-06,726.0,0.0035937
CTXC/BTC,1615954972575,2021-03-17T04:22:52.575Z,buy,4.95e-06,41.0,0.00020295
CTXC/BTC,1615955161043,2021-03-17T04:26:01.043Z,buy,4.95e-06,207.0,0.00102465
CTXC/BTC,1615955199126,2021-03-17T04:26:39.126Z,buy,4.95e-06,100.0,0.000495
CTXC/BTC,1615955206006,2021-03-17T04:26:46.006Z,buy,4.95e-06,94.0,0.0004653
CTXC/BTC,1615955342493,2021-03-17T04:29:02.493Z,buy,4.95e-06,174.0,0.0008613
CTXC/BTC,1615955352993,2021-03-17T04:29:12.993Z,buy,4.95e-06,125.0,0.00061875
CTXC/BTC,1615955353191,2021-03-17T04:29:13.191Z,buy,4.95e-06,125.0,0.00061875
CTXC/BTC,1615955353396,2021-03-17T04:29:13.396Z,buy,4.95e-06,99.0,0.00049005
CTXC/BTC,1615955356299,2021-03-17T04:29:16.299Z,buy,4.95e-06,17249.0,0.08538255
CTXC/BTC,1615955356300,2021-03-17T04:29:16.300Z,buy,4.95e-06,95.0,0.00047025
CTXC/BTC,1615955356321,2021-03-17T04:29:16.321Z,buy,4.95e-06,5420.0,0.026829
CTXC/BTC,1615955356703,2021-03-17T04:29:16.703Z,buy,4.95e-06,528.0,0.0026136
CTXC/BTC,1615955356766,2021-03-17T04:29:16.766Z,buy,4.95e-06,600.0,0.00297
CTXC/BTC,1615955356822,2021-03-17T04:29:16.822Z,buy,4.95e-06,600.0,0.00297
CTXC/BTC,1615955356829,2021-03-17T04:29:16.829Z,buy,4.95e-06,1164.0,0.0057618
CTXC/BTC,1615955384572,2021-03-17T04:29:44.572Z,buy,4.97e-06,46.0,0.00022862
CTXC/BTC,1615955522789,2021-03-17T04:32:02.789Z,buy,4.96e-06,97.0,0.00048112
CTXC/BTC,1615955523530,2021-03-17T04:32:03.530Z,buy,4.96e-06,24.0,0.00011904
CTXC/BTC,1615955531614,2021-03-17T04:32:11.614Z,buy,4.96e-06,24.0,0.00011904
CTXC/BTC,1615955624158,2021-03-17T04:33:44.158Z,buy,4.96e-06,299.0,0.00148304
CTXC/BTC,1615955624158,2021-03-17T04:33:44.158Z,buy,4.97e-06,839.0,0.00416983
CTXC/BTC,1615955624158,2021-03-17T04:33:44.158Z,buy,4.98e-06,3041.0,0.015144179999999998
CTXC/BTC,1615955624158,2021-03-17T04:33:44.158Z,buy,4.99e-06,16044.0,0.08005955999999999
CTXC/BTC,1615955624165,2021-03-17T04:33:44.165Z,sell,4.99e-06,1832.0,0.00914168
CTXC/BTC,1615955624165,2021-03-17T04:33:44.165Z,sell,4.99e-06,111.0,0.0005538899999999999
CTXC/BTC,1615955624165,2021-03-17T04:33:44.165Z,sell,4.99e-06,1832.0,0.00914168
CTXC/BTC,1615955624166,2021-03-17T04:33:44.166Z,sell,4.99e-06,16082.0,0.08024917999999999
CTXC/BTC,1615955718160,2021-03-17T04:35:18.160Z,buy,4.99e-06,94.0,0.00046906
CTXC/BTC,1615955726869,2021-03-17T04:35:26.869Z,buy,5e-06,120.0,0.0006000000000000001
CTXC/BTC,1615955784748,2021-03-17T04:36:24.748Z,sell,4.99e-06,122.0,0.00060878
CTXC/BTC,1615955788327,2021-03-17T04:36:28.327Z,buy,5e-06,167.0,0.000835
CTXC/BTC,1615955806060,2021-03-17T04:36:46.060Z,buy,5e-06,31.0,0.000155
CTXC/BTC,1615955806060,2021-03-17T04:36:46.060Z,buy,5.01e-06,405.0,0.00202905
CTXC/BTC,1615955811137,2021-03-17T04:36:51.137Z,buy,5.01e-06,95.0,0.00047595000000000005
CTXC/BTC,1615955811144,2021-03-17T04:36:51.144Z,sell,5.01e-06,1269.0,0.00635769
CTXC/BTC,1615955839520,2021-03-17T04:37:19.520Z,buy,5.01e-06,293.0,0.00146793
CTXC/BTC,1615955849101,2021-03-17T04:37:29.101Z,buy,5.02e-06,166.0,0.00083332
CTXC/BTC,1615955851368,2021-03-17T04:37:31.368Z,sell,5e-06,26.0,0.00013000000000000002
CTXC/BTC,1615955892105,2021-03-17T04:38:12.105Z,buy,5.02e-06,166.0,0.00083332
CTXC/BTC,1615955893940,2021-03-17T04:38:13.940Z,buy,5.01e-06,73.0,0.00036573000000000004
CTXC/BTC,1615955908591,2021-03-17T04:38:28.591Z,sell,5.01e-06,122.0,0.00061122
CTXC/BTC,1615955918321,2021-03-17T04:38:38.321Z,buy,5.02e-06,48.0,0.00024096000000000002
CTXC/BTC,1615955922578,2021-03-17T04:38:42.578Z,buy,5.02e-06,163.0,0.00081826
CTXC/BTC,1615955922990,2021-03-17T04:38:42.990Z,buy,5.02e-06,1611.0,0.00808722
CTXC/BTC,1615955922990,2021-03-17T04:38:42.990Z,buy,5.03e-06,500.0,0.002515
CTXC/BTC,1615955922990,2021-03-17T04:38:42.990Z,buy,5.04e-06,152.0,0.00076608
CTXC/BTC,1615955924554,2021-03-17T04:38:44.554Z,buy,5.04e-06,273.0,0.00137592
CTXC/BTC,1615955926314,2021-03-17T04:38:46.314Z,buy,5.04e-06,786.0,0.00396144
CTXC/BTC,1615955926388,2021-03-17T04:38:46.388Z,buy,5.04e-06,44.0,0.00022176
CTXC/BTC,1615955926494,2021-03-17T04:38:46.494Z,buy,5.04e-06,75.0,0.000378
CTXC/BTC,1615955982029,2021-03-17T04:39:42.029Z,sell,5.01e-06,480.0,0.0024048000000000003
CTXC/BTC,1615955984090,2021-03-17T04:39:44.090Z,sell,5.01e-06,174.0,0.0008717400000000001
CTXC/BTC,1615955984265,2021-03-17T04:39:44.265Z,sell,5.01e-06,73.0,0.00036573000000000004
CTXC/BTC,1615955984273,2021-03-17T04:39:44.273Z,sell,5.01e-06,132.0,0.0006613200000000001
CTXC/BTC,1615955987146,2021-03-17T04:39:47.146Z,sell,5e-06,358.0,0.0017900000000000001
CTXC/BTC,1615955996553,2021-03-17T04:39:56.553Z,buy,5.02e-06,45.0,0.00022590000000000002
CTXC/BTC,1615956001300,2021-03-17T04:40:01.300Z,sell,5.01e-06,173.0,0.00086673
CTXC/BTC,1615956028042,2021-03-17T04:40:28.042Z,sell,5e-06,54.0,0.00027
CTXC/BTC,1615956054025,2021-03-17T04:40:54.025Z,buy,5.01e-06,152.0,0.00076152
CTXC/BTC,1615956110083,2021-03-17T04:41:50.083Z,sell,5.01e-06,79.0,0.00039579000000000003
CTXC/BTC,1615956110083,2021-03-17T04:41:50.083Z,sell,5e-06,46.0,0.00023
CTXC/BTC,1615956112856,2021-03-17T04:41:52.856Z,buy,5.01e-06,73.0,0.00036573000000000004
CTXC/BTC,1615956119292,2021-03-17T04:41:59.292Z,sell,5.01e-06,133.0,0.00066633
CTXC/BTC,1615956119292,2021-03-17T04:41:59.292Z,sell,5e-06,1767.0,0.008835
CTXC/BTC,1615956141493,2021-03-17T04:42:21.493Z,buy,5.02e-06,171.0,0.00085842
CTXC/BTC,1615956141499,2021-03-17T04:42:21.499Z,buy,5.02e-06,321.0,0.0016114200000000001
CTXC/BTC,1615956141519,2021-03-17T04:42:21.519Z,buy,5.03e-06,1083.0,0.00544749
CTXC/BTC,1615956141519,2021-03-17T04:42:21.519Z,buy,5.04e-06,414.0,0.00208656
CTXC/BTC,1615956141845,2021-03-17T04:42:21.845Z,buy,5.03e-06,73.0,0.00036719
CTXC/BTC,1615956143159,2021-03-17T04:42:23.159Z,buy,5.04e-06,50.0,0.000252
CTXC/BTC,1615956145055,2021-03-17T04:42:25.055Z,buy,5.04e-06,729.0,0.00367416
CTXC/BTC,1615956147330,2021-03-17T04:42:27.330Z,sell,5.03e-06,378.0,0.00190134
CTXC/BTC,1615956147802,2021-03-17T04:42:27.802Z,sell,5.03e-06,36.0,0.00018108
CTXC/BTC,1615956153745,2021-03-17T04:42:33.745Z,buy,5.05e-06,577.0,0.00291385
CTXC/BTC,1615956156648,2021-03-17T04:42:36.648Z,sell,5.04e-06,41.0,0.00020664000000000001
CTXC/BTC,1615956227816,2021-03-17T04:43:47.816Z,buy,5.05e-06,190.0,0.0009595
CTXC/BTC,1615956235820,2021-03-17T04:43:55.820Z,buy,5.05e-06,62.0,0.0003131
CTXC/BTC,1615956235820,2021-03-17T04:43:55.820Z,buy,5.05e-06,62.0,0.0003131
CTXC/BTC,1615956403859,2021-03-17T04:46:43.859Z,sell,5.03e-06,358.0,0.0018007400000000001
CTXC/BTC,1615956403859,2021-03-17T04:46:43.859Z,sell,5.03e-06,165.0,0.00082995
CTXC/BTC,1615956403862,2021-03-17T04:46:43.862Z,sell,5.03e-06,353.0,0.00177559
CTXC/BTC,1615956403864,2021-03-17T04:46:43.864Z,sell,5.03e-06,174.0,0.00087522
CTXC/BTC,1615956403864,2021-03-17T04:46:43.864Z,sell,5.03e-06,69.0,0.00034707
CTXC/BTC,1615956438186,2021-03-17T04:47:18.186Z,sell,5.03e-06,171.0,0.0008601300000000001
CTXC/BTC,1615956438198,2021-03-17T04:47:18.198Z,sell,5.03e-06,123.0,0.00061869
CTXC/BTC,1615956438209,2021-03-17T04:47:18.209Z,sell,5.03e-06,125.0,0.00062875
CTXC/BTC,1615956438212,2021-03-17T04:47:18.212Z,sell,5.03e-06,430.0,0.0021629
CTXC/BTC,1615956438214,2021-03-17T04:47:18.214Z,sell,5.03e-06,438.0,0.00220314
CTXC/BTC,1615956438220,2021-03-17T04:47:18.220Z,sell,5.03e-06,99.0,0.00049797
CTXC/BTC,1615956448421,2021-03-17T04:47:28.421Z,sell,5.03e-06,100.0,0.000503
CTXC/BTC,1615956450410,2021-03-17T04:47:30.410Z,sell,5.03e-06,73.0,0.00036719
CTXC/BTC,1615956456770,2021-03-17T04:47:36.770Z,buy,5.04e-06,341.0,0.00171864
CTXC/BTC,1615956456770,2021-03-17T04:47:36.770Z,buy,5.05e-06,98.0,0.0004948999999999999
CTXC/BTC,1615956463225,2021-03-17T04:47:43.225Z,sell,5.03e-06,2439.0,0.01226817
CTXC/BTC,1615956481017,2021-03-17T04:48:01.017Z,sell,5.03e-06,78.0,0.00039234000000000003
CTXC/BTC,1615956508676,2021-03-17T04:48:28.676Z,sell,5.02e-06,1362.0,0.0068372400000000005
CTXC/BTC,1615956572165,2021-03-17T04:49:32.165Z,sell,5.02e-06,158.0,0.00079316
