symbol,timestamp,datetime,side,price,amount,btc_volume
DLT/BTC,1611687618491,2021-01-26T19:00:18.491Z,sell,1.57e-06,432.0,0.00067824
DLT/BTC,1611687661009,2021-01-26T19:01:01.009Z,buy,1.57e-06,2036.0,0.00319652
DLT/BTC,1611687849757,2021-01-26T19:04:09.757Z,sell,1.57e-06,16726.0,0.02625982
DLT/BTC,1611687903708,2021-01-26T19:05:03.708Z,buy,1.57e-06,117.0,0.00018369
DLT/BTC,1611687965387,2021-01-26T19:06:05.387Z,buy,1.57e-06,2004.0,0.00314628
DLT/BTC,1611688022825,2021-01-26T19:07:02.825Z,sell,1.56e-06,13421.0,0.020936760000000002
DLT/BTC,1611688136921,2021-01-26T19:08:56.921Z,sell,1.56e-06,117.0,0.00018252
DLT/BTC,1611688266200,2021-01-26T19:11:06.200Z,buy,1.57e-06,146.0,0.00022922
DLT/BTC,1611688367734,2021-01-26T19:12:47.734Z,sell,1.56e-06,15306.0,0.02387736
DLT/BTC,1611688501847,2021-01-26T19:15:01.847Z,buy,1.56e-06,1993.0,0.00310908
DLT/BTC,1611688611566,2021-01-26T19:16:51.566Z,buy,1.56e-06,409.0,0.0006380400000000001
DLT/BTC,1611688659178,2021-01-26T19:17:39.178Z,buy,1.56e-06,4835.0,0.007542600000000001
DLT/BTC,1611688876458,2021-01-26T19:21:16.458Z,sell,1.56e-06,1230.0,0.0019188
DLT/BTC,1611689345282,2021-01-26T19:29:05.282Z,sell,1.56e-06,608.0,0.00094848
DLT/BTC,1611689488249,2021-01-26T19:31:28.249Z,sell,1.56e-06,2086.0,0.0032541600000000003
DLT/BTC,1611689645123,2021-01-26T19:34:05.123Z,sell,1.55e-06,74.0,0.0001147
DLT/BTC,1611690218918,2021-01-26T19:43:38.918Z,sell,1.55e-06,7050.0,0.0109275
DLT/BTC,1611690516372,2021-01-26T19:48:36.372Z,sell,1.55e-06,2273.0,0.00352315
DLT/BTC,1611690653756,2021-01-26T19:50:53.756Z,sell,1.55e-06,987.0,0.00152985
DLT/BTC,1611691025954,2021-01-26T19:57:05.954Z,sell,1.55e-06,1996.0,0.0030938
DLT/BTC,1611691025954,2021-01-26T19:57:05.954Z,sell,1.55e-06,1996.0,0.0030938
DLT/BTC,1611691411196,2021-01-26T20:03:31.196Z,buy,1.56e-06,499.0,0.00077844
DLT/BTC,1611691569258,2021-01-26T20:06:09.258Z,buy,1.56e-06,1296.0,0.00202176
DLT/BTC,1611691703473,2021-01-26T20:08:23.473Z,buy,1.57e-06,735.0,0.00115395
DLT/BTC,1611691812481,2021-01-26T20:10:12.481Z,buy,1.57e-06,13314.0,0.02090298
DLT/BTC,1611691879903,2021-01-26T20:11:19.903Z,buy,1.57e-06,292.0,0.00045844
DLT/BTC,1611692122754,2021-01-26T20:15:22.754Z,buy,1.57e-06,514.0,0.00080698
DLT/BTC,1611692401115,2021-01-26T20:20:01.115Z,sell,1.56e-06,7506.0,0.01170936
DLT/BTC,1611693271622,2021-01-26T20:34:31.622Z,buy,1.57e-06,2040.0,0.0032028
DLT/BTC,1611693288606,2021-01-26T20:34:48.606Z,buy,1.57e-06,21614.0,0.03393398
DLT/BTC,1611693339554,2021-01-26T20:35:39.554Z,buy,1.58e-06,2143.0,0.0033859399999999996
DLT/BTC,1611693339554,2021-01-26T20:35:39.554Z,buy,1.59e-06,31251.0,0.04968909
DLT/BTC,1611693370627,2021-01-26T20:36:10.627Z,sell,1.58e-06,2021.0,0.00319318
DLT/BTC,1611693402953,2021-01-26T20:36:42.953Z,buy,1.58e-06,786.0,0.00124188
DLT/BTC,1611693404535,2021-01-26T20:36:44.535Z,sell,1.57e-06,2655.0,0.00416835
DLT/BTC,1611693481477,2021-01-26T20:38:01.477Z,sell,1.56e-06,2045.0,0.0031902000000000002
DLT/BTC,1611693481477,2021-01-26T20:38:01.477Z,sell,1.55e-06,1214.0,0.0018817
DLT/BTC,1611693508733,2021-01-26T20:38:28.733Z,sell,1.56e-06,250.0,0.00039000000000000005
DLT/BTC,1611694604054,2021-01-26T20:56:44.054Z,buy,1.57e-06,2500.0,0.003925
DLT/BTC,1611694604054,2021-01-26T20:56:44.054Z,buy,1.57e-06,2500.0,0.003925
DLT/BTC,1611694726610,2021-01-26T20:58:46.610Z,sell,1.56e-06,1997.0,0.00311532
DLT/BTC,1611694874600,2021-01-26T21:01:14.600Z,sell,1.56e-06,197.0,0.00030732000000000003
DLT/BTC,1611695728499,2021-01-26T21:15:28.499Z,sell,1.56e-06,135662.0,0.21163272000000002
DLT/BTC,1611695937825,2021-01-26T21:18:57.825Z,buy,1.57e-06,1973.0,0.00309761
DLT/BTC,1611695959089,2021-01-26T21:19:19.089Z,sell,1.56e-06,805.0,0.0012558
DLT/BTC,1611696099879,2021-01-26T21:21:39.879Z,sell,1.56e-06,582.0,0.0009079200000000001
DLT/BTC,1611696412491,2021-01-26T21:26:52.491Z,sell,1.56e-06,7914.0,0.01234584
DLT/BTC,1611696626851,2021-01-26T21:30:26.851Z,sell,1.55e-06,8201.0,0.01271155
DLT/BTC,1611696720987,2021-01-26T21:32:00.987Z,buy,1.56e-06,767.0,0.0011965200000000002
DLT/BTC,1611696786934,2021-01-26T21:33:06.934Z,sell,1.55e-06,21739.0,0.03369545
DLT/BTC,1611696786934,2021-01-26T21:33:06.934Z,sell,1.54e-06,19898.0,0.03064292
DLT/BTC,1611696786934,2021-01-26T21:33:06.934Z,sell,1.54e-06,1970.0,0.0030338
DLT/BTC,1611696829527,2021-01-26T21:33:49.527Z,buy,1.55e-06,2009.0,0.00311395
DLT/BTC,1611697445710,2021-01-26T21:44:05.710Z,buy,1.56e-06,200.0,0.000312
DLT/BTC,1611697553704,2021-01-26T21:45:53.704Z,buy,1.56e-06,1991.0,0.00310596
DLT/BTC,1611697567907,2021-01-26T21:46:07.907Z,sell,1.56e-06,65.0,0.00010140000000000001
DLT/BTC,1611697760152,2021-01-26T21:49:20.152Z,buy,1.57e-06,5210.0,0.0081797
DLT/BTC,1611697760152,2021-01-26T21:49:20.152Z,buy,1.57e-06,5210.0,0.0081797
DLT/BTC,1611698368254,2021-01-26T21:59:28.254Z,buy,1.58e-06,87.0,0.00013746
DLT/BTC,1611699055342,2021-01-26T22:10:55.342Z,buy,1.58e-06,420.0,0.0006636
DLT/BTC,1611699835809,2021-01-26T22:23:55.809Z,buy,1.58e-06,4525.0,0.0071495
DLT/BTC,1611699847016,2021-01-26T22:24:07.016Z,sell,1.58e-06,1512.0,0.00238896
DLT/BTC,1611699848160,2021-01-26T22:24:08.160Z,sell,1.58e-06,1842.0,0.00291036
DLT/BTC,1611699855743,2021-01-26T22:24:15.743Z,sell,1.57e-06,642.0,0.00100794
DLT/BTC,1611699865931,2021-01-26T22:24:25.931Z,sell,1.57e-06,7023.0,0.01102611
DLT/BTC,1611699879455,2021-01-26T22:24:39.455Z,sell,1.57e-06,2334.0,0.00366438
DLT/BTC,1611699907915,2021-01-26T22:25:07.915Z,buy,1.57e-06,64.0,0.00010048
DLT/BTC,1611699929161,2021-01-26T22:25:29.161Z,buy,1.57e-06,319.0,0.00050083
DLT/BTC,1611700376189,2021-01-26T22:32:56.189Z,buy,1.57e-06,196.0,0.00030772
DLT/BTC,1611700410688,2021-01-26T22:33:30.688Z,buy,1.57e-06,615.0,0.00096555
DLT/BTC,1611700553063,2021-01-26T22:35:53.063Z,buy,1.57e-06,988.0,0.00155116
DLT/BTC,1611701022274,2021-01-26T22:43:42.274Z,buy,1.57e-06,974.0,0.00152918
DLT/BTC,1611701022274,2021-01-26T22:43:42.274Z,buy,1.57e-06,974.0,0.00152918
DLT/BTC,1611702013220,2021-01-26T23:00:13.220Z,sell,1.56e-06,3623.0,0.005651880000000001
DLT/BTC,1611702068117,2021-01-26T23:01:08.117Z,buy,1.56e-06,65.0,0.00010140000000000001
DLT/BTC,1611702424761,2021-01-26T23:07:04.761Z,sell,1.55e-06,175.0,0.00027125
DLT/BTC,1611702637314,2021-01-26T23:10:37.314Z,sell,1.55e-06,30619.0,0.04745945
DLT/BTC,1611702805167,2021-01-26T23:13:25.167Z,sell,1.54e-06,302.0,0.00046508000000000004
DLT/BTC,1611702843560,2021-01-26T23:14:03.560Z,buy,1.55e-06,349.0,0.00054095
DLT/BTC,1611703549801,2021-01-26T23:25:49.801Z,sell,1.54e-06,118.0,0.00018172000000000002
DLT/BTC,1611703840092,2021-01-26T23:30:40.092Z,sell,1.54e-06,13912.0,0.021424480000000003
DLT/BTC,1611704080580,2021-01-26T23:34:40.580Z,buy,1.55e-06,1072.0,0.0016616
DLT/BTC,1611704277015,2021-01-26T23:37:57.015Z,sell,1.54e-06,20511.0,0.03158694
DLT/BTC,1611704277015,2021-01-26T23:37:57.015Z,sell,1.54e-06,20511.0,0.03158694
DLT/BTC,1611705155461,2021-01-26T23:52:35.461Z,buy,1.55e-06,137.0,0.00021234999999999998
DLT/BTC,1611705286189,2021-01-26T23:54:46.189Z,buy,1.55e-06,660.0,0.001023
DLT/BTC,1611705340754,2021-01-26T23:55:40.754Z,sell,1.54e-06,1070.0,0.0016478
DLT/BTC,1611705416160,2021-01-26T23:56:56.160Z,sell,1.54e-06,36734.0,0.05657036
DLT/BTC,1611705551145,2021-01-26T23:59:11.145Z,buy,1.54e-06,775.0,0.0011935000000000001
DLT/BTC,1611705570932,2021-01-26T23:59:30.932Z,sell,1.53e-06,7138.0,0.01092114
DLT/BTC,1611705587343,2021-01-26T23:59:47.343Z,sell,1.53e-06,200.0,0.000306
DLT/BTC,1611705731627,2021-01-27T00:02:11.627Z,buy,1.54e-06,2215.0,0.0034111000000000002
DLT/BTC,1611705774481,2021-01-27T00:02:54.481Z,sell,1.54e-06,22719.0,0.03498726
DLT/BTC,1611706055274,2021-01-27T00:07:35.274Z,sell,1.54e-06,283.0,0.00043582
DLT/BTC,1611706106571,2021-01-27T00:08:26.571Z,sell,1.54e-06,23483.0,0.03616382
DLT/BTC,1611706140381,2021-01-27T00:09:00.381Z,buy,1.54e-06,1683.0,0.0025918200000000003
DLT/BTC,1611706923881,2021-01-27T00:22:03.881Z,buy,1.55e-06,5187.0,0.00803985
DLT/BTC,1611707079708,2021-01-27T00:24:39.708Z,buy,1.55e-06,374.0,0.0005796999999999999
DLT/BTC,1611707303315,2021-01-27T00:28:23.315Z,sell,1.53e-06,77437.0,0.11847861
DLT/BTC,1611707374332,2021-01-27T00:29:34.332Z,sell,1.53e-06,16802.0,0.02570706
DLT/BTC,1611707705506,2021-01-27T00:35:05.506Z,sell,1.53e-06,41991.0,0.06424623
DLT/BTC,1611707705506,2021-01-27T00:35:05.506Z,sell,1.53e-06,41991.0,0.06424623
DLT/BTC,1611707959852,2021-01-27T00:39:19.852Z,sell,1.52e-06,36905.0,0.0560956
DLT/BTC,1611707959852,2021-01-27T00:39:19.852Z,sell,1.52e-06,1424.0,0.00216448
DLT/BTC,1611707985599,2021-01-27T00:39:45.599Z,sell,1.52e-06,146.0,0.00022192000000000002
DLT/BTC,1611708464261,2021-01-27T00:47:44.261Z,buy,1.53e-06,1696.0,0.00259488
DLT/BTC,1611708525095,2021-01-27T00:48:45.095Z,buy,1.54e-06,184.0,0.00028336
DLT/BTC,1611708625611,2021-01-27T00:50:25.611Z,sell,1.53e-06,80.0,0.0001224
DLT/BTC,1611708625611,2021-01-27T00:50:25.611Z,sell,1.52e-06,4894.0,0.00743888
DLT/BTC,1611708896921,2021-01-27T00:54:56.921Z,sell,1.52e-06,6808.0,0.01034816
DLT/BTC,1611709262799,2021-01-27T01:01:02.799Z,sell,1.52e-06,821.0,0.00124792
DLT/BTC,1611709827704,2021-01-27T01:10:27.704Z,sell,1.53e-06,215.0,0.00032895
DLT/BTC,1611709828407,2021-01-27T01:10:28.407Z,sell,1.52e-06,216.0,0.00032832
DLT/BTC,1611709978443,2021-01-27T01:12:58.443Z,sell,1.52e-06,886.0,0.00134672
DLT/BTC,1611710148693,2021-01-27T01:15:48.693Z,buy,1.54e-06,61196.0,0.09424184000000001
DLT/BTC,1611710148693,2021-01-27T01:15:48.693Z,buy,1.55e-06,13161.0,0.02039955
DLT/BTC,1611710208407,2021-01-27T01:16:48.407Z,buy,1.55e-06,379.0,0.00058745
DLT/BTC,1611710208407,2021-01-27T01:16:48.407Z,buy,1.56e-06,71976.0,0.11228256
DLT/BTC,1611710238469,2021-01-27T01:17:18.469Z,buy,1.56e-06,66.0,0.00010296
DLT/BTC,1611710238469,2021-01-27T01:17:18.469Z,buy,1.57e-06,47271.0,0.07421547
DLT/BTC,1611710238469,2021-01-27T01:17:18.469Z,buy,1.58e-06,13129.0,0.02074382
DLT/BTC,1611710238469,2021-01-27T01:17:18.469Z,buy,1.59e-06,11243.0,0.01787637
DLT/BTC,1611710246855,2021-01-27T01:17:26.855Z,sell,1.58e-06,1450.0,0.002291
DLT/BTC,1611710247256,2021-01-27T01:17:27.256Z,buy,1.58e-06,1036.0,0.0016368799999999998
DLT/BTC,1611710249884,2021-01-27T01:17:29.884Z,buy,1.58e-06,80.0,0.00012639999999999998
DLT/BTC,1611710259989,2021-01-27T01:17:39.989Z,buy,1.58e-06,10158.0,0.01604964
DLT/BTC,1611710270343,2021-01-27T01:17:50.343Z,sell,1.57e-06,1000.0,0.00157
DLT/BTC,1611710286812,2021-01-27T01:18:06.812Z,sell,1.57e-06,568.0,0.00089176
DLT/BTC,1611710294184,2021-01-27T01:18:14.184Z,sell,1.56e-06,2057.0,0.00320892
DLT/BTC,1611710549689,2021-01-27T01:22:29.689Z,sell,1.55e-06,336.0,0.0005208
DLT/BTC,1611710604971,2021-01-27T01:23:24.971Z,sell,1.55e-06,215.0,0.00033325
DLT/BTC,1611711278164,2021-01-27T01:34:38.164Z,buy,1.56e-06,767.0,0.0011965200000000002
DLT/BTC,1611711278164,2021-01-27T01:34:38.164Z,buy,1.56e-06,767.0,0.0011965200000000002
DLT/BTC,1611711707639,2021-01-27T01:41:47.639Z,sell,1.55e-06,10518.0,0.0163029
DLT/BTC,1611712065025,2021-01-27T01:47:45.025Z,sell,1.55e-06,70.0,0.0001085
DLT/BTC,1611712793963,2021-01-27T01:59:53.963Z,buy,1.56e-06,211.0,0.00032916
DLT/BTC,1611713872917,2021-01-27T02:17:52.917Z,buy,1.56e-06,2721.0,0.00424476
DLT/BTC,1611713936550,2021-01-27T02:18:56.550Z,buy,1.56e-06,288.0,0.00044928000000000004
DLT/BTC,1611713984539,2021-01-27T02:19:44.539Z,buy,1.56e-06,211.0,0.00032916
DLT/BTC,1611713991200,2021-01-27T02:19:51.200Z,sell,1.55e-06,108.0,0.0001674
DLT/BTC,1611714492663,2021-01-27T02:28:12.663Z,buy,1.56e-06,120.0,0.00018720000000000002
DLT/BTC,1611714517890,2021-01-27T02:28:37.890Z,sell,1.55e-06,120.0,0.000186
DLT/BTC,1611714588172,2021-01-27T02:29:48.172Z,buy,1.56e-06,211.0,0.00032916
DLT/BTC,1611714745889,2021-01-27T02:32:25.889Z,buy,1.56e-06,369.0,0.00057564
DLT/BTC,1611714745889,2021-01-27T02:32:25.889Z,buy,1.56e-06,369.0,0.00057564
DLT/BTC,1611715133433,2021-01-27T02:38:53.433Z,buy,1.56e-06,876.0,0.0013665600000000002
DLT/BTC,1611715266451,2021-01-27T02:41:06.451Z,buy,1.56e-06,433.0,0.00067548
DLT/BTC,1611715266451,2021-01-27T02:41:06.451Z,buy,1.57e-06,14762.0,0.02317634
DLT/BTC,1611715955777,2021-01-27T02:52:35.777Z,sell,1.55e-06,434.0,0.0006727
DLT/BTC,1611716815679,2021-01-27T03:06:55.679Z,sell,1.56e-06,659.0,0.00102804
DLT/BTC,1611716827909,2021-01-27T03:07:07.909Z,sell,1.56e-06,65.0,0.00010140000000000001
DLT/BTC,1611716961213,2021-01-27T03:09:21.213Z,buy,1.57e-06,2445.0,0.00383865
DLT/BTC,1611716962355,2021-01-27T03:09:22.355Z,sell,1.57e-06,814.0,0.00127798
DLT/BTC,1611716962355,2021-01-27T03:09:22.355Z,sell,1.56e-06,6324.0,0.009865440000000001
DLT/BTC,1611717766753,2021-01-27T03:22:46.753Z,sell,1.56e-06,3078.0,0.00480168
DLT/BTC,1611718165628,2021-01-27T03:29:25.628Z,buy,1.58e-06,208.0,0.00032864
DLT/BTC,1611718165628,2021-01-27T03:29:25.628Z,buy,1.58e-06,208.0,0.00032864
DLT/BTC,1611719140113,2021-01-27T03:45:40.113Z,buy,1.57e-06,9413.0,0.01477841
DLT/BTC,1611719140113,2021-01-27T03:45:40.113Z,buy,1.58e-06,25261.0,0.03991238
DLT/BTC,1611719167938,2021-01-27T03:46:07.938Z,sell,1.58e-06,64.0,0.00010112
DLT/BTC,1611719360559,2021-01-27T03:49:20.559Z,buy,1.59e-06,207.0,0.00032913
DLT/BTC,1611720226407,2021-01-27T04:03:46.407Z,sell,1.58e-06,29068.0,0.04592744
DLT/BTC,1611720444998,2021-01-27T04:07:24.998Z,buy,1.59e-06,6323.0,0.01005357
DLT/BTC,1611720530729,2021-01-27T04:08:50.729Z,buy,1.6e-06,4986.0,0.0079776
DLT/BTC,1611720849107,2021-01-27T04:14:09.107Z,sell,1.59e-06,226.0,0.00035934
DLT/BTC,1611721079275,2021-01-27T04:17:59.275Z,sell,1.59e-06,4981.0,0.00791979
DLT/BTC,1611721740503,2021-01-27T04:29:00.503Z,buy,1.6e-06,206.0,0.0003296
DLT/BTC,1611721740503,2021-01-27T04:29:00.503Z,buy,1.6e-06,206.0,0.0003296
DLT/BTC,1611721803577,2021-01-27T04:30:03.577Z,sell,1.59e-06,3076.0,0.0048908400000000005
DLT/BTC,1611722318040,2021-01-27T04:38:38.040Z,buy,1.6e-06,731.0,0.0011696
DLT/BTC,1611722333047,2021-01-27T04:38:53.047Z,buy,1.6e-06,206.0,0.0003296
DLT/BTC,1611722417147,2021-01-27T04:40:17.147Z,buy,1.6e-06,1074.0,0.0017184
DLT/BTC,1611722977221,2021-01-27T04:49:37.221Z,sell,1.59e-06,4132.0,0.00656988
DLT/BTC,1611723350924,2021-01-27T04:55:50.924Z,sell,1.59e-06,451.0,0.00071709
DLT/BTC,1611723542402,2021-01-27T04:59:02.402Z,buy,1.6e-06,782.0,0.0012511999999999998
DLT/BTC,1611724240030,2021-01-27T05:10:40.030Z,buy,1.6e-06,61090.0,0.097744
DLT/BTC,1611724710102,2021-01-27T05:18:30.102Z,buy,1.61e-06,204.0,0.00032844
DLT/BTC,1611724881249,2021-01-27T05:21:21.249Z,sell,1.6e-06,4040.0,0.006464
DLT/BTC,1611724881249,2021-01-27T05:21:21.249Z,sell,1.6e-06,4040.0,0.006464
DLT/BTC,1611725776052,2021-01-27T05:36:16.052Z,buy,1.61e-06,300.0,0.00048300000000000003
DLT/BTC,1611725781170,2021-01-27T05:36:21.170Z,sell,1.6e-06,4600.0,0.007359999999999999
DLT/BTC,1611725885124,2021-01-27T05:38:05.124Z,sell,1.6e-06,799.0,0.0012783999999999998
DLT/BTC,1611725912502,2021-01-27T05:38:32.502Z,buy,1.61e-06,204.0,0.00032844
DLT/BTC,1611726313552,2021-01-27T05:45:13.552Z,sell,1.6e-06,635.0,0.001016
DLT/BTC,1611726398201,2021-01-27T05:46:38.201Z,sell,1.6e-06,1696.0,0.0027136
DLT/BTC,1611726475641,2021-01-27T05:47:55.641Z,sell,1.6e-06,4057.0,0.0064912
DLT/BTC,1611727071858,2021-01-27T05:57:51.858Z,buy,1.61e-06,2529.0,0.00407169
DLT/BTC,1611727427715,2021-01-27T06:03:47.715Z,sell,1.6e-06,9140.0,0.014624
DLT/BTC,1611727429552,2021-01-27T06:03:49.552Z,sell,1.59e-06,211.0,0.00033549000000000003
DLT/BTC,1611727430393,2021-01-27T06:03:50.393Z,sell,1.59e-06,211.0,0.00033549000000000003
DLT/BTC,1611727431044,2021-01-27T06:03:51.044Z,sell,1.59e-06,211.0,0.00033549000000000003
DLT/BTC,1611727455363,2021-01-27T06:04:15.363Z,sell,1.59e-06,646.0,0.00102714
DLT/BTC,1611727528101,2021-01-27T06:05:28.101Z,buy,1.6e-06,313.0,0.0005008
DLT/BTC,1611727635002,2021-01-27T06:07:15.002Z,sell,1.59e-06,1022.0,0.00162498
DLT/BTC,1611727640593,2021-01-27T06:07:20.593Z,buy,1.6e-06,110.0,0.000176
DLT/BTC,1611727810028,2021-01-27T06:10:10.028Z,sell,1.59e-06,5448.0,0.00866232
DLT/BTC,1611727810028,2021-01-27T06:10:10.028Z,sell,1.58e-06,10122.0,0.015992759999999998
DLT/BTC,1611727816447,2021-01-27T06:10:16.447Z,sell,1.58e-06,1230.0,0.0019433999999999999
DLT/BTC,1611727817504,2021-01-27T06:10:17.504Z,sell,1.58e-06,184.0,0.00029072
DLT/BTC,1611728052232,2021-01-27T06:14:12.232Z,sell,1.59e-06,2456.0,0.0039050400000000002
DLT/BTC,1611728129717,2021-01-27T06:15:29.717Z,sell,1.59e-06,653.0,0.00103827
DLT/BTC,1611728129717,2021-01-27T06:15:29.717Z,sell,1.59e-06,653.0,0.00103827
DLT/BTC,1611728483002,2021-01-27T06:21:23.002Z,sell,1.59e-06,1825.0,0.0029017500000000002
DLT/BTC,1611728906411,2021-01-27T06:28:26.411Z,buy,1.6e-06,4961.0,0.0079376
DLT/BTC,1611729167673,2021-01-27T06:32:47.673Z,buy,1.6e-06,88.0,0.0001408
DLT/BTC,1611729283392,2021-01-27T06:34:43.392Z,sell,1.59e-06,2169.0,0.0034487100000000002
DLT/BTC,1611729550966,2021-01-27T06:39:10.966Z,sell,1.59e-06,85.0,0.00013515
DLT/BTC,1611729757572,2021-01-27T06:42:37.572Z,sell,1.59e-06,653.0,0.00103827
DLT/BTC,1611729796998,2021-01-27T06:43:16.998Z,buy,1.59e-06,4351.0,0.00691809
DLT/BTC,1611730073400,2021-01-27T06:47:53.400Z,buy,1.59e-06,207.0,0.00032913
DLT/BTC,1611730241991,2021-01-27T06:50:41.991Z,sell,1.58e-06,2048.0,0.00323584
DLT/BTC,1611730674997,2021-01-27T06:57:54.997Z,buy,1.59e-06,207.0,0.00032913
DLT/BTC,1611730849198,2021-01-27T07:00:49.198Z,sell,1.59e-06,98.0,0.00015582
DLT/BTC,1611731161577,2021-01-27T07:06:01.577Z,buy,1.59e-06,2698.0,0.00428982
DLT/BTC,1611731161577,2021-01-27T07:06:01.577Z,buy,1.59e-06,2698.0,0.00428982
DLT/BTC,1611731865421,2021-01-27T07:17:45.421Z,buy,1.59e-06,207.0,0.00032913
DLT/BTC,1611732462008,2021-01-27T07:27:42.008Z,buy,1.59e-06,207.0,0.00032913
DLT/BTC,1611732518284,2021-01-27T07:28:38.284Z,sell,1.58e-06,95.0,0.0001501
DLT/BTC,1611732525238,2021-01-27T07:28:45.238Z,buy,1.59e-06,11393.0,0.01811487
DLT/BTC,1611732677492,2021-01-27T07:31:17.492Z,buy,1.59e-06,2970.0,0.0047223000000000005
DLT/BTC,1611733061068,2021-01-27T07:37:41.068Z,buy,1.59e-06,207.0,0.00032913
DLT/BTC,1611733655955,2021-01-27T07:47:35.955Z,buy,1.59e-06,207.0,0.00032913
DLT/BTC,1611734338545,2021-01-27T07:58:58.545Z,sell,1.58e-06,7370.0,0.0116446
DLT/BTC,1611734360110,2021-01-27T07:59:20.110Z,sell,1.58e-06,2755.0,0.0043529
DLT/BTC,1611734390642,2021-01-27T07:59:50.642Z,sell,1.58e-06,323.0,0.00051034
DLT/BTC,1611734390642,2021-01-27T07:59:50.642Z,sell,1.58e-06,323.0,0.00051034
DLT/BTC,1611734764295,2021-01-27T08:06:04.295Z,sell,1.58e-06,986.0,0.00155788
DLT/BTC,1611734883637,2021-01-27T08:08:03.637Z,sell,1.58e-06,1281.0,0.00202398
DLT/BTC,1611735259677,2021-01-27T08:14:19.677Z,sell,1.58e-06,11259.0,0.017789219999999998
DLT/BTC,1611735287449,2021-01-27T08:14:47.449Z,sell,1.58e-06,1014.0,0.0016021199999999998
DLT/BTC,1611735386676,2021-01-27T08:16:26.676Z,sell,1.58e-06,88.0,0.00013904
DLT/BTC,1611735429899,2021-01-27T08:17:09.899Z,sell,1.58e-06,2808.0,0.0044366399999999995
DLT/BTC,1611735488002,2021-01-27T08:18:08.002Z,sell,1.58e-06,52.0,8.216e-05
DLT/BTC,1611735548094,2021-01-27T08:19:08.094Z,buy,1.58e-06,64.0,0.00010112
DLT/BTC,1611735571175,2021-01-27T08:19:31.175Z,buy,1.58e-06,19310.0,0.030509799999999997
DLT/BTC,1611735986032,2021-01-27T08:26:26.032Z,sell,1.58e-06,302.0,0.00047715999999999996
DLT/BTC,1611736033691,2021-01-27T08:27:13.691Z,sell,1.58e-06,2558.0,0.00404164
DLT/BTC,1611736344516,2021-01-27T08:32:24.516Z,sell,1.57e-06,4500.0,0.007065
DLT/BTC,1611736416114,2021-01-27T08:33:36.114Z,sell,1.57e-06,64.0,0.00010048
DLT/BTC,1611736621010,2021-01-27T08:37:01.010Z,buy,1.57e-06,3632.0,0.00570224
DLT/BTC,1611736621010,2021-01-27T08:37:01.010Z,buy,1.58e-06,5328.0,0.008418239999999999
DLT/BTC,1611736621010,2021-01-27T08:37:01.010Z,buy,1.59e-06,17625.0,0.02802375
DLT/BTC,1611736621010,2021-01-27T08:37:01.010Z,buy,1.6e-06,26614.0,0.0425824
DLT/BTC,1611736621010,2021-01-27T08:37:01.010Z,buy,1.61e-06,8912.0,0.014348320000000001
DLT/BTC,1611736641231,2021-01-27T08:37:21.231Z,sell,1.6e-06,80.0,0.000128
DLT/BTC,1611736722950,2021-01-27T08:38:42.950Z,buy,1.6e-06,155.0,0.000248
DLT/BTC,1611736767809,2021-01-27T08:39:27.809Z,sell,1.59e-06,310.0,0.0004929
DLT/BTC,1611736809566,2021-01-27T08:40:09.566Z,sell,1.59e-06,692.0,0.00110028
DLT/BTC,1611737296033,2021-01-27T08:48:16.033Z,sell,1.59e-06,1799.0,0.00286041
DLT/BTC,1611737612191,2021-01-27T08:53:32.191Z,sell,1.59e-06,2821.0,0.00448539
DLT/BTC,1611737990615,2021-01-27T08:59:50.615Z,sell,1.58e-06,485.0,0.0007662999999999999
DLT/BTC,1611737990615,2021-01-27T08:59:50.615Z,sell,1.58e-06,485.0,0.0007662999999999999
DLT/BTC,1611738013786,2021-01-27T09:00:13.786Z,sell,1.58e-06,2722.0,0.00430076
DLT/BTC,1611738073288,2021-01-27T09:01:13.288Z,buy,1.58e-06,140.0,0.00022119999999999998
DLT/BTC,1611738077366,2021-01-27T09:01:17.366Z,sell,1.57e-06,69.0,0.00010833
DLT/BTC,1611738103789,2021-01-27T09:01:43.789Z,sell,1.57e-06,2169.0,0.00340533
DLT/BTC,1611738105418,2021-01-27T09:01:45.418Z,sell,1.58e-06,80.0,0.00012639999999999998
DLT/BTC,1611738105445,2021-01-27T09:01:45.445Z,sell,1.58e-06,212.0,0.00033496
DLT/BTC,1611738110375,2021-01-27T09:01:50.375Z,sell,1.57e-06,3312.0,0.00519984
DLT/BTC,1611738370311,2021-01-27T09:06:10.311Z,sell,1.57e-06,3397.0,0.00533329
DLT/BTC,1611738554655,2021-01-27T09:09:14.655Z,sell,1.57e-06,907.0,0.00142399
DLT/BTC,1611738828317,2021-01-27T09:13:48.317Z,sell,1.57e-06,2516.0,0.00395012
DLT/BTC,1611738849878,2021-01-27T09:14:09.878Z,sell,1.57e-06,500.0,0.000785
DLT/BTC,1611739062805,2021-01-27T09:17:42.805Z,sell,1.57e-06,2743.0,0.00430651
DLT/BTC,1611739183097,2021-01-27T09:19:43.097Z,sell,1.57e-06,5764.0,0.00904948
DLT/BTC,1611739199366,2021-01-27T09:19:59.366Z,sell,1.56e-06,9483.0,0.014793480000000001
DLT/BTC,1611739207892,2021-01-27T09:20:07.892Z,buy,1.56e-06,65.0,0.00010140000000000001
DLT/BTC,1611739251276,2021-01-27T09:20:51.276Z,sell,1.55e-06,965.0,0.00149575
DLT/BTC,1611739256856,2021-01-27T09:20:56.856Z,sell,1.55e-06,3335.0,0.00516925
DLT/BTC,1611739265445,2021-01-27T09:21:05.445Z,sell,1.54e-06,3112.0,0.00479248
DLT/BTC,1611739272082,2021-01-27T09:21:12.082Z,sell,1.54e-06,70.0,0.0001078
DLT/BTC,1611739278970,2021-01-27T09:21:18.970Z,buy,1.55e-06,750.0,0.0011625
DLT/BTC,1611739280127,2021-01-27T09:21:20.127Z,sell,1.54e-06,110.0,0.0001694
DLT/BTC,1611739301870,2021-01-27T09:21:41.870Z,sell,1.54e-06,13819.0,0.02128126
DLT/BTC,1611739304358,2021-01-27T09:21:44.358Z,sell,1.54e-06,200.0,0.000308
DLT/BTC,1611739586692,2021-01-27T09:26:26.692Z,sell,1.54e-06,750.0,0.001155
DLT/BTC,1611739653158,2021-01-27T09:27:33.158Z,buy,1.54e-06,20784.0,0.03200736
DLT/BTC,1611739907996,2021-01-27T09:31:47.996Z,sell,1.54e-06,5181.0,0.00797874
DLT/BTC,1611739975953,2021-01-27T09:32:55.953Z,sell,1.54e-06,700.0,0.001078
DLT/BTC,1611740208428,2021-01-27T09:36:48.428Z,buy,1.55e-06,3000.0,0.00465
DLT/BTC,1611740429812,2021-01-27T09:40:29.812Z,sell,1.54e-06,123.0,0.00018942
DLT/BTC,1611740949978,2021-01-27T09:49:09.978Z,buy,1.55e-06,5408.0,0.0083824
DLT/BTC,1611741023213,2021-01-27T09:50:23.213Z,sell,1.55e-06,68.0,0.0001054
DLT/BTC,1611741117820,2021-01-27T09:51:57.820Z,buy,1.56e-06,1748.0,0.00272688
DLT/BTC,1611741131274,2021-01-27T09:52:11.274Z,sell,1.55e-06,144.0,0.0002232
DLT/BTC,1611741436651,2021-01-27T09:57:16.651Z,buy,1.56e-06,1776.0,0.00277056
DLT/BTC,1611741436651,2021-01-27T09:57:16.651Z,buy,1.57e-06,216.0,0.00033912
DLT/BTC,1611741475852,2021-01-27T09:57:55.852Z,buy,1.57e-06,300.0,0.000471
DLT/BTC,1611741491281,2021-01-27T09:58:11.281Z,buy,1.57e-06,222.0,0.00034854
DLT/BTC,1611741491281,2021-01-27T09:58:11.281Z,buy,1.57e-06,222.0,0.00034854
DLT/BTC,1611741715616,2021-01-27T10:01:55.616Z,buy,1.57e-06,1681.0,0.00263917
DLT/BTC,1611742187570,2021-01-27T10:09:47.570Z,sell,1.56e-06,1073.0,0.0016738800000000002
DLT/BTC,1611742405602,2021-01-27T10:13:25.602Z,sell,1.56e-06,1256.0,0.0019593600000000003
DLT/BTC,1611742425768,2021-01-27T10:13:45.768Z,sell,1.56e-06,345.0,0.0005382000000000001
DLT/BTC,1611742425768,2021-01-27T10:13:45.768Z,sell,1.55e-06,10827.0,0.01678185
DLT/BTC,1611743485339,2021-01-27T10:31:25.339Z,buy,1.56e-06,4519.0,0.00704964
DLT/BTC,1611744741422,2021-01-27T10:52:21.422Z,sell,1.55e-06,3505.0,0.00543275
DLT/BTC,1611744989527,2021-01-27T10:56:29.527Z,buy,1.56e-06,64.0,9.984e-05
DLT/BTC,1611744993204,2021-01-27T10:56:33.204Z,buy,1.56e-06,25488.0,0.03976128
DLT/BTC,1611744993204,2021-01-27T10:56:33.204Z,buy,1.56e-06,25488.0,0.03976128
DLT/BTC,1611746154420,2021-01-27T11:15:54.420Z,sell,1.56e-06,667.0,0.00104052
DLT/BTC,1611746689969,2021-01-27T11:24:49.969Z,sell,1.56e-06,1491.0,0.00232596
DLT/BTC,1611747496792,2021-01-27T11:38:16.792Z,buy,1.57e-06,1550.0,0.0024335
DLT/BTC,1611747687538,2021-01-27T11:41:27.538Z,sell,1.56e-06,75.0,0.00011700000000000001
DLT/BTC,1611747754849,2021-01-27T11:42:34.849Z,buy,1.57e-06,2031.0,0.0031886700000000002
DLT/BTC,1611747854161,2021-01-27T11:44:14.161Z,buy,1.57e-06,823.0,0.00129211
DLT/BTC,1611747926570,2021-01-27T11:45:26.570Z,buy,1.57e-06,58303.0,0.09153571
DLT/BTC,1611747926570,2021-01-27T11:45:26.570Z,buy,1.58e-06,21919.0,0.03463202
DLT/BTC,1611748069736,2021-01-27T11:47:49.736Z,buy,1.59e-06,2001.0,0.00318159
DLT/BTC,1611748288967,2021-01-27T11:51:28.967Z,sell,1.58e-06,321.0,0.00050718
DLT/BTC,1611748296153,2021-01-27T11:51:36.153Z,sell,1.58e-06,1639.0,0.00258962
DLT/BTC,1611748560086,2021-01-27T11:56:00.086Z,buy,1.59e-06,511.0,0.00081249
DLT/BTC,1611748560086,2021-01-27T11:56:00.086Z,buy,1.59e-06,511.0,0.00081249
DLT/BTC,1611748788667,2021-01-27T11:59:48.667Z,sell,1.58e-06,2043.0,0.00322794
DLT/BTC,1611749363212,2021-01-27T12:09:23.212Z,sell,1.58e-06,66.0,0.00010428
DLT/BTC,1611749592556,2021-01-27T12:13:12.556Z,buy,1.59e-06,76.0,0.00012084
DLT/BTC,1611750574604,2021-01-27T12:29:34.604Z,sell,1.58e-06,2518.0,0.00397844
DLT/BTC,1611750956348,2021-01-27T12:35:56.348Z,sell,1.57e-06,7224.0,0.01134168
DLT/BTC,1611751245759,2021-01-27T12:40:45.759Z,sell,1.57e-06,262.0,0.00041134
DLT/BTC,1611751262013,2021-01-27T12:41:02.013Z,sell,1.56e-06,1824.0,0.0028454400000000003
DLT/BTC,1611751793937,2021-01-27T12:49:53.937Z,buy,1.57e-06,207.0,0.00032499
DLT/BTC,1611751793937,2021-01-27T12:49:53.937Z,buy,1.57e-06,207.0,0.00032499
DLT/BTC,1611752846761,2021-01-27T13:07:26.761Z,buy,1.57e-06,1109.0,0.00174113
DLT/BTC,1611752889584,2021-01-27T13:08:09.584Z,buy,1.57e-06,22461.0,0.03526377
DLT/BTC,1611753114699,2021-01-27T13:11:54.699Z,buy,1.57e-06,915.0,0.00143655
DLT/BTC,1611753455517,2021-01-27T13:17:35.517Z,buy,1.57e-06,1033.0,0.00162181
DLT/BTC,1611753601316,2021-01-27T13:20:01.316Z,sell,1.56e-06,2228.0,0.00347568
DLT/BTC,1611753761003,2021-01-27T13:22:41.003Z,sell,1.56e-06,800.0,0.001248
DLT/BTC,1611753845719,2021-01-27T13:24:05.719Z,sell,1.56e-06,903.0,0.00140868
DLT/BTC,1611753985501,2021-01-27T13:26:25.501Z,sell,1.56e-06,555.0,0.0008658
DLT/BTC,1611753985501,2021-01-27T13:26:25.501Z,sell,1.55e-06,2105.0,0.00326275
DLT/BTC,1611754662749,2021-01-27T13:37:42.749Z,sell,1.55e-06,22438.0,0.0347789
DLT/BTC,1611754751983,2021-01-27T13:39:11.983Z,sell,1.55e-06,5864.0,0.0090892
DLT/BTC,1611755020499,2021-01-27T13:43:40.499Z,sell,1.55e-06,388.0,0.0006014
DLT/BTC,1611755047564,2021-01-27T13:44:07.564Z,sell,1.55e-06,437.0,0.00067735
DLT/BTC,1611755047564,2021-01-27T13:44:07.564Z,sell,1.55e-06,437.0,0.00067735
DLT/BTC,1611755628293,2021-01-27T13:53:48.293Z,buy,1.56e-06,778.0,0.0012136800000000002
DLT/BTC,1611755681626,2021-01-27T13:54:41.626Z,buy,1.56e-06,255.0,0.0003978
DLT/BTC,1611756108696,2021-01-27T14:01:48.696Z,sell,1.55e-06,75.0,0.00011624999999999999
DLT/BTC,1611756887480,2021-01-27T14:14:47.480Z,sell,1.55e-06,223.0,0.00034564999999999997
DLT/BTC,1611756971961,2021-01-27T14:16:11.961Z,sell,1.55e-06,3778.0,0.0058559
DLT/BTC,1611757530162,2021-01-27T14:25:30.162Z,sell,1.55e-06,22400.0,0.03472
DLT/BTC,1611757564604,2021-01-27T14:26:04.604Z,sell,1.55e-06,3.0,4.6499999999999995e-06
DLT/BTC,1611757564604,2021-01-27T14:26:04.604Z,sell,1.54e-06,181756.0,0.27990424
DLT/BTC,1611757575364,2021-01-27T14:26:15.364Z,sell,1.54e-06,200.0,0.000308
DLT/BTC,1611757580519,2021-01-27T14:26:20.519Z,sell,1.54e-06,56712.0,0.08733648000000001
DLT/BTC,1611757627919,2021-01-27T14:27:07.919Z,buy,1.54e-06,65.0,0.00010010000000000001
DLT/BTC,1611757899823,2021-01-27T14:31:39.823Z,sell,1.53e-06,29055.0,0.04445415
DLT/BTC,1611757899823,2021-01-27T14:31:39.823Z,sell,1.52e-06,1987.0,0.00302024
DLT/BTC,1611758005267,2021-01-27T14:33:25.267Z,sell,1.52e-06,5060.0,0.0076912000000000005
DLT/BTC,1611758184659,2021-01-27T14:36:24.659Z,sell,1.52e-06,185524.0,0.28199648
DLT/BTC,1611758184659,2021-01-27T14:36:24.659Z,sell,1.51e-06,26312.0,0.03973112
DLT/BTC,1611758184659,2021-01-27T14:36:24.659Z,sell,1.5e-06,19458.0,0.029187
DLT/BTC,1611758184659,2021-01-27T14:36:24.659Z,sell,1.49e-06,45911.0,0.06840739
DLT/BTC,1611758184659,2021-01-27T14:36:24.659Z,sell,1.48e-06,37160.0,0.0549968
DLT/BTC,1611758184659,2021-01-27T14:36:24.659Z,sell,1.47e-06,3941.0,0.00579327
DLT/BTC,1611758184659,2021-01-27T14:36:24.659Z,sell,1.46e-06,69392.0,0.10131232
DLT/BTC,1611758184659,2021-01-27T14:36:24.659Z,sell,1.45e-06,12302.0,0.0178379
DLT/BTC,1611758184659,2021-01-27T14:36:24.659Z,sell,1.45e-06,5872.0,0.0085144
DLT/BTC,1611758184659,2021-01-27T14:36:24.659Z,sell,1.45e-06,34594.0,0.050161300000000006
DLT/BTC,1611758184792,2021-01-27T14:36:24.792Z,buy,1.45e-06,6896.0,0.009999200000000001
DLT/BTC,1611758184794,2021-01-27T14:36:24.794Z,buy,1.45e-06,3448.0,0.004999600000000001
DLT/BTC,1611758184811,2021-01-27T14:36:24.811Z,buy,1.45e-06,19315.0,0.02800675
DLT/BTC,1611758184811,2021-01-27T14:36:24.811Z,buy,1.46e-06,16559.0,0.02417614
DLT/BTC,1611758184811,2021-01-27T14:36:24.811Z,buy,1.47e-06,150.0,0.0002205
DLT/BTC,1611758184932,2021-01-27T14:36:24.932Z,buy,1.53e-06,102.0,0.00015606
DLT/BTC,1611758184949,2021-01-27T14:36:24.949Z,buy,1.51e-06,17000.0,0.02567
DLT/BTC,1611758185365,2021-01-27T14:36:25.365Z,buy,1.51e-06,13101.0,0.01978251
DLT/BTC,1611758185525,2021-01-27T14:36:25.525Z,sell,1.51e-06,3899.0,0.0058874899999999996
DLT/BTC,1611758185525,2021-01-27T14:36:25.525Z,sell,1.5e-06,17000.0,0.025500000000000002
DLT/BTC,1611758185904,2021-01-27T14:36:25.904Z,sell,1.49e-06,908.0,0.0013529199999999999
DLT/BTC,1611758185983,2021-01-27T14:36:25.983Z,sell,1.49e-06,41981.0,0.06255169
DLT/BTC,1611758189589,2021-01-27T14:36:29.589Z,sell,1.49e-06,80.0,0.0001192
DLT/BTC,1611758189737,2021-01-27T14:36:29.737Z,sell,1.49e-06,80.0,0.0001192
DLT/BTC,1611758190915,2021-01-27T14:36:30.915Z,sell,1.49e-06,191.0,0.00028459
DLT/BTC,1611758191078,2021-01-27T14:36:31.078Z,sell,1.49e-06,500.0,0.000745
DLT/BTC,1611758191190,2021-01-27T14:36:31.190Z,sell,1.49e-06,191.0,0.00028459
DLT/BTC,1611758192644,2021-01-27T14:36:32.644Z,sell,1.49e-06,220.0,0.0003278
DLT/BTC,1611758192947,2021-01-27T14:36:32.947Z,sell,1.49e-06,220.0,0.0003278
DLT/BTC,1611758193309,2021-01-27T14:36:33.309Z,sell,1.49e-06,220.0,0.0003278
DLT/BTC,1611758195335,2021-01-27T14:36:35.335Z,sell,1.49e-06,176.0,0.00026224
DLT/BTC,1611758195704,2021-01-27T14:36:35.704Z,sell,1.49e-06,500.0,0.000745
DLT/BTC,1611758196033,2021-01-27T14:36:36.033Z,sell,1.49e-06,191.0,0.00028459
DLT/BTC,1611758196038,2021-01-27T14:36:36.038Z,sell,1.49e-06,500.0,0.000745
DLT/BTC,1611758196535,2021-01-27T14:36:36.535Z,sell,1.49e-06,191.0,0.00028459
DLT/BTC,1611758196537,2021-01-27T14:36:36.537Z,sell,1.49e-06,174.0,0.00025926
DLT/BTC,1611758196698,2021-01-27T14:36:36.698Z,sell,1.49e-06,80.0,0.0001192
DLT/BTC,1611758197059,2021-01-27T14:36:37.059Z,sell,1.49e-06,80.0,0.0001192
DLT/BTC,1611758197811,2021-01-27T14:36:37.811Z,sell,1.49e-06,172.0,0.00025628
DLT/BTC,1611758198249,2021-01-27T14:36:38.249Z,sell,1.49e-06,360.0,0.0005363999999999999
DLT/BTC,1611758199896,2021-01-27T14:36:39.896Z,sell,1.49e-06,170.0,0.0002533
DLT/BTC,1611758207135,2021-01-27T14:36:47.135Z,sell,1.49e-06,7982.0,0.01189318
DLT/BTC,1611758217139,2021-01-27T14:36:57.139Z,sell,1.49e-06,78134.0,0.11641966
DLT/BTC,1611758217139,2021-01-27T14:36:57.139Z,sell,1.48e-06,21154.0,0.03130792
DLT/BTC,1611758217139,2021-01-27T14:36:57.139Z,sell,1.47e-06,20192.0,0.02968224
DLT/BTC,1611758221791,2021-01-27T14:37:01.791Z,buy,1.49e-06,1087.0,0.00161963
DLT/BTC,1611758223756,2021-01-27T14:37:03.756Z,sell,1.48e-06,1087.0,0.00160876
DLT/BTC,1611758228703,2021-01-27T14:37:08.703Z,buy,1.49e-06,580.0,0.0008642
DLT/BTC,1611758230197,2021-01-27T14:37:10.197Z,sell,1.49e-06,3216.0,0.0047918399999999995
DLT/BTC,1611758232670,2021-01-27T14:37:12.670Z,sell,1.49e-06,4345.0,0.006474049999999999
DLT/BTC,1611758237618,2021-01-27T14:37:17.618Z,sell,1.48e-06,61028.0,0.09032144
DLT/BTC,1611758241229,2021-01-27T14:37:21.229Z,buy,1.5e-06,86.0,0.000129
DLT/BTC,1611758244083,2021-01-27T14:37:24.083Z,buy,1.49e-06,65.0,9.685e-05
DLT/BTC,1611758257492,2021-01-27T14:37:37.492Z,sell,1.48e-06,42752.0,0.06327296
DLT/BTC,1611758294646,2021-01-27T14:38:14.646Z,sell,1.48e-06,41223.0,0.06101004
DLT/BTC,1611758297846,2021-01-27T14:38:17.846Z,sell,1.48e-06,2531.0,0.00374588
DLT/BTC,1611758302795,2021-01-27T14:38:22.795Z,sell,1.48e-06,131932.0,0.19525936
DLT/BTC,1611758308521,2021-01-27T14:38:28.521Z,buy,1.48e-06,29148.0,0.043139040000000003
DLT/BTC,1611758453910,2021-01-27T14:40:53.910Z,buy,1.48e-06,356.0,0.00052688
DLT/BTC,1611758468031,2021-01-27T14:41:08.031Z,buy,1.48e-06,68.0,0.00010064
DLT/BTC,1611758487907,2021-01-27T14:41:27.907Z,sell,1.47e-06,113079.0,0.16622613
DLT/BTC,1611758488137,2021-01-27T14:41:28.137Z,buy,1.47e-06,1000.0,0.00147
DLT/BTC,1611758489239,2021-01-27T14:41:29.239Z,sell,1.46e-06,13029.0,0.01902234
DLT/BTC,1611758602104,2021-01-27T14:43:22.104Z,buy,1.47e-06,9234.0,0.01357398
DLT/BTC,1611758607023,2021-01-27T14:43:27.023Z,buy,1.47e-06,29348.0,0.043141559999999995
DLT/BTC,1611758607271,2021-01-27T14:43:27.271Z,buy,1.47e-06,15000.0,0.02205
DLT/BTC,1611758616643,2021-01-27T14:43:36.643Z,buy,1.47e-06,9318.0,0.01369746
DLT/BTC,1611758629672,2021-01-27T14:43:49.672Z,buy,1.47e-06,339.0,0.00049833
DLT/BTC,1611758629672,2021-01-27T14:43:49.672Z,buy,1.47e-06,339.0,0.00049833
DLT/BTC,1611758676328,2021-01-27T14:44:36.328Z,buy,1.47e-06,9318.0,0.01369746
DLT/BTC,1611758737283,2021-01-27T14:45:37.283Z,buy,1.47e-06,9318.0,0.01369746
DLT/BTC,1611758781823,2021-01-27T14:46:21.823Z,buy,1.47e-06,43794.0,0.06437717999999999
DLT/BTC,1611758802399,2021-01-27T14:46:42.399Z,buy,1.47e-06,105333.0,0.15483950999999999
DLT/BTC,1611758803274,2021-01-27T14:46:43.274Z,buy,1.47e-06,23820.0,0.035015399999999995
DLT/BTC,1611758809984,2021-01-27T14:46:49.984Z,buy,1.47e-06,39595.0,0.05820465
DLT/BTC,1611758887074,2021-01-27T14:48:07.074Z,buy,1.47e-06,3264.0,0.00479808
DLT/BTC,1611758917598,2021-01-27T14:48:37.598Z,buy,1.47e-06,4531.0,0.006660569999999999
DLT/BTC,1611758927444,2021-01-27T14:48:47.444Z,buy,1.47e-06,29380.0,0.043188599999999994
DLT/BTC,1611758938339,2021-01-27T14:48:58.339Z,buy,1.47e-06,871.0,0.0012803699999999999
DLT/BTC,1611759000417,2021-01-27T14:50:00.417Z,buy,1.47e-06,287.0,0.00042188999999999996
DLT/BTC,1611759003402,2021-01-27T14:50:03.402Z,buy,1.47e-06,1861.0,0.00273567
DLT/BTC,1611759038139,2021-01-27T14:50:38.139Z,sell,1.46e-06,70954.0,0.10359284
DLT/BTC,1611759064667,2021-01-27T14:51:04.667Z,sell,1.46e-06,2226.0,0.00324996
DLT/BTC,1611759102077,2021-01-27T14:51:42.077Z,sell,1.46e-06,200.0,0.000292
DLT/BTC,1611759102106,2021-01-27T14:51:42.106Z,buy,1.47e-06,18146.0,0.02667462
DLT/BTC,1611759108541,2021-01-27T14:51:48.541Z,buy,1.48e-06,2800.0,0.004144
DLT/BTC,1611759136844,2021-01-27T14:52:16.844Z,buy,1.48e-06,400.0,0.000592
DLT/BTC,1611759136844,2021-01-27T14:52:16.844Z,buy,1.49e-06,5889.0,0.00877461
DLT/BTC,1611759139419,2021-01-27T14:52:19.419Z,sell,1.48e-06,368.0,0.00054464
DLT/BTC,1611759139419,2021-01-27T14:52:19.419Z,sell,1.47e-06,9600.0,0.014112
DLT/BTC,1611759152425,2021-01-27T14:52:32.425Z,buy,1.48e-06,365.0,0.0005402
DLT/BTC,1611759152915,2021-01-27T14:52:32.915Z,sell,1.48e-06,647.0,0.00095756
DLT/BTC,1611759158186,2021-01-27T14:52:38.186Z,buy,1.48e-06,359.0,0.0005313200000000001
DLT/BTC,1611759224111,2021-01-27T14:53:44.111Z,sell,1.48e-06,520.0,0.0007696000000000001
DLT/BTC,1611759300696,2021-01-27T14:55:00.696Z,sell,1.48e-06,270.0,0.0003996
DLT/BTC,1611759413074,2021-01-27T14:56:53.074Z,buy,1.49e-06,9700.0,0.014452999999999999
DLT/BTC,1611759415496,2021-01-27T14:56:55.496Z,sell,1.48e-06,1218.0,0.00180264
DLT/BTC,1611759505179,2021-01-27T14:58:25.179Z,buy,1.49e-06,5300.0,0.007897
DLT/BTC,1611759834830,2021-01-27T15:03:54.830Z,buy,1.49e-06,21413.0,0.031905369999999995
DLT/BTC,1611759847888,2021-01-27T15:04:07.888Z,sell,1.49e-06,68.0,0.00010132
DLT/BTC,1611759894106,2021-01-27T15:04:54.106Z,buy,1.5e-06,4993.0,0.0074895000000000005
DLT/BTC,1611759906581,2021-01-27T15:05:06.581Z,buy,1.51e-06,2284.0,0.00344884
DLT/BTC,1611759906786,2021-01-27T15:05:06.786Z,sell,1.51e-06,5677.0,0.00857227
DLT/BTC,1611759929782,2021-01-27T15:05:29.782Z,sell,1.51e-06,7114.0,0.010742139999999999
DLT/BTC,1611759960390,2021-01-27T15:06:00.390Z,sell,1.51e-06,267.0,0.00040317
DLT/BTC,1611760047777,2021-01-27T15:07:27.777Z,sell,1.51e-06,85.0,0.00012835
DLT/BTC,1611760269381,2021-01-27T15:11:09.381Z,buy,1.52e-06,48500.0,0.07372000000000001
DLT/BTC,1611760282876,2021-01-27T15:11:22.876Z,buy,1.52e-06,612.0,0.00093024
DLT/BTC,1611760336239,2021-01-27T15:12:16.239Z,sell,1.51e-06,9308.0,0.01405508
DLT/BTC,1611760336289,2021-01-27T15:12:16.289Z,sell,1.51e-06,9308.0,0.01405508
DLT/BTC,1611760336472,2021-01-27T15:12:16.472Z,sell,1.51e-06,9308.0,0.01405508
DLT/BTC,1611760367644,2021-01-27T15:12:47.644Z,sell,1.51e-06,29756.0,0.044931559999999995
DLT/BTC,1611760449942,2021-01-27T15:14:09.942Z,sell,1.5e-06,614.0,0.000921
DLT/BTC,1611760451605,2021-01-27T15:14:11.605Z,buy,1.51e-06,80.0,0.0001208
DLT/BTC,1611760678690,2021-01-27T15:17:58.690Z,buy,1.51e-06,10803.0,0.01631253
DLT/BTC,1611760685163,2021-01-27T15:18:05.163Z,buy,1.51e-06,152.0,0.00022951999999999998
DLT/BTC,1611760735157,2021-01-27T15:18:55.157Z,buy,1.51e-06,70765.0,0.10685515
DLT/BTC,1611760777886,2021-01-27T15:19:37.886Z,sell,1.5e-06,1164.0,0.001746
DLT/BTC,1611760938643,2021-01-27T15:22:18.643Z,sell,1.5e-06,435.0,0.0006525
DLT/BTC,1611760947882,2021-01-27T15:22:27.882Z,sell,1.5e-06,822.0,0.001233
DLT/BTC,1611761316085,2021-01-27T15:28:36.085Z,sell,1.5e-06,46286.0,0.069429
DLT/BTC,1611761366307,2021-01-27T15:29:26.307Z,buy,1.51e-06,1473.0,0.00222423
DLT/BTC,1611761552005,2021-01-27T15:32:32.005Z,sell,1.5e-06,13061.0,0.0195915
DLT/BTC,1611761784893,2021-01-27T15:36:24.893Z,sell,1.5e-06,1568.0,0.002352
DLT/BTC,1611762108745,2021-01-27T15:41:48.745Z,sell,1.5e-06,1034.0,0.001551
DLT/BTC,1611762199313,2021-01-27T15:43:19.313Z,buy,1.51e-06,261.0,0.00039411
DLT/BTC,1611762199313,2021-01-27T15:43:19.313Z,buy,1.51e-06,261.0,0.00039411
DLT/BTC,1611762256792,2021-01-27T15:44:16.792Z,sell,1.5e-06,1031.0,0.0015465000000000001
DLT/BTC,1611762533360,2021-01-27T15:48:53.360Z,buy,1.51e-06,39796.0,0.06009196
DLT/BTC,1611762600281,2021-01-27T15:50:00.281Z,buy,1.51e-06,270.0,0.0004077
DLT/BTC,1611762769834,2021-01-27T15:52:49.834Z,buy,1.51e-06,250.0,0.00037749999999999996
DLT/BTC,1611762961722,2021-01-27T15:56:01.722Z,sell,1.5e-06,235.0,0.0003525
DLT/BTC,1611763049743,2021-01-27T15:57:29.743Z,buy,1.51e-06,900.0,0.001359
DLT/BTC,1611763070172,2021-01-27T15:57:50.172Z,buy,1.51e-06,300.0,0.000453
DLT/BTC,1611763118780,2021-01-27T15:58:38.780Z,sell,1.5e-06,12344.0,0.018516
DLT/BTC,1611763282028,2021-01-27T16:01:22.028Z,buy,1.51e-06,2000.0,0.0030199999999999997
DLT/BTC,1611763372728,2021-01-27T16:02:52.728Z,buy,1.51e-06,232.0,0.00035032
DLT/BTC,1611764077670,2021-01-27T16:14:37.670Z,buy,1.51e-06,82.0,0.00012382
DLT/BTC,1611764375648,2021-01-27T16:19:35.648Z,buy,1.51e-06,27869.0,0.04208219
DLT/BTC,1611764533014,2021-01-27T16:22:13.014Z,buy,1.51e-06,108447.0,0.16375497
DLT/BTC,1611764533014,2021-01-27T16:22:13.014Z,buy,1.52e-06,89634.0,0.13624368
DLT/BTC,1611764785412,2021-01-27T16:26:25.412Z,sell,1.51e-06,451.0,0.00068101
DLT/BTC,1611765308267,2021-01-27T16:35:08.267Z,sell,1.51e-06,727.0,0.0010977699999999999
DLT/BTC,1611765529724,2021-01-27T16:38:49.724Z,sell,1.51e-06,212.0,0.00032011999999999996
DLT/BTC,1611765529978,2021-01-27T16:38:49.978Z,sell,1.51e-06,5646.0,0.00852546
DLT/BTC,1611765529978,2021-01-27T16:38:49.978Z,sell,1.51e-06,5646.0,0.00852546
DLT/BTC,1611765958445,2021-01-27T16:45:58.445Z,sell,1.5e-06,89283.0,0.1339245
DLT/BTC,1611766360450,2021-01-27T16:52:40.450Z,sell,1.5e-06,1999.0,0.0029985
DLT/BTC,1611766691110,2021-01-27T16:58:11.110Z,sell,1.5e-06,69660.0,0.10449
DLT/BTC,1611767724720,2021-01-27T17:15:24.720Z,sell,1.49e-06,107.0,0.00015942999999999998
DLT/BTC,1611767746707,2021-01-27T17:15:46.707Z,buy,1.5e-06,212.0,0.00031800000000000003
DLT/BTC,1611768220226,2021-01-27T17:23:40.226Z,sell,1.49e-06,82.0,0.00012218
DLT/BTC,1611768252695,2021-01-27T17:24:12.695Z,sell,1.49e-06,919.0,0.0013693099999999999
DLT/BTC,1611768464210,2021-01-27T17:27:44.210Z,buy,1.5e-06,220.0,0.00033
DLT/BTC,1611768464259,2021-01-27T17:27:44.259Z,buy,1.5e-06,334.0,0.000501
DLT/BTC,1611768464307,2021-01-27T17:27:44.307Z,buy,1.5e-06,68.0,0.000102
DLT/BTC,1611768464371,2021-01-27T17:27:44.371Z,buy,1.5e-06,167.0,0.0002505
DLT/BTC,1611768464840,2021-01-27T17:27:44.840Z,buy,1.5e-06,667.0,0.0010005
DLT/BTC,1611768476235,2021-01-27T17:27:56.235Z,buy,1.5e-06,7576.0,0.011364
DLT/BTC,1611768872774,2021-01-27T17:34:32.774Z,buy,1.5e-06,9840.0,0.01476
DLT/BTC,1611769043798,2021-01-27T17:37:23.798Z,buy,1.51e-06,4208.0,0.00635408
DLT/BTC,1611769043798,2021-01-27T17:37:23.798Z,buy,1.51e-06,4208.0,0.00635408
DLT/BTC,1611769163910,2021-01-27T17:39:23.910Z,sell,1.5e-06,3192.0,0.004788
DLT/BTC,1611769435346,2021-01-27T17:43:55.346Z,sell,1.5e-06,145.0,0.0002175
DLT/BTC,1611769599044,2021-01-27T17:46:39.044Z,sell,1.5e-06,1644.0,0.002466
DLT/BTC,1611769787762,2021-01-27T17:49:47.762Z,buy,1.5e-06,1139.0,0.0017085
DLT/BTC,1611770149121,2021-01-27T17:55:49.121Z,sell,1.49e-06,7448.0,0.01109752
DLT/BTC,1611770340468,2021-01-27T17:59:00.468Z,sell,1.49e-06,8077.0,0.012034729999999999
DLT/BTC,1611770367077,2021-01-27T17:59:27.077Z,buy,1.5e-06,3323.0,0.0049845
DLT/BTC,1611770393760,2021-01-27T17:59:53.760Z,buy,1.5e-06,2450.0,0.003675
DLT/BTC,1611770516740,2021-01-27T18:01:56.740Z,buy,1.5e-06,66.0,9.900000000000001e-05
DLT/BTC,1611770606634,2021-01-27T18:03:26.634Z,buy,1.5e-06,3088.0,0.004632
DLT/BTC,1611770963246,2021-01-27T18:09:23.246Z,buy,1.51e-06,1967.0,0.00297017
DLT/BTC,1611771068315,2021-01-27T18:11:08.315Z,sell,1.5e-06,2640.0,0.00396
DLT/BTC,1611771213392,2021-01-27T18:13:33.392Z,buy,1.51e-06,66.0,9.965999999999999e-05
DLT/BTC,1611771215037,2021-01-27T18:13:35.037Z,buy,1.51e-06,66.0,9.965999999999999e-05
DLT/BTC,1611771216709,2021-01-27T18:13:36.709Z,buy,1.51e-06,66.0,9.965999999999999e-05
DLT/BTC,1611771218632,2021-01-27T18:13:38.632Z,buy,1.51e-06,66.0,9.965999999999999e-05
DLT/BTC,1611771219122,2021-01-27T18:13:39.122Z,buy,1.51e-06,66.0,9.965999999999999e-05
DLT/BTC,1611771368085,2021-01-27T18:16:08.085Z,buy,1.51e-06,15000.0,0.02265
DLT/BTC,1611771514027,2021-01-27T18:18:34.027Z,buy,1.51e-06,6536.0,0.009869359999999999
DLT/BTC,1611771780060,2021-01-27T18:23:00.060Z,sell,1.49e-06,20093.0,0.029938569999999998
DLT/BTC,1611771780060,2021-01-27T18:23:00.060Z,sell,1.48e-06,140368.0,0.20774464
DLT/BTC,1611771786092,2021-01-27T18:23:06.092Z,sell,1.48e-06,2938.0,0.00434824
DLT/BTC,1611771956965,2021-01-27T18:25:56.965Z,buy,1.49e-06,105.0,0.00015644999999999998
DLT/BTC,1611771974926,2021-01-27T18:26:14.926Z,sell,1.48e-06,7440.0,0.0110112
DLT/BTC,1611771974926,2021-01-27T18:26:14.926Z,sell,1.47e-06,18235.0,0.026805449999999998
DLT/BTC,1611771980193,2021-01-27T18:26:20.193Z,sell,1.47e-06,7530.0,0.0110691
DLT/BTC,1611771982362,2021-01-27T18:26:22.362Z,sell,1.47e-06,1883.0,0.00276801
DLT/BTC,1611771985531,2021-01-27T18:26:25.531Z,sell,1.47e-06,471.0,0.00069237
DLT/BTC,1611771993810,2021-01-27T18:26:33.810Z,sell,1.47e-06,78.0,0.00011465999999999999
DLT/BTC,1611772008054,2021-01-27T18:26:48.054Z,sell,1.47e-06,79.0,0.00011612999999999999
DLT/BTC,1611772018841,2021-01-27T18:26:58.841Z,sell,1.47e-06,729.0,0.0010716299999999998
DLT/BTC,1611772056257,2021-01-27T18:27:36.257Z,buy,1.48e-06,87.0,0.00012876
DLT/BTC,1611772086206,2021-01-27T18:28:06.206Z,buy,1.48e-06,7293.0,0.01079364
DLT/BTC,1611772140359,2021-01-27T18:29:00.359Z,buy,1.48e-06,323.0,0.00047804
DLT/BTC,1611772174106,2021-01-27T18:29:34.106Z,buy,1.48e-06,109.0,0.00016132
DLT/BTC,1611772199775,2021-01-27T18:29:59.775Z,sell,1.47e-06,109.0,0.00016023
DLT/BTC,1611772252692,2021-01-27T18:30:52.692Z,buy,1.48e-06,6670.0,0.0098716
DLT/BTC,1611772287174,2021-01-27T18:31:27.174Z,buy,1.48e-06,25033.0,0.03704884
DLT/BTC,1611772287174,2021-01-27T18:31:27.174Z,buy,1.48e-06,25033.0,0.03704884
DLT/BTC,1611773135421,2021-01-27T18:45:35.421Z,buy,1.49e-06,6666.0,0.00993234
DLT/BTC,1611773170489,2021-01-27T18:46:10.489Z,buy,1.49e-06,14806.0,0.022060939999999998
DLT/BTC,1611773479340,2021-01-27T18:51:19.340Z,buy,1.49e-06,667.0,0.00099383
DLT/BTC,1611773494277,2021-01-27T18:51:34.277Z,buy,1.49e-06,6711.0,0.009999389999999999
DLT/BTC,1611773495665,2021-01-27T18:51:35.665Z,buy,1.49e-06,13422.0,0.019998779999999997
DLT/BTC,1611773498845,2021-01-27T18:51:38.845Z,buy,1.49e-06,6711.0,0.009999389999999999
DLT/BTC,1611773512335,2021-01-27T18:51:52.335Z,sell,1.48e-06,67.0,9.916e-05
DLT/BTC,1611773521018,2021-01-27T18:52:01.018Z,sell,1.48e-06,1655.0,0.0024494
DLT/BTC,1611773597103,2021-01-27T18:53:17.103Z,sell,1.48e-06,27156.0,0.04019088
DLT/BTC,1611774019100,2021-01-27T19:00:19.100Z,buy,1.49e-06,50734.0,0.07559366
DLT/BTC,1611774019100,2021-01-27T19:00:19.100Z,buy,1.5e-06,119760.0,0.17964
DLT/BTC,1611774019100,2021-01-27T19:00:19.100Z,buy,1.51e-06,162096.0,0.24476496
DLT/BTC,1611774019128,2021-01-27T19:00:19.128Z,buy,1.51e-06,662.0,0.00099962
DLT/BTC,1611774020560,2021-01-27T19:00:20.560Z,buy,1.51e-06,78474.0,0.11849574
DLT/BTC,1611774020560,2021-01-27T19:00:20.560Z,buy,1.52e-06,21760.0,0.0330752
DLT/BTC,1611774020560,2021-01-27T19:00:20.560Z,buy,1.53e-06,37877.0,0.05795181
DLT/BTC,1611774020560,2021-01-27T19:00:20.560Z,buy,1.54e-06,119278.0,0.18368812
DLT/BTC,1611774020560,2021-01-27T19:00:20.560Z,buy,1.55e-06,68896.0,0.1067888
DLT/BTC,1611774021051,2021-01-27T19:00:21.051Z,buy,1.55e-06,2163.0,0.00335265
DLT/BTC,1611774021079,2021-01-27T19:00:21.079Z,buy,1.55e-06,903.0,0.00139965
DLT/BTC,1611774021549,2021-01-27T19:00:21.549Z,buy,1.55e-06,195.0,0.00030225
DLT/BTC,1611774021903,2021-01-27T19:00:21.903Z,buy,1.55e-06,1287.0,0.00199485
DLT/BTC,1611774021903,2021-01-27T19:00:21.903Z,buy,1.56e-06,122442.0,0.19100952000000002
DLT/BTC,1611774021903,2021-01-27T19:00:21.903Z,buy,1.57e-06,6284.0,0.00986588
DLT/BTC,1611774021903,2021-01-27T19:00:21.903Z,buy,1.58e-06,19667.0,0.03107386
DLT/BTC,1611774021903,2021-01-27T19:00:21.903Z,buy,1.59e-06,8566.0,0.01361994
DLT/BTC,1611774021903,2021-01-27T19:00:21.903Z,buy,1.6e-06,85397.0,0.13663519999999998
DLT/BTC,1611774021903,2021-01-27T19:00:21.903Z,buy,1.61e-06,12665.0,0.02039065
DLT/BTC,1611774021903,2021-01-27T19:00:21.903Z,buy,1.62e-06,9751.0,0.01579662
DLT/BTC,1611774021903,2021-01-27T19:00:21.903Z,buy,1.63e-06,24713.0,0.04028219
DLT/BTC,1611774021903,2021-01-27T19:00:21.903Z,buy,1.64e-06,3917.0,0.00642388
DLT/BTC,1611774021903,2021-01-27T19:00:21.903Z,buy,1.65e-06,19943.0,0.03290595
DLT/BTC,1611774022241,2021-01-27T19:00:22.241Z,buy,1.63e-06,9033.0,0.01472379
DLT/BTC,1611774022241,2021-01-27T19:00:22.241Z,buy,1.64e-06,214.0,0.00035096
DLT/BTC,1611774022241,2021-01-27T19:00:22.241Z,buy,1.65e-06,12.0,1.98e-05
DLT/BTC,1611774022524,2021-01-27T19:00:22.524Z,sell,1.52e-06,87.0,0.00013224
DLT/BTC,1611774022724,2021-01-27T19:00:22.724Z,buy,1.6e-06,61.0,9.76e-05
DLT/BTC,1611774023527,2021-01-27T19:00:23.527Z,sell,1.54e-06,207.0,0.00031878
DLT/BTC,1611774023558,2021-01-27T19:00:23.558Z,buy,1.6e-06,134.0,0.00021439999999999998
DLT/BTC,1611774023558,2021-01-27T19:00:23.558Z,buy,1.65e-06,3722.0,0.006141300000000001
DLT/BTC,1611774023558,2021-01-27T19:00:23.558Z,buy,1.66e-06,14891.0,0.02471906
DLT/BTC,1611774023558,2021-01-27T19:00:23.558Z,buy,1.67e-06,1806.0,0.0030160200000000003
DLT/BTC,1611774023558,2021-01-27T19:00:23.558Z,buy,1.68e-06,1429.0,0.00240072
DLT/BTC,1611774023558,2021-01-27T19:00:23.558Z,buy,1.69e-06,6101.0,0.010310689999999999
DLT/BTC,1611774023558,2021-01-27T19:00:23.558Z,buy,1.7e-06,10119.0,0.0172023
DLT/BTC,1611774023558,2021-01-27T19:00:23.558Z,buy,1.71e-06,63530.0,0.10863629999999999
DLT/BTC,1611774023558,2021-01-27T19:00:23.558Z,buy,1.72e-06,8389.0,0.01442908
DLT/BTC,1611774023558,2021-01-27T19:00:23.558Z,buy,1.73e-06,80033.0,0.13845709
DLT/BTC,1611774023558,2021-01-27T19:00:23.558Z,buy,1.74e-06,20224.0,0.03518976
DLT/BTC,1611774023558,2021-01-27T19:00:23.558Z,buy,1.75e-06,40989.0,0.07173075
DLT/BTC,1611774023558,2021-01-27T19:00:23.558Z,buy,1.76e-06,10638.0,0.01872288
DLT/BTC,1611774023558,2021-01-27T19:00:23.558Z,buy,1.77e-06,27587.0,0.04882899
DLT/BTC,1611774023846,2021-01-27T19:00:23.846Z,buy,1.55e-06,400.0,0.00062
DLT/BTC,1611774023846,2021-01-27T19:00:23.846Z,buy,1.68e-06,8529.0,0.01432872
DLT/BTC,1611774024277,2021-01-27T19:00:24.277Z,buy,1.68e-06,1366.0,0.00229488
DLT/BTC,1611774024332,2021-01-27T19:00:24.332Z,sell,1.54e-06,87.0,0.00013398000000000001
DLT/BTC,1611774024739,2021-01-27T19:00:24.739Z,buy,1.57e-06,300.0,0.000471
DLT/BTC,1611774024767,2021-01-27T19:00:24.767Z,buy,1.68e-06,25776.0,0.04330368
DLT/BTC,1611774024767,2021-01-27T19:00:24.767Z,buy,1.74e-06,42911.0,0.07466514
DLT/BTC,1611774024767,2021-01-27T19:00:24.767Z,buy,1.76e-06,862.0,0.00151712
DLT/BTC,1611774024767,2021-01-27T19:00:24.767Z,buy,1.77e-06,214979.0,0.38051283
DLT/BTC,1611774025099,2021-01-27T19:00:25.099Z,buy,1.74e-06,2873.0,0.00499902
DLT/BTC,1611774026281,2021-01-27T19:00:26.281Z,buy,1.74e-06,172.0,0.00029928
DLT/BTC,1611774026377,2021-01-27T19:00:26.377Z,sell,1.63e-06,220.0,0.0003586
DLT/BTC,1611774026377,2021-01-27T19:00:26.377Z,sell,1.62e-06,2352.0,0.00381024
DLT/BTC,1611774026377,2021-01-27T19:00:26.377Z,sell,1.62e-06,300.0,0.000486
DLT/BTC,1611774026758,2021-01-27T19:00:26.758Z,sell,1.63e-06,1183.0,0.00192829
DLT/BTC,1611774026758,2021-01-27T19:00:26.758Z,sell,1.62e-06,6006.0,0.009729719999999999
DLT/BTC,1611774027148,2021-01-27T19:00:27.148Z,sell,1.62e-06,400.0,0.000648
DLT/BTC,1611774027243,2021-01-27T19:00:27.243Z,buy,1.76e-06,1583.0,0.0027860800000000002
DLT/BTC,1611774027243,2021-01-27T19:00:27.243Z,buy,1.77e-06,45146.0,0.07990842
DLT/BTC,1611774027243,2021-01-27T19:00:27.243Z,buy,1.78e-06,15436.0,0.02747608
DLT/BTC,1611774027243,2021-01-27T19:00:27.243Z,buy,1.79e-06,9584.0,0.01715536
DLT/BTC,1611774027243,2021-01-27T19:00:27.243Z,buy,1.8e-06,41459.0,0.07462619999999999
DLT/BTC,1611774027243,2021-01-27T19:00:27.243Z,buy,1.81e-06,16920.0,0.0306252
DLT/BTC,1611774027243,2021-01-27T19:00:27.243Z,buy,1.82e-06,1666.0,0.0030321199999999997
DLT/BTC,1611774027243,2021-01-27T19:00:27.243Z,buy,1.83e-06,11921.0,0.02181543
DLT/BTC,1611774027243,2021-01-27T19:00:27.243Z,buy,1.84e-06,4665.0,0.0085836
DLT/BTC,1611774027243,2021-01-27T19:00:27.243Z,buy,1.85e-06,51820.0,0.09586700000000001
DLT/BTC,1611774027243,2021-01-27T19:00:27.243Z,buy,1.86e-06,37310.0,0.0693966
DLT/BTC,1611774027243,2021-01-27T19:00:27.243Z,buy,1.87e-06,5559.0,0.010395330000000001
DLT/BTC,1611774027243,2021-01-27T19:00:27.243Z,buy,1.88e-06,15530.0,0.0291964
DLT/BTC,1611774027243,2021-01-27T19:00:27.243Z,buy,1.89e-06,15415.0,0.02913435
DLT/BTC,1611774027681,2021-01-27T19:00:27.681Z,buy,1.76e-06,2625.0,0.00462
DLT/BTC,1611774027758,2021-01-27T19:00:27.758Z,sell,1.64e-06,91.0,0.00014924
DLT/BTC,1611774028323,2021-01-27T19:00:28.323Z,sell,1.66e-06,1290.0,0.0021414
DLT/BTC,1611774028323,2021-01-27T19:00:28.323Z,sell,1.65e-06,4157.0,0.00685905
DLT/BTC,1611774028323,2021-01-27T19:00:28.323Z,sell,1.64e-06,80.0,0.0001312
DLT/BTC,1611774028323,2021-01-27T19:00:28.323Z,sell,1.63e-06,271.0,0.00044173000000000004
DLT/BTC,1611774028323,2021-01-27T19:00:28.323Z,sell,1.62e-06,271.0,0.00043902
DLT/BTC,1611774028323,2021-01-27T19:00:28.323Z,sell,1.61e-06,1862.0,0.00299782
DLT/BTC,1611774028323,2021-01-27T19:00:28.323Z,sell,1.6e-06,191.0,0.0003056
DLT/BTC,1611774028323,2021-01-27T19:00:28.323Z,sell,1.59e-06,807.0,0.00128313
DLT/BTC,1611774029058,2021-01-27T19:00:29.058Z,sell,1.67e-06,1036.0,0.0017301200000000001
DLT/BTC,1611774029058,2021-01-27T19:00:29.058Z,sell,1.66e-06,8223.0,0.01365018
DLT/BTC,1611774029094,2021-01-27T19:00:29.094Z,buy,1.68e-06,1756.0,0.00295008
DLT/BTC,1611774029094,2021-01-27T19:00:29.094Z,buy,1.69e-06,877.0,0.00148213
DLT/BTC,1611774029213,2021-01-27T19:00:29.213Z,buy,1.69e-06,256.0,0.00043264
DLT/BTC,1611774029995,2021-01-27T19:00:29.995Z,sell,1.65e-06,3210.0,0.0052965
DLT/BTC,1611774029995,2021-01-27T19:00:29.995Z,sell,1.64e-06,1790.0,0.0029356
DLT/BTC,1611774030106,2021-01-27T19:00:30.106Z,buy,1.69e-06,3667.0,0.00619723
DLT/BTC,1611774030106,2021-01-27T19:00:30.106Z,buy,1.7e-06,6222.0,0.0105774
DLT/BTC,1611774030515,2021-01-27T19:00:30.515Z,sell,1.65e-06,3833.0,0.0063244500000000006
DLT/BTC,1611774030515,2021-01-27T19:00:30.515Z,sell,1.64e-06,2999.0,0.00491836
DLT/BTC,1611774030515,2021-01-27T19:00:30.515Z,sell,1.64e-06,750.0,0.00123
DLT/BTC,1611774030538,2021-01-27T19:00:30.538Z,sell,1.64e-06,857.0,0.00140548
DLT/BTC,1611774030573,2021-01-27T19:00:30.573Z,sell,1.65e-06,1792.0,0.0029568000000000003
DLT/BTC,1611774030573,2021-01-27T19:00:30.573Z,sell,1.64e-06,681.0,0.00111684
DLT/BTC,1611774030675,2021-01-27T19:00:30.675Z,sell,1.66e-06,661.0,0.00109726
DLT/BTC,1611774031146,2021-01-27T19:00:31.146Z,sell,1.66e-06,1726.0,0.00286516
DLT/BTC,1611774031741,2021-01-27T19:00:31.741Z,buy,1.67e-06,796.0,0.0013293200000000002
DLT/BTC,1611774033305,2021-01-27T19:00:33.305Z,buy,1.67e-06,500.0,0.000835
DLT/BTC,1611774033544,2021-01-27T19:00:33.544Z,sell,1.66e-06,1020.0,0.0016932
DLT/BTC,1611774033810,2021-01-27T19:00:33.810Z,buy,1.66e-06,500.0,0.00083
DLT/BTC,1611774034010,2021-01-27T19:00:34.010Z,buy,1.65e-06,299.0,0.00049335
DLT/BTC,1611774034010,2021-01-27T19:00:34.010Z,buy,1.66e-06,201.0,0.00033366
DLT/BTC,1611774034170,2021-01-27T19:00:34.170Z,buy,1.66e-06,500.0,0.00083
DLT/BTC,1611774034180,2021-01-27T19:00:34.180Z,buy,1.66e-06,1277.0,0.00211982
DLT/BTC,1611774034595,2021-01-27T19:00:34.595Z,buy,1.66e-06,500.0,0.00083
DLT/BTC,1611774034759,2021-01-27T19:00:34.759Z,buy,1.66e-06,159.0,0.00026394
DLT/BTC,1611774034759,2021-01-27T19:00:34.759Z,buy,1.67e-06,341.0,0.0005694700000000001
DLT/BTC,1611774034922,2021-01-27T19:00:34.922Z,buy,1.68e-06,500.0,0.00084
DLT/BTC,1611774035077,2021-01-27T19:00:35.077Z,buy,1.68e-06,1000.0,0.00168
DLT/BTC,1611774035267,2021-01-27T19:00:35.267Z,buy,1.65e-06,500.0,0.000825
DLT/BTC,1611774035401,2021-01-27T19:00:35.401Z,sell,1.62e-06,311.0,0.00050382
DLT/BTC,1611774035401,2021-01-27T19:00:35.401Z,sell,1.62e-06,501.0,0.00081162
DLT/BTC,1611774035467,2021-01-27T19:00:35.467Z,buy,1.65e-06,500.0,0.000825
DLT/BTC,1611774035959,2021-01-27T19:00:35.959Z,sell,1.64e-06,500.0,0.00082
DLT/BTC,1611774036511,2021-01-27T19:00:36.511Z,buy,1.65e-06,1000.0,0.00165
DLT/BTC,1611774036663,2021-01-27T19:00:36.663Z,sell,1.63e-06,87.0,0.00014181
DLT/BTC,1611774036663,2021-01-27T19:00:36.663Z,sell,1.63e-06,356.0,0.0005802800000000001
DLT/BTC,1611774036778,2021-01-27T19:00:36.778Z,sell,1.64e-06,1274.0,0.00208936
DLT/BTC,1611774037150,2021-01-27T19:00:37.150Z,sell,1.64e-06,383.0,0.00062812
DLT/BTC,1611774037523,2021-01-27T19:00:37.523Z,buy,1.65e-06,1000.0,0.00165
DLT/BTC,1611774037747,2021-01-27T19:00:37.747Z,sell,1.64e-06,1170.0,0.0019188
DLT/BTC,1611774037791,2021-01-27T19:00:37.791Z,sell,1.63e-06,8476.0,0.013815880000000001
DLT/BTC,1611774038540,2021-01-27T19:00:38.540Z,buy,1.65e-06,68.0,0.0001122
DLT/BTC,1611774038540,2021-01-27T19:00:38.540Z,buy,1.66e-06,932.0,0.00154712
DLT/BTC,1611774039174,2021-01-27T19:00:39.174Z,buy,1.67e-06,409.0,0.00068303
DLT/BTC,1611774039618,2021-01-27T19:00:39.618Z,buy,1.67e-06,865.0,0.0014445500000000002
DLT/BTC,1611774039618,2021-01-27T19:00:39.618Z,buy,1.68e-06,135.0,0.0002268
DLT/BTC,1611774039949,2021-01-27T19:00:39.949Z,buy,1.68e-06,80.0,0.00013440000000000001
DLT/BTC,1611774040106,2021-01-27T19:00:40.106Z,buy,1.68e-06,80.0,0.00013440000000000001
DLT/BTC,1611774040454,2021-01-27T19:00:40.454Z,buy,1.68e-06,80.0,0.00013440000000000001
DLT/BTC,1611774040504,2021-01-27T19:00:40.504Z,buy,1.68e-06,1470.0,0.0024696
DLT/BTC,1611774040504,2021-01-27T19:00:40.504Z,buy,1.69e-06,897.0,0.00151593
DLT/BTC,1611774040752,2021-01-27T19:00:40.752Z,buy,1.69e-06,1000.0,0.0016899999999999999
DLT/BTC,1611774040937,2021-01-27T19:00:40.937Z,buy,1.69e-06,47.0,7.942999999999999e-05
DLT/BTC,1611774040937,2021-01-27T19:00:40.937Z,buy,1.7e-06,33.0,5.61e-05
DLT/BTC,1611774041092,2021-01-27T19:00:41.092Z,buy,1.7e-06,80.0,0.000136
DLT/BTC,1611774041442,2021-01-27T19:00:41.442Z,buy,1.7e-06,80.0,0.000136
DLT/BTC,1611774041769,2021-01-27T19:00:41.769Z,buy,1.7e-06,803.0,0.0013651
DLT/BTC,1611774041769,2021-01-27T19:00:41.769Z,buy,1.71e-06,197.0,0.00033686999999999996
DLT/BTC,1611774042335,2021-01-27T19:00:42.335Z,sell,1.7e-06,72.0,0.0001224
DLT/BTC,1611774042510,2021-01-27T19:00:42.510Z,buy,1.71e-06,220.0,0.0003762
DLT/BTC,1611774042549,2021-01-27T19:00:42.549Z,sell,1.7e-06,3630.0,0.006171
DLT/BTC,1611774042682,2021-01-27T19:00:42.682Z,buy,1.71e-06,220.0,0.0003762
DLT/BTC,1611774042782,2021-01-27T19:00:42.782Z,buy,1.71e-06,1000.0,0.00171
DLT/BTC,1611774042820,2021-01-27T19:00:42.820Z,buy,1.71e-06,865.0,0.00147915
DLT/BTC,1611774043178,2021-01-27T19:00:43.178Z,buy,1.71e-06,220.0,0.0003762
DLT/BTC,1611774043715,2021-01-27T19:00:43.715Z,buy,1.71e-06,112.0,0.00019151999999999998
DLT/BTC,1611774043717,2021-01-27T19:00:43.717Z,buy,1.72e-06,220.0,0.00037840000000000004
DLT/BTC,1611774043722,2021-01-27T19:00:43.722Z,buy,1.72e-06,1968.0,0.0033849600000000002
DLT/BTC,1611774043803,2021-01-27T19:00:43.803Z,buy,1.73e-06,1000.0,0.00173
DLT/BTC,1611774043870,2021-01-27T19:00:43.870Z,buy,1.73e-06,220.0,0.0003806
DLT/BTC,1611774044179,2021-01-27T19:00:44.179Z,buy,1.73e-06,220.0,0.0003806
DLT/BTC,1611774044377,2021-01-27T19:00:44.377Z,buy,1.73e-06,220.0,0.0003806
DLT/BTC,1611774044403,2021-01-27T19:00:44.403Z,sell,1.72e-06,2631.0,0.00452532
DLT/BTC,1611774044680,2021-01-27T19:00:44.680Z,buy,1.73e-06,220.0,0.0003806
DLT/BTC,1611774044697,2021-01-27T19:00:44.697Z,buy,1.73e-06,923.0,0.00159679
DLT/BTC,1611774044697,2021-01-27T19:00:44.697Z,buy,1.74e-06,157.0,0.00027318000000000004
DLT/BTC,1611774044808,2021-01-27T19:00:44.808Z,buy,1.75e-06,1000.0,0.00175
DLT/BTC,1611774044987,2021-01-27T19:00:44.987Z,buy,1.75e-06,191.0,0.00033425
DLT/BTC,1611774045010,2021-01-27T19:00:45.010Z,buy,1.75e-06,541.0,0.00094675
DLT/BTC,1611774045010,2021-01-27T19:00:45.010Z,buy,1.76e-06,11.0,1.936e-05
DLT/BTC,1611774045123,2021-01-27T19:00:45.123Z,buy,1.76e-06,80.0,0.0001408
DLT/BTC,1611774045123,2021-01-27T19:00:45.123Z,buy,1.77e-06,80.0,0.0001416
DLT/BTC,1611774045123,2021-01-27T19:00:45.123Z,buy,1.78e-06,80.0,0.0001424
DLT/BTC,1611774045123,2021-01-27T19:00:45.123Z,buy,1.8e-06,876.0,0.0015768
DLT/BTC,1611774045123,2021-01-27T19:00:45.123Z,buy,1.81e-06,191.0,0.00034571
DLT/BTC,1611774045123,2021-01-27T19:00:45.123Z,buy,1.82e-06,191.0,0.00034762
DLT/BTC,1611774045123,2021-01-27T19:00:45.123Z,buy,1.83e-06,191.0,0.00034953
DLT/BTC,1611774045123,2021-01-27T19:00:45.123Z,buy,1.84e-06,259.0,0.00047656
DLT/BTC,1611774045212,2021-01-27T19:00:45.212Z,buy,1.84e-06,543.0,0.00099912
DLT/BTC,1611774046148,2021-01-27T19:00:46.148Z,sell,1.79e-06,1748.0,0.00312892
DLT/BTC,1611774046392,2021-01-27T19:00:46.392Z,sell,1.79e-06,93.0,0.00016647
DLT/BTC,1611774046610,2021-01-27T19:00:46.610Z,buy,1.81e-06,636.0,0.00115116
DLT/BTC,1611774046610,2021-01-27T19:00:46.610Z,buy,1.82e-06,891.0,0.00162162
DLT/BTC,1611774046981,2021-01-27T19:00:46.981Z,buy,1.84e-06,678.0,0.00124752
DLT/BTC,1611774046981,2021-01-27T19:00:46.981Z,buy,1.85e-06,6858.0,0.0126873
DLT/BTC,1611774047249,2021-01-27T19:00:47.249Z,buy,1.86e-06,720.0,0.0013392
DLT/BTC,1611774047249,2021-01-27T19:00:47.249Z,buy,1.87e-06,11855.0,0.02216885
DLT/BTC,1611774047272,2021-01-27T19:00:47.272Z,buy,1.87e-06,8021.0,0.01499927
DLT/BTC,1611774048263,2021-01-27T19:00:48.263Z,buy,1.83e-06,1854.0,0.00339282
DLT/BTC,1611774048596,2021-01-27T19:00:48.596Z,sell,1.79e-06,3586.0,0.00641894
DLT/BTC,1611774048728,2021-01-27T19:00:48.728Z,buy,1.81e-06,1448.0,0.00262088
DLT/BTC,1611774048905,2021-01-27T19:00:48.905Z,sell,1.79e-06,500.0,0.000895
DLT/BTC,1611774048912,2021-01-27T19:00:48.912Z,buy,1.8e-06,500.0,0.0009
DLT/BTC,1611774048912,2021-01-27T19:00:48.912Z,buy,1.81e-06,2638.0,0.00477478
DLT/BTC,1611774048912,2021-01-27T19:00:48.912Z,buy,1.83e-06,5734.0,0.010493220000000001
DLT/BTC,1611774049033,2021-01-27T19:00:49.033Z,buy,1.81e-06,500.0,0.000905
DLT/BTC,1611774049033,2021-01-27T19:00:49.033Z,buy,1.82e-06,1252.0,0.0022786399999999997
DLT/BTC,1611774049217,2021-01-27T19:00:49.217Z,buy,1.82e-06,399.0,0.00072618
DLT/BTC,1611774049242,2021-01-27T19:00:49.242Z,sell,1.79e-06,500.0,0.000895
DLT/BTC,1611774049395,2021-01-27T19:00:49.395Z,sell,1.8e-06,500.0,0.0009
DLT/BTC,1611774049480,2021-01-27T19:00:49.480Z,buy,1.81e-06,500.0,0.000905
DLT/BTC,1611774049480,2021-01-27T19:00:49.480Z,buy,1.82e-06,11426.0,0.02079532
DLT/BTC,1611774049480,2021-01-27T19:00:49.480Z,buy,1.83e-06,500.0,0.000915
DLT/BTC,1611774049480,2021-01-27T19:00:49.480Z,buy,1.84e-06,500.0,0.00092
DLT/BTC,1611774049480,2021-01-27T19:00:49.480Z,buy,1.85e-06,500.0,0.000925
DLT/BTC,1611774049480,2021-01-27T19:00:49.480Z,buy,1.87e-06,10431.0,0.01950597
DLT/BTC,1611774049550,2021-01-27T19:00:49.550Z,sell,1.8e-06,500.0,0.0009
DLT/BTC,1611774049701,2021-01-27T19:00:49.701Z,sell,1.81e-06,3190.0,0.0057739
DLT/BTC,1611774049701,2021-01-27T19:00:49.701Z,sell,1.8e-06,677.0,0.0012186
DLT/BTC,1611774049701,2021-01-27T19:00:49.701Z,sell,1.79e-06,1119.0,0.00200301
DLT/BTC,1611774049782,2021-01-27T19:00:49.782Z,buy,1.85e-06,3190.0,0.0059015000000000005
DLT/BTC,1611774049782,2021-01-27T19:00:49.782Z,buy,1.86e-06,1097.0,0.00204042
DLT/BTC,1611774049782,2021-01-27T19:00:49.782Z,buy,1.87e-06,25486.0,0.047658820000000005
DLT/BTC,1611774050007,2021-01-27T19:00:50.007Z,sell,1.81e-06,1116.0,0.00201996
DLT/BTC,1611774050347,2021-01-27T19:00:50.347Z,sell,1.85e-06,1155.0,0.00213675
DLT/BTC,1611774050954,2021-01-27T19:00:50.954Z,buy,1.86e-06,1781.0,0.00331266
DLT/BTC,1611774051052,2021-01-27T19:00:51.052Z,buy,1.86e-06,12.0,2.232e-05
DLT/BTC,1611774051052,2021-01-27T19:00:51.052Z,buy,1.87e-06,1232.0,0.00230384
DLT/BTC,1611774051200,2021-01-27T19:00:51.200Z,buy,1.87e-06,8483.0,0.01586321
DLT/BTC,1611774051200,2021-01-27T19:00:51.200Z,buy,1.88e-06,720.0,0.0013536
DLT/BTC,1611774051200,2021-01-27T19:00:51.200Z,buy,1.89e-06,3269.0,0.00617841
DLT/BTC,1611774051299,2021-01-27T19:00:51.299Z,buy,1.89e-06,461.0,0.0008712899999999999
DLT/BTC,1611774051393,2021-01-27T19:00:51.393Z,buy,1.89e-06,5289.0,0.00999621
DLT/BTC,1611774051470,2021-01-27T19:00:51.470Z,buy,1.89e-06,1883.0,0.00355887
DLT/BTC,1611774052181,2021-01-27T19:00:52.181Z,buy,1.89e-06,18757.0,0.03545073
DLT/BTC,1611774052247,2021-01-27T19:00:52.247Z,buy,1.89e-06,15310.0,0.028935899999999997
DLT/BTC,1611774052247,2021-01-27T19:00:52.247Z,buy,1.9e-06,12772.0,0.0242668
DLT/BTC,1611774052593,2021-01-27T19:00:52.593Z,sell,1.82e-06,62.0,0.00011284
DLT/BTC,1611774052842,2021-01-27T19:00:52.842Z,sell,1.87e-06,1043.0,0.00195041
DLT/BTC,1611774052864,2021-01-27T19:00:52.864Z,buy,1.89e-06,62.0,0.00011718
DLT/BTC,1611774052864,2021-01-27T19:00:52.864Z,buy,1.9e-06,505.0,0.0009595
DLT/BTC,1611774052910,2021-01-27T19:00:52.910Z,buy,1.9e-06,2715.0,0.0051585
DLT/BTC,1611774052971,2021-01-27T19:00:52.971Z,buy,1.9e-06,2366.0,0.0044954
DLT/BTC,1611774053194,2021-01-27T19:00:53.194Z,buy,1.9e-06,2537.0,0.0048203000000000005
DLT/BTC,1611774053347,2021-01-27T19:00:53.347Z,buy,1.9e-06,1190.0,0.002261
DLT/BTC,1611774053350,2021-01-27T19:00:53.350Z,sell,1.89e-06,13019.0,0.024605909999999998
DLT/BTC,1611774053352,2021-01-27T19:00:53.352Z,sell,1.89e-06,84.0,0.00015876
DLT/BTC,1611774053391,2021-01-27T19:00:53.391Z,buy,1.9e-06,448.0,0.0008512
DLT/BTC,1611774053394,2021-01-27T19:00:53.394Z,sell,1.89e-06,80.0,0.0001512
DLT/BTC,1611774053502,2021-01-27T19:00:53.502Z,buy,1.9e-06,4492.0,0.0085348
DLT/BTC,1611774053502,2021-01-27T19:00:53.502Z,buy,1.91e-06,1413.0,0.0026988299999999997
DLT/BTC,1611774053502,2021-01-27T19:00:53.502Z,buy,1.92e-06,2500.0,0.0048
DLT/BTC,1611774053520,2021-01-27T19:00:53.520Z,buy,1.92e-06,197.0,0.00037823999999999996
DLT/BTC,1611774053604,2021-01-27T19:00:53.604Z,buy,1.92e-06,1692.0,0.0032486399999999997
DLT/BTC,1611774053607,2021-01-27T19:00:53.607Z,buy,1.92e-06,1408.0,0.0027033599999999997
DLT/BTC,1611774053608,2021-01-27T19:00:53.608Z,buy,1.92e-06,345.0,0.0006624
DLT/BTC,1611774053726,2021-01-27T19:00:53.726Z,buy,1.92e-06,4939.0,0.009482879999999999
DLT/BTC,1611774053777,2021-01-27T19:00:53.777Z,buy,1.91e-06,863.0,0.00164833
DLT/BTC,1611774053777,2021-01-27T19:00:53.777Z,buy,1.92e-06,536.0,0.00102912
DLT/BTC,1611774053844,2021-01-27T19:00:53.844Z,buy,1.92e-06,634.0,0.0012172799999999998
DLT/BTC,1611774053994,2021-01-27T19:00:53.994Z,sell,1.9e-06,80.0,0.000152
DLT/BTC,1611774054018,2021-01-27T19:00:54.018Z,buy,1.92e-06,1351.0,0.0025939199999999996
DLT/BTC,1611774054300,2021-01-27T19:00:54.300Z,buy,1.92e-06,2548.0,0.0048921599999999996
DLT/BTC,1611774054354,2021-01-27T19:00:54.354Z,sell,1.9e-06,80.0,0.000152
DLT/BTC,1611774054482,2021-01-27T19:00:54.482Z,buy,1.92e-06,658.0,0.0012633599999999998
DLT/BTC,1611774054482,2021-01-27T19:00:54.482Z,buy,1.93e-06,3406.0,0.006573580000000001
DLT/BTC,1611774054490,2021-01-27T19:00:54.490Z,buy,1.93e-06,6044.0,0.01166492
DLT/BTC,1611774054602,2021-01-27T19:00:54.602Z,buy,1.93e-06,1069.0,0.00206317
DLT/BTC,1611774054652,2021-01-27T19:00:54.652Z,sell,1.9e-06,80.0,0.000152
DLT/BTC,1611774054773,2021-01-27T19:00:54.773Z,buy,1.92e-06,80.0,0.0001536
DLT/BTC,1611774054773,2021-01-27T19:00:54.773Z,buy,1.93e-06,9936.0,0.019176480000000003
DLT/BTC,1611774054788,2021-01-27T19:00:54.788Z,buy,1.93e-06,453.0,0.0008742900000000001
DLT/BTC,1611774054810,2021-01-27T19:00:54.810Z,sell,1.9e-06,80.0,0.000152
DLT/BTC,1611774054899,2021-01-27T19:00:54.899Z,buy,1.92e-06,80.0,0.0001536
DLT/BTC,1611774054899,2021-01-27T19:00:54.899Z,buy,1.93e-06,597.0,0.00115221
DLT/BTC,1611774055026,2021-01-27T19:00:55.026Z,buy,1.93e-06,737.0,0.00142241
DLT/BTC,1611774055036,2021-01-27T19:00:55.036Z,sell,1.9e-06,250.0,0.000475
DLT/BTC,1611774055083,2021-01-27T19:00:55.083Z,buy,1.93e-06,2679.0,0.005170470000000001
DLT/BTC,1611774055157,2021-01-27T19:00:55.157Z,sell,1.9e-06,80.0,0.000152
DLT/BTC,1611774055852,2021-01-27T19:00:55.852Z,buy,1.92e-06,330.0,0.0006335999999999999
DLT/BTC,1611774055852,2021-01-27T19:00:55.852Z,buy,1.93e-06,1788.0,0.00345084
DLT/BTC,1611774056115,2021-01-27T19:00:56.115Z,buy,1.93e-06,2333.0,0.00450269
DLT/BTC,1611774056296,2021-01-27T19:00:56.296Z,buy,1.93e-06,151.0,0.00029143
DLT/BTC,1611774056367,2021-01-27T19:00:56.367Z,sell,1.9e-06,220.0,0.000418
DLT/BTC,1611774056448,2021-01-27T19:00:56.448Z,buy,1.92e-06,220.0,0.00042239999999999997
DLT/BTC,1611774056448,2021-01-27T19:00:56.448Z,buy,1.93e-06,1885.0,0.0036380500000000003
DLT/BTC,1611774056542,2021-01-27T19:00:56.542Z,sell,1.9e-06,220.0,0.000418
DLT/BTC,1611774056923,2021-01-27T19:00:56.923Z,sell,1.9e-06,2468.0,0.0046892
DLT/BTC,1611774056923,2021-01-27T19:00:56.923Z,sell,1.89e-06,28702.0,0.054246779999999994
DLT/BTC,1611774057021,2021-01-27T19:00:57.021Z,sell,1.9e-06,220.0,0.000418
DLT/BTC,1611774057145,2021-01-27T19:00:57.145Z,buy,1.92e-06,181.0,0.00034752
DLT/BTC,1611774057163,2021-01-27T19:00:57.163Z,sell,1.9e-06,3988.0,0.0075772
DLT/BTC,1611774057205,2021-01-27T19:00:57.205Z,buy,1.9e-06,236.0,0.0004484
DLT/BTC,1611774057255,2021-01-27T19:00:57.255Z,sell,1.89e-06,220.0,0.00041579999999999997
DLT/BTC,1611774057311,2021-01-27T19:00:57.311Z,sell,1.89e-06,195.0,0.00036855
DLT/BTC,1611774057315,2021-01-27T19:00:57.315Z,buy,1.9e-06,3304.0,0.0062776
DLT/BTC,1611774057315,2021-01-27T19:00:57.315Z,buy,1.92e-06,6715.0,0.0128928
DLT/BTC,1611774057315,2021-01-27T19:00:57.315Z,buy,1.93e-06,4213.0,0.00813109
DLT/BTC,1611774057467,2021-01-27T19:00:57.467Z,buy,1.93e-06,4569.0,0.00881817
DLT/BTC,1611774057563,2021-01-27T19:00:57.563Z,buy,1.93e-06,5023.0,0.00969439
DLT/BTC,1611774057661,2021-01-27T19:00:57.661Z,buy,1.91e-06,866.0,0.00165406
DLT/BTC,1611774057661,2021-01-27T19:00:57.661Z,buy,1.93e-06,8747.0,0.01688171
DLT/BTC,1611774057706,2021-01-27T19:00:57.706Z,buy,1.93e-06,362.0,0.00069866
DLT/BTC,1611774057751,2021-01-27T19:00:57.751Z,sell,1.9e-06,220.0,0.000418
DLT/BTC,1611774057963,2021-01-27T19:00:57.963Z,buy,1.92e-06,220.0,0.00042239999999999997
DLT/BTC,1611774057963,2021-01-27T19:00:57.963Z,buy,1.93e-06,2791.0,0.005386630000000001
DLT/BTC,1611774058177,2021-01-27T19:00:58.177Z,sell,1.9e-06,220.0,0.000418
DLT/BTC,1611774058308,2021-01-27T19:00:58.308Z,buy,1.92e-06,220.0,0.00042239999999999997
DLT/BTC,1611774058308,2021-01-27T19:00:58.308Z,buy,1.93e-06,3186.0,0.00614898
DLT/BTC,1611774058659,2021-01-27T19:00:58.659Z,buy,1.93e-06,183737.0,0.35461241000000004
DLT/BTC,1611774058675,2021-01-27T19:00:58.675Z,sell,1.9e-06,220.0,0.000418
DLT/BTC,1611774058859,2021-01-27T19:00:58.859Z,sell,1.9e-06,220.0,0.000418
DLT/BTC,1611774058866,2021-01-27T19:00:58.866Z,buy,1.92e-06,205.0,0.00039359999999999997
DLT/BTC,1611774058999,2021-01-27T19:00:58.999Z,sell,1.9e-06,191.0,0.0003629
DLT/BTC,1611774059071,2021-01-27T19:00:59.071Z,buy,1.92e-06,426.0,0.00081792
DLT/BTC,1611774059071,2021-01-27T19:00:59.071Z,buy,1.93e-06,340.0,0.0006562
DLT/BTC,1611774059107,2021-01-27T19:00:59.107Z,buy,1.93e-06,561.0,0.00108273
DLT/BTC,1611774059388,2021-01-27T19:00:59.388Z,sell,1.9e-06,1669.0,0.0031711
DLT/BTC,1611774059388,2021-01-27T19:00:59.388Z,sell,1.89e-06,15194.0,0.028716659999999998
DLT/BTC,1611774059535,2021-01-27T19:00:59.535Z,buy,1.89e-06,184.0,0.00034775999999999996
DLT/BTC,1611774059633,2021-01-27T19:00:59.633Z,buy,1.89e-06,8901.0,0.01682289
DLT/BTC,1611774059640,2021-01-27T19:00:59.640Z,buy,1.89e-06,2675.0,0.0050557499999999995
DLT/BTC,1611774059682,2021-01-27T19:00:59.682Z,buy,1.89e-06,12250.0,0.0231525
DLT/BTC,1611774060054,2021-01-27T19:01:00.054Z,buy,1.89e-06,10108.0,0.01910412
DLT/BTC,1611774060092,2021-01-27T19:01:00.092Z,buy,1.89e-06,6915.0,0.013069349999999999
DLT/BTC,1611774060110,2021-01-27T19:01:00.110Z,buy,1.89e-06,346.0,0.00065394
DLT/BTC,1611774060119,2021-01-27T19:01:00.119Z,buy,1.89e-06,6970.0,0.013173299999999999
DLT/BTC,1611774060129,2021-01-27T19:01:00.129Z,buy,1.89e-06,2674.0,0.005053859999999999
DLT/BTC,1611774060133,2021-01-27T19:01:00.133Z,buy,1.89e-06,306.0,0.00057834
DLT/BTC,1611774060414,2021-01-27T19:01:00.414Z,buy,1.89e-06,2568.0,0.00485352
DLT/BTC,1611774060437,2021-01-27T19:01:00.437Z,buy,1.89e-06,7222.0,0.01364958
DLT/BTC,1611774060532,2021-01-27T19:01:00.532Z,buy,1.89e-06,31698.0,0.05990922
DLT/BTC,1611774060656,2021-01-27T19:01:00.656Z,buy,1.89e-06,3049.0,0.00576261
DLT/BTC,1611774060724,2021-01-27T19:01:00.724Z,buy,1.89e-06,12386.0,0.02340954
DLT/BTC,1611774060785,2021-01-27T19:01:00.785Z,buy,1.89e-06,771.0,0.00145719
DLT/BTC,1611774060822,2021-01-27T19:01:00.822Z,buy,1.89e-06,56.0,0.00010583999999999999
DLT/BTC,1611774060974,2021-01-27T19:01:00.974Z,buy,1.89e-06,6632.0,0.012534479999999999
DLT/BTC,1611774061030,2021-01-27T19:01:01.030Z,buy,1.89e-06,8114.0,0.015335459999999999
DLT/BTC,1611774061097,2021-01-27T19:01:01.097Z,buy,1.89e-06,3562.0,0.00673218
DLT/BTC,1611774061108,2021-01-27T19:01:01.108Z,buy,1.89e-06,20740.0,0.0391986
DLT/BTC,1611774061188,2021-01-27T19:01:01.188Z,buy,1.89e-06,941.0,0.00177849
DLT/BTC,1611774061302,2021-01-27T19:01:01.302Z,buy,1.89e-06,901.0,0.0017028899999999999
DLT/BTC,1611774061383,2021-01-27T19:01:01.383Z,buy,1.89e-06,466.0,0.00088074
DLT/BTC,1611774061574,2021-01-27T19:01:01.574Z,buy,1.89e-06,400.0,0.0007559999999999999
DLT/BTC,1611774061702,2021-01-27T19:01:01.702Z,buy,1.89e-06,699.0,0.00132111
DLT/BTC,1611774062132,2021-01-27T19:01:02.132Z,buy,1.89e-06,20528.0,0.03879792
DLT/BTC,1611774062202,2021-01-27T19:01:02.202Z,buy,1.89e-06,1447.0,0.0027348299999999997
DLT/BTC,1611774062245,2021-01-27T19:01:02.245Z,sell,1.88e-06,500.0,0.00094
DLT/BTC,1611774062245,2021-01-27T19:01:02.245Z,sell,1.87e-06,1034.0,0.00193358
DLT/BTC,1611774062408,2021-01-27T19:01:02.408Z,buy,1.89e-06,5172.0,0.00977508
DLT/BTC,1611774062570,2021-01-27T19:01:02.570Z,sell,1.87e-06,150.0,0.0002805
DLT/BTC,1611774062650,2021-01-27T19:01:02.650Z,buy,1.89e-06,1128.0,0.00213192
DLT/BTC,1611774062721,2021-01-27T19:01:02.721Z,sell,1.87e-06,135.0,0.00025245000000000004
DLT/BTC,1611774062733,2021-01-27T19:01:02.733Z,buy,1.89e-06,5634.0,0.01064826
DLT/BTC,1611774062794,2021-01-27T19:01:02.794Z,buy,1.89e-06,964.0,0.0018219599999999999
DLT/BTC,1611774062828,2021-01-27T19:01:02.828Z,buy,1.89e-06,1091.0,0.00206199
DLT/BTC,1611774062854,2021-01-27T19:01:02.854Z,buy,1.89e-06,10699.0,0.02022111
DLT/BTC,1611774062952,2021-01-27T19:01:02.952Z,buy,1.89e-06,7035.0,0.01329615
DLT/BTC,1611774062972,2021-01-27T19:01:02.972Z,buy,1.89e-06,4488.0,0.00848232
DLT/BTC,1611774062972,2021-01-27T19:01:02.972Z,buy,1.89e-06,736.0,0.0013910399999999999
DLT/BTC,1611774063122,2021-01-27T19:01:03.122Z,buy,1.89e-06,210.0,0.0003969
DLT/BTC,1611774063236,2021-01-27T19:01:03.236Z,buy,1.89e-06,6833.0,0.01291437
DLT/BTC,1611774063393,2021-01-27T19:01:03.393Z,buy,1.88e-06,9416.0,0.01770208
DLT/BTC,1611774063536,2021-01-27T19:01:03.536Z,sell,1.87e-06,1188.0,0.00222156
DLT/BTC,1611774063769,2021-01-27T19:01:03.769Z,buy,1.88e-06,4189.0,0.00787532
DLT/BTC,1611774063779,2021-01-27T19:01:03.779Z,buy,1.88e-06,1871.0,0.00351748
DLT/BTC,1611774063985,2021-01-27T19:01:03.985Z,buy,1.88e-06,1130.0,0.0021244
DLT/BTC,1611774064246,2021-01-27T19:01:04.246Z,buy,1.88e-06,167633.0,0.31515004
DLT/BTC,1611774064354,2021-01-27T19:01:04.354Z,buy,1.88e-06,644.0,0.00121072
DLT/BTC,1611774064393,2021-01-27T19:01:04.393Z,buy,1.88e-06,892.0,0.00167696
DLT/BTC,1611774064598,2021-01-27T19:01:04.598Z,buy,1.88e-06,189.0,0.00035532
DLT/BTC,1611774064719,2021-01-27T19:01:04.719Z,buy,1.88e-06,7526.0,0.01414888
DLT/BTC,1611774064724,2021-01-27T19:01:04.724Z,buy,1.88e-06,30301.0,0.05696588
DLT/BTC,1611774064743,2021-01-27T19:01:04.743Z,buy,1.88e-06,4300.0,0.008084
DLT/BTC,1611774064911,2021-01-27T19:01:04.911Z,buy,1.88e-06,10965.0,0.0206142
DLT/BTC,1611774065251,2021-01-27T19:01:05.251Z,buy,1.88e-06,3545.0,0.0066646
DLT/BTC,1611774065361,2021-01-27T19:01:05.361Z,buy,1.88e-06,12356.0,0.02322928
DLT/BTC,1611774065541,2021-01-27T19:01:05.541Z,buy,1.88e-06,29363.0,0.05520244
DLT/BTC,1611774065611,2021-01-27T19:01:05.611Z,sell,1.86e-06,3210.0,0.0059705999999999995
DLT/BTC,1611774065652,2021-01-27T19:01:05.652Z,buy,1.86e-06,220.0,0.00040919999999999997
DLT/BTC,1611774066147,2021-01-27T19:01:06.147Z,buy,1.86e-06,220.0,0.00040919999999999997
DLT/BTC,1611774066317,2021-01-27T19:01:06.317Z,buy,1.86e-06,220.0,0.00040919999999999997
DLT/BTC,1611774066509,2021-01-27T19:01:06.509Z,sell,1.85e-06,1397.0,0.0025844500000000003
DLT/BTC,1611774066591,2021-01-27T19:01:06.591Z,buy,1.86e-06,357.0,0.00066402
DLT/BTC,1611774066641,2021-01-27T19:01:06.641Z,buy,1.86e-06,3633.0,0.00675738
DLT/BTC,1611774066848,2021-01-27T19:01:06.848Z,buy,1.86e-06,980.0,0.0018228
DLT/BTC,1611774067124,2021-01-27T19:01:07.124Z,buy,1.86e-06,436.0,0.00081096
DLT/BTC,1611774067362,2021-01-27T19:01:07.362Z,buy,1.86e-06,726.0,0.0013503599999999999
DLT/BTC,1611774067564,2021-01-27T19:01:07.564Z,sell,1.85e-06,639.0,0.00118215
DLT/BTC,1611774067564,2021-01-27T19:01:07.564Z,sell,1.84e-06,439.0,0.00080776
DLT/BTC,1611774068457,2021-01-27T19:01:08.457Z,buy,1.86e-06,6644.0,0.01235784
DLT/BTC,1611774068519,2021-01-27T19:01:08.519Z,sell,1.84e-06,153.0,0.00028152
DLT/BTC,1611774068624,2021-01-27T19:01:08.624Z,buy,1.86e-06,16129.0,0.02999994
DLT/BTC,1611774068698,2021-01-27T19:01:08.698Z,sell,1.84e-06,128.0,0.00023552
DLT/BTC,1611774068698,2021-01-27T19:01:08.698Z,sell,1.83e-06,12331.0,0.02256573
DLT/BTC,1611774068707,2021-01-27T19:01:08.707Z,buy,1.86e-06,974.0,0.00181164
DLT/BTC,1611774069082,2021-01-27T19:01:09.082Z,buy,1.86e-06,11255.0,0.0209343
DLT/BTC,1611774069245,2021-01-27T19:01:09.245Z,buy,1.86e-06,51193.0,0.09521898
DLT/BTC,1611774069339,2021-01-27T19:01:09.339Z,buy,1.86e-06,2148.0,0.00399528
DLT/BTC,1611774069478,2021-01-27T19:01:09.478Z,buy,1.86e-06,348.0,0.00064728
DLT/BTC,1611774069483,2021-01-27T19:01:09.483Z,buy,1.86e-06,120.0,0.0002232
DLT/BTC,1611774069653,2021-01-27T19:01:09.653Z,buy,1.86e-06,470.0,0.0008742
DLT/BTC,1611774069999,2021-01-27T19:01:09.999Z,buy,1.86e-06,500.0,0.0009299999999999999
DLT/BTC,1611774070093,2021-01-27T19:01:10.093Z,buy,1.86e-06,10752.0,0.01999872
DLT/BTC,1611774070150,2021-01-27T19:01:10.150Z,buy,1.86e-06,1587.0,0.00295182
DLT/BTC,1611774070166,2021-01-27T19:01:10.166Z,buy,1.86e-06,500.0,0.0009299999999999999
DLT/BTC,1611774070176,2021-01-27T19:01:10.176Z,buy,1.86e-06,2000.0,0.0037199999999999998
DLT/BTC,1611774070218,2021-01-27T19:01:10.218Z,sell,1.84e-06,448.0,0.00082432
DLT/BTC,1611774070305,2021-01-27T19:01:10.305Z,buy,1.86e-06,1784.0,0.00331824
DLT/BTC,1611774070512,2021-01-27T19:01:10.512Z,buy,1.86e-06,188.0,0.00034968
DLT/BTC,1611774070666,2021-01-27T19:01:10.666Z,buy,1.86e-06,500.0,0.0009299999999999999
DLT/BTC,1611774070842,2021-01-27T19:01:10.842Z,buy,1.86e-06,902.0,0.00167772
DLT/BTC,1611774070847,2021-01-27T19:01:10.847Z,buy,1.86e-06,3688.0,0.00685968
DLT/BTC,1611774070923,2021-01-27T19:01:10.923Z,buy,1.86e-06,5074.0,0.00943764
DLT/BTC,1611774071070,2021-01-27T19:01:11.070Z,sell,1.85e-06,1277.0,0.00236245
DLT/BTC,1611774071217,2021-01-27T19:01:11.217Z,buy,1.86e-06,29052.0,0.054036719999999996
DLT/BTC,1611774071217,2021-01-27T19:01:11.217Z,buy,1.87e-06,16575.0,0.030995250000000002
DLT/BTC,1611774071217,2021-01-27T19:01:11.217Z,buy,1.88e-06,12544.0,0.02358272
DLT/BTC,1611774071220,2021-01-27T19:01:11.220Z,sell,1.85e-06,191.0,0.00035335
DLT/BTC,1611774071231,2021-01-27T19:01:11.231Z,buy,1.88e-06,38389.0,0.07217132
DLT/BTC,1611774071515,2021-01-27T19:01:11.515Z,buy,1.88e-06,389.0,0.00073132
DLT/BTC,1611774071555,2021-01-27T19:01:11.555Z,buy,1.88e-06,21427.0,0.04028276
DLT/BTC,1611774071618,2021-01-27T19:01:11.618Z,sell,1.86e-06,1908.0,0.00354888
DLT/BTC,1611774071618,2021-01-27T19:01:11.618Z,sell,1.85e-06,13950.0,0.0258075
DLT/BTC,1611774071618,2021-01-27T19:01:11.618Z,sell,1.83e-06,2102.0,0.00384666
DLT/BTC,1611774071700,2021-01-27T19:01:11.700Z,sell,1.82e-06,1128.0,0.00205296
DLT/BTC,1611774071731,2021-01-27T19:01:11.731Z,buy,1.83e-06,629.0,0.0011510700000000001
DLT/BTC,1611774071750,2021-01-27T19:01:11.750Z,buy,1.83e-06,414.0,0.00075762
DLT/BTC,1611774071770,2021-01-27T19:01:11.770Z,buy,1.83e-06,2439.0,0.00446337
DLT/BTC,1611774071907,2021-01-27T19:01:11.907Z,sell,1.82e-06,250.0,0.000455
DLT/BTC,1611774071996,2021-01-27T19:01:11.996Z,buy,1.83e-06,1942.0,0.0035538600000000003
DLT/BTC,1611774072549,2021-01-27T19:01:12.549Z,buy,1.83e-06,2207.0,0.00403881
DLT/BTC,1611774072713,2021-01-27T19:01:12.713Z,buy,1.83e-06,945.0,0.0017293500000000002
DLT/BTC,1611774073086,2021-01-27T19:01:13.086Z,buy,1.83e-06,6009.0,0.01099647
DLT/BTC,1611774073086,2021-01-27T19:01:13.086Z,buy,1.84e-06,13735.0,0.0252724
DLT/BTC,1611774073086,2021-01-27T19:01:13.086Z,buy,1.86e-06,1958.0,0.00364188
DLT/BTC,1611774073199,2021-01-27T19:01:13.199Z,buy,1.85e-06,1415.0,0.0026177500000000003
DLT/BTC,1611774073418,2021-01-27T19:01:13.418Z,buy,1.84e-06,3031.0,0.00557704
DLT/BTC,1611774073655,2021-01-27T19:01:13.655Z,buy,1.86e-06,537.0,0.00099882
DLT/BTC,1611774073692,2021-01-27T19:01:13.692Z,sell,1.85e-06,191.0,0.00035335
DLT/BTC,1611774074567,2021-01-27T19:01:14.567Z,sell,1.85e-06,500.0,0.000925
DLT/BTC,1611774074689,2021-01-27T19:01:14.689Z,buy,1.86e-06,159.0,0.00029574
DLT/BTC,1611774074731,2021-01-27T19:01:14.731Z,buy,1.86e-06,667.0,0.00124062
DLT/BTC,1611774074815,2021-01-27T19:01:14.815Z,sell,1.85e-06,770.0,0.0014245
DLT/BTC,1611774075035,2021-01-27T19:01:15.035Z,buy,1.86e-06,7002.0,0.013023719999999999
DLT/BTC,1611774075149,2021-01-27T19:01:15.149Z,sell,1.85e-06,500.0,0.000925
DLT/BTC,1611774075248,2021-01-27T19:01:15.248Z,sell,1.85e-06,220.0,0.000407
DLT/BTC,1611774075434,2021-01-27T19:01:15.434Z,buy,1.86e-06,965.0,0.0017948999999999999
DLT/BTC,1611774075497,2021-01-27T19:01:15.497Z,buy,1.86e-06,106.0,0.00019716
DLT/BTC,1611774075624,2021-01-27T19:01:15.624Z,buy,1.86e-06,563.0,0.00104718
DLT/BTC,1611774075783,2021-01-27T19:01:15.783Z,buy,1.86e-06,7152.0,0.01330272
DLT/BTC,1611774075879,2021-01-27T19:01:15.879Z,sell,1.85e-06,1171.0,0.00216635
DLT/BTC,1611774076378,2021-01-27T19:01:16.378Z,buy,1.86e-06,6132.0,0.01140552
DLT/BTC,1611774076390,2021-01-27T19:01:16.390Z,buy,1.86e-06,862.0,0.0016033199999999999
DLT/BTC,1611774076986,2021-01-27T19:01:16.986Z,sell,1.85e-06,16744.0,0.0309764
DLT/BTC,1611774077025,2021-01-27T19:01:17.025Z,buy,1.85e-06,19446.0,0.0359751
DLT/BTC,1611774077025,2021-01-27T19:01:17.025Z,buy,1.86e-06,20504.0,0.03813744
DLT/BTC,1611774077025,2021-01-27T19:01:17.025Z,buy,1.87e-06,11490.0,0.0214863
DLT/BTC,1611774077025,2021-01-27T19:01:17.025Z,buy,1.88e-06,64881.0,0.12197628
DLT/BTC,1611774077072,2021-01-27T19:01:17.072Z,buy,1.87e-06,169.0,0.00031603
DLT/BTC,1611774077074,2021-01-27T19:01:17.074Z,buy,1.87e-06,1316.0,0.00246092
DLT/BTC,1611774077496,2021-01-27T19:01:17.496Z,buy,1.88e-06,2566.0,0.00482408
DLT/BTC,1611774077546,2021-01-27T19:01:17.546Z,sell,1.86e-06,7283.0,0.01354638
DLT/BTC,1611774077546,2021-01-27T19:01:17.546Z,sell,1.85e-06,50599.0,0.09360815
DLT/BTC,1611774077834,2021-01-27T19:01:17.834Z,buy,1.85e-06,14968.0,0.0276908
DLT/BTC,1611774077834,2021-01-27T19:01:17.834Z,buy,1.87e-06,2599.0,0.00486013
DLT/BTC,1611774077834,2021-01-27T19:01:17.834Z,buy,1.88e-06,1158.0,0.00217704
DLT/BTC,1611774077874,2021-01-27T19:01:17.874Z,buy,1.87e-06,4911.0,0.00918357
DLT/BTC,1611774078222,2021-01-27T19:01:18.222Z,buy,1.88e-06,2234.0,0.00419992
DLT/BTC,1611774078422,2021-01-27T19:01:18.422Z,buy,1.87e-06,3624.0,0.006776880000000001
DLT/BTC,1611774078468,2021-01-27T19:01:18.468Z,sell,1.86e-06,2109.0,0.00392274
DLT/BTC,1611774078825,2021-01-27T19:01:18.825Z,buy,1.88e-06,6045.0,0.0113646
DLT/BTC,1611774078979,2021-01-27T19:01:18.979Z,buy,1.87e-06,3843.0,0.007186410000000001
DLT/BTC,1611774079125,2021-01-27T19:01:19.125Z,buy,1.88e-06,1115.0,0.0020962
DLT/BTC,1611774079969,2021-01-27T19:01:19.969Z,buy,1.87e-06,220.0,0.0004114
DLT/BTC,1611774079969,2021-01-27T19:01:19.969Z,buy,1.88e-06,38489.0,0.07235932
DLT/BTC,1611774079998,2021-01-27T19:01:19.998Z,buy,1.87e-06,3893.0,0.0072799100000000005
DLT/BTC,1611774080566,2021-01-27T19:01:20.566Z,buy,1.87e-06,3188.0,0.00596156
DLT/BTC,1611774080961,2021-01-27T19:01:20.961Z,buy,1.88e-06,36538.0,0.06869144
DLT/BTC,1611774081127,2021-01-27T19:01:21.127Z,buy,1.87e-06,1938.0,0.00362406
DLT/BTC,1611774081198,2021-01-27T19:01:21.198Z,buy,1.88e-06,6031.0,0.01133828
DLT/BTC,1611774081207,2021-01-27T19:01:21.207Z,buy,1.88e-06,1194.0,0.00224472
DLT/BTC,1611774081212,2021-01-27T19:01:21.212Z,buy,1.88e-06,3982.0,0.00748616
DLT/BTC,1611774081886,2021-01-27T19:01:21.886Z,sell,1.87e-06,4986.0,0.00932382
DLT/BTC,1611774082699,2021-01-27T19:01:22.699Z,sell,1.87e-06,435.0,0.0008134500000000001
DLT/BTC,1611774084905,2021-01-27T19:01:24.905Z,sell,1.87e-06,1752.0,0.00327624
DLT/BTC,1611774084905,2021-01-27T19:01:24.905Z,sell,1.86e-06,3062.0,0.00569532
DLT/BTC,1611774084961,2021-01-27T19:01:24.961Z,buy,1.87e-06,1357.0,0.00253759
DLT/BTC,1611774085162,2021-01-27T19:01:25.162Z,buy,1.88e-06,45302.0,0.08516776
DLT/BTC,1611774085331,2021-01-27T19:01:25.331Z,sell,1.87e-06,4189.0,0.00783343
DLT/BTC,1611774085351,2021-01-27T19:01:25.351Z,buy,1.88e-06,208.0,0.00039104
DLT/BTC,1611774085537,2021-01-27T19:01:25.537Z,buy,1.88e-06,1041.0,0.00195708
DLT/BTC,1611774086178,2021-01-27T19:01:26.178Z,sell,1.87e-06,1699.0,0.0031771300000000002
DLT/BTC,1611774086375,2021-01-27T19:01:26.375Z,buy,1.88e-06,830.0,0.0015604
DLT/BTC,1611774086505,2021-01-27T19:01:26.505Z,buy,1.88e-06,15957.0,0.02999916
DLT/BTC,1611774086665,2021-01-27T19:01:26.665Z,buy,1.88e-06,1359.0,0.00255492
DLT/BTC,1611774086997,2021-01-27T19:01:26.997Z,buy,1.88e-06,3584.0,0.00673792
DLT/BTC,1611774087178,2021-01-27T19:01:27.178Z,buy,1.88e-06,732.0,0.00137616
DLT/BTC,1611774087330,2021-01-27T19:01:27.330Z,buy,1.88e-06,531.0,0.00099828
DLT/BTC,1611774087363,2021-01-27T19:01:27.363Z,buy,1.88e-06,2478.0,0.00465864
DLT/BTC,1611774087398,2021-01-27T19:01:27.398Z,sell,1.87e-06,551.0,0.00103037
DLT/BTC,1611774087457,2021-01-27T19:01:27.457Z,buy,1.88e-06,1104.0,0.00207552
DLT/BTC,1611774087524,2021-01-27T19:01:27.524Z,sell,1.87e-06,634.0,0.00118558
DLT/BTC,1611774087664,2021-01-27T19:01:27.664Z,sell,1.87e-06,10057.0,0.01880659
DLT/BTC,1611774087664,2021-01-27T19:01:27.664Z,sell,1.87e-06,10057.0,0.01880659
DLT/BTC,1611774087911,2021-01-27T19:01:27.911Z,buy,1.88e-06,1000.0,0.00188
DLT/BTC,1611774088673,2021-01-27T19:01:28.673Z,buy,1.88e-06,447.0,0.00084036
DLT/BTC,1611774088914,2021-01-27T19:01:28.914Z,buy,1.88e-06,1000.0,0.00188
DLT/BTC,1611774089686,2021-01-27T19:01:29.686Z,buy,1.88e-06,8085.0,0.0151998
DLT/BTC,1611774089720,2021-01-27T19:01:29.720Z,sell,1.87e-06,1890.0,0.0035343
DLT/BTC,1611774089925,2021-01-27T19:01:29.925Z,buy,1.88e-06,1000.0,0.00188
DLT/BTC,1611774089929,2021-01-27T19:01:29.929Z,buy,1.88e-06,21491.0,0.04040308
DLT/BTC,1611774090565,2021-01-27T19:01:30.565Z,buy,1.88e-06,1157.0,0.00217516
DLT/BTC,1611774090606,2021-01-27T19:01:30.606Z,buy,1.88e-06,2366.0,0.00444808
DLT/BTC,1611774090833,2021-01-27T19:01:30.833Z,buy,1.88e-06,4019.0,0.00755572
DLT/BTC,1611774090934,2021-01-27T19:01:30.934Z,buy,1.88e-06,1000.0,0.00188
DLT/BTC,1611774091165,2021-01-27T19:01:31.165Z,sell,1.87e-06,599.0,0.00112013
DLT/BTC,1611774091165,2021-01-27T19:01:31.165Z,sell,1.86e-06,15407.0,0.02865702
DLT/BTC,1611774091562,2021-01-27T19:01:31.562Z,buy,1.88e-06,1802.0,0.00338776
DLT/BTC,1611774091626,2021-01-27T19:01:31.626Z,buy,1.88e-06,1505.0,0.0028294
DLT/BTC,1611774091626,2021-01-27T19:01:31.626Z,buy,1.89e-06,4706.0,0.008894339999999999
DLT/BTC,1611774091672,2021-01-27T19:01:31.672Z,sell,1.88e-06,1189.0,0.00223532
DLT/BTC,1611774091752,2021-01-27T19:01:31.752Z,sell,1.88e-06,3541.0,0.00665708
DLT/BTC,1611774091951,2021-01-27T19:01:31.951Z,sell,1.88e-06,1000.0,0.00188
DLT/BTC,1611774092394,2021-01-27T19:01:32.394Z,buy,1.89e-06,330.0,0.0006236999999999999
DLT/BTC,1611774092403,2021-01-27T19:01:32.403Z,buy,1.89e-06,3550.0,0.006709499999999999
DLT/BTC,1611774092434,2021-01-27T19:01:32.434Z,sell,1.88e-06,1000.0,0.00188
DLT/BTC,1611774092605,2021-01-27T19:01:32.605Z,sell,1.88e-06,347.0,0.00065236
DLT/BTC,1611774092804,2021-01-27T19:01:32.804Z,sell,1.88e-06,1000.0,0.00188
DLT/BTC,1611774092868,2021-01-27T19:01:32.868Z,sell,1.88e-06,12373.0,0.02326124
DLT/BTC,1611774092911,2021-01-27T19:01:32.911Z,sell,1.88e-06,220.0,0.0004136
DLT/BTC,1611774092931,2021-01-27T19:01:32.931Z,sell,1.88e-06,1000.0,0.00188
DLT/BTC,1611774093087,2021-01-27T19:01:33.087Z,buy,1.89e-06,611.0,0.00115479
DLT/BTC,1611774093171,2021-01-27T19:01:33.171Z,buy,1.89e-06,191.0,0.00036099
DLT/BTC,1611774093228,2021-01-27T19:01:33.228Z,buy,1.89e-06,544.0,0.00102816
DLT/BTC,1611774093338,2021-01-27T19:01:33.338Z,buy,1.89e-06,121.0,0.00022868999999999998
DLT/BTC,1611774093422,2021-01-27T19:01:33.422Z,sell,1.88e-06,1000.0,0.00188
DLT/BTC,1611774093555,2021-01-27T19:01:33.555Z,sell,1.88e-06,3513.0,0.00660444
DLT/BTC,1611774093915,2021-01-27T19:01:33.915Z,sell,1.88e-06,1000.0,0.00188
DLT/BTC,1611774093959,2021-01-27T19:01:33.959Z,buy,1.89e-06,1220.0,0.0023057999999999998
DLT/BTC,1611774094005,2021-01-27T19:01:34.005Z,buy,1.89e-06,351.0,0.0006633899999999999
DLT/BTC,1611774094252,2021-01-27T19:01:34.252Z,buy,1.89e-06,1059.0,0.0020015099999999997
DLT/BTC,1611774094264,2021-01-27T19:01:34.264Z,buy,1.89e-06,4738.0,0.008954819999999999
DLT/BTC,1611774094304,2021-01-27T19:01:34.304Z,sell,1.88e-06,1036.0,0.00194768
DLT/BTC,1611774094411,2021-01-27T19:01:34.411Z,sell,1.88e-06,1000.0,0.00188
DLT/BTC,1611774094899,2021-01-27T19:01:34.899Z,sell,1.88e-06,1000.0,0.00188
DLT/BTC,1611774095277,2021-01-27T19:01:35.277Z,buy,1.89e-06,2882.0,0.00544698
DLT/BTC,1611774095388,2021-01-27T19:01:35.388Z,sell,1.88e-06,1000.0,0.00188
DLT/BTC,1611774095663,2021-01-27T19:01:35.663Z,buy,1.89e-06,883.0,0.0016688699999999998
DLT/BTC,1611774095813,2021-01-27T19:01:35.813Z,sell,1.88e-06,28723.0,0.05399924
DLT/BTC,1611774095813,2021-01-27T19:01:35.813Z,sell,1.87e-06,16785.0,0.031387950000000005
DLT/BTC,1611774095813,2021-01-27T19:01:35.813Z,sell,1.86e-06,3584.0,0.00666624
DLT/BTC,1611774095881,2021-01-27T19:01:35.881Z,sell,1.85e-06,1000.0,0.00185
DLT/BTC,1611774095889,2021-01-27T19:01:35.889Z,buy,1.86e-06,2752.0,0.00511872
DLT/BTC,1611774096717,2021-01-27T19:01:36.717Z,buy,1.86e-06,746.0,0.00138756
DLT/BTC,1611774097238,2021-01-27T19:01:37.238Z,buy,1.86e-06,765.0,0.0014229
DLT/BTC,1611774097288,2021-01-27T19:01:37.288Z,buy,1.86e-06,3005.0,0.0055893
DLT/BTC,1611774097623,2021-01-27T19:01:37.623Z,buy,1.86e-06,130.0,0.0002418
DLT/BTC,1611774097734,2021-01-27T19:01:37.734Z,buy,1.86e-06,116.0,0.00021576
DLT/BTC,1611774097818,2021-01-27T19:01:37.818Z,sell,1.85e-06,2396.0,0.0044326
DLT/BTC,1611774097847,2021-01-27T19:01:37.847Z,sell,1.85e-06,4569.0,0.00845265
DLT/BTC,1611774097888,2021-01-27T19:01:37.888Z,buy,1.86e-06,7496.0,0.01394256
DLT/BTC,1611774098781,2021-01-27T19:01:38.781Z,sell,1.85e-06,8758.0,0.0162023
DLT/BTC,1611774098781,2021-01-27T19:01:38.781Z,sell,1.84e-06,12220.0,0.0224848
DLT/BTC,1611774098824,2021-01-27T19:01:38.824Z,buy,1.86e-06,80.0,0.00014879999999999998
DLT/BTC,1611774098919,2021-01-27T19:01:38.919Z,buy,1.86e-06,408.0,0.00075888
DLT/BTC,1611774099036,2021-01-27T19:01:39.036Z,sell,1.84e-06,475.0,0.000874
DLT/BTC,1611774099132,2021-01-27T19:01:39.132Z,sell,1.84e-06,182.0,0.00033488
DLT/BTC,1611774099337,2021-01-27T19:01:39.337Z,buy,1.86e-06,464.0,0.00086304
DLT/BTC,1611774099627,2021-01-27T19:01:39.627Z,sell,1.84e-06,112.0,0.00020608
DLT/BTC,1611774099960,2021-01-27T19:01:39.960Z,buy,1.86e-06,10042.0,0.01867812
DLT/BTC,1611774100569,2021-01-27T19:01:40.569Z,sell,1.84e-06,1351.0,0.00248584
DLT/BTC,1611774100767,2021-01-27T19:01:40.767Z,sell,1.83e-06,400.0,0.000732
DLT/BTC,1611774100792,2021-01-27T19:01:40.792Z,buy,1.85e-06,353.0,0.0006530500000000001
DLT/BTC,1611774100826,2021-01-27T19:01:40.826Z,buy,1.85e-06,907.0,0.00167795
DLT/BTC,1611774101278,2021-01-27T19:01:41.278Z,sell,1.83e-06,398.0,0.0007283400000000001
DLT/BTC,1611774101382,2021-01-27T19:01:41.382Z,buy,1.85e-06,1447.0,0.00267695
DLT/BTC,1611774101478,2021-01-27T19:01:41.478Z,buy,1.84e-06,278.0,0.00051152
DLT/BTC,1611774101672,2021-01-27T19:01:41.672Z,buy,1.84e-06,541.0,0.00099544
DLT/BTC,1611774101828,2021-01-27T19:01:41.828Z,buy,1.84e-06,1122.0,0.00206448
DLT/BTC,1611774102269,2021-01-27T19:01:42.269Z,buy,1.84e-06,54.0,9.936e-05
DLT/BTC,1611774102837,2021-01-27T19:01:42.837Z,buy,1.84e-06,1123.0,0.00206632
DLT/BTC,1611774103088,2021-01-27T19:01:43.088Z,buy,1.84e-06,153.0,0.00028152
DLT/BTC,1611774103186,2021-01-27T19:01:43.186Z,buy,1.84e-06,361.0,0.00066424
DLT/BTC,1611774103328,2021-01-27T19:01:43.328Z,buy,1.84e-06,500.0,0.00092
DLT/BTC,1611774103500,2021-01-27T19:01:43.500Z,buy,1.84e-06,16968.0,0.031221119999999998
DLT/BTC,1611774103526,2021-01-27T19:01:43.526Z,buy,1.84e-06,1060.0,0.0019504
DLT/BTC,1611774103738,2021-01-27T19:01:43.738Z,buy,1.84e-06,204.0,0.00037536
DLT/BTC,1611774103746,2021-01-27T19:01:43.746Z,buy,1.84e-06,1286.0,0.00236624
DLT/BTC,1611774103775,2021-01-27T19:01:43.775Z,buy,1.84e-06,57520.0,0.1058368
DLT/BTC,1611774103843,2021-01-27T19:01:43.843Z,buy,1.84e-06,153.0,0.00028152
DLT/BTC,1611774103853,2021-01-27T19:01:43.853Z,buy,1.84e-06,1119.0,0.00205896
DLT/BTC,1611774103956,2021-01-27T19:01:43.956Z,sell,1.83e-06,4459.0,0.00815997
DLT/BTC,1611774104117,2021-01-27T19:01:44.117Z,sell,1.83e-06,3690.0,0.0067527
DLT/BTC,1611774104128,2021-01-27T19:01:44.128Z,sell,1.83e-06,1301.0,0.00238083
DLT/BTC,1611774104690,2021-01-27T19:01:44.690Z,sell,1.83e-06,892.0,0.00163236
DLT/BTC,1611774104850,2021-01-27T19:01:44.850Z,buy,1.84e-06,1113.0,0.00204792
DLT/BTC,1611774104988,2021-01-27T19:01:44.988Z,buy,1.84e-06,362.0,0.00066608
DLT/BTC,1611774105104,2021-01-27T19:01:45.104Z,sell,1.83e-06,880.0,0.0016104000000000001
DLT/BTC,1611774105746,2021-01-27T19:01:45.746Z,sell,1.83e-06,1881.0,0.00344223
DLT/BTC,1611774106061,2021-01-27T19:01:46.061Z,sell,1.83e-06,1289.0,0.00235887
DLT/BTC,1611774106212,2021-01-27T19:01:46.212Z,buy,1.84e-06,3763.0,0.00692392
DLT/BTC,1611774106707,2021-01-27T19:01:46.707Z,buy,1.84e-06,8155.0,0.0150052
DLT/BTC,1611774106826,2021-01-27T19:01:46.826Z,sell,1.83e-06,2000.0,0.00366
DLT/BTC,1611774107535,2021-01-27T19:01:47.535Z,buy,1.84e-06,1475.0,0.002714
DLT/BTC,1611774107603,2021-01-27T19:01:47.603Z,sell,1.83e-06,206.0,0.00037698
DLT/BTC,1611774107885,2021-01-27T19:01:47.885Z,buy,1.84e-06,442.0,0.00081328
DLT/BTC,1611774108426,2021-01-27T19:01:48.426Z,sell,1.83e-06,121.0,0.00022143
DLT/BTC,1611774108560,2021-01-27T19:01:48.560Z,sell,1.83e-06,207.0,0.00037881
DLT/BTC,1611774109446,2021-01-27T19:01:49.446Z,sell,1.83e-06,206.0,0.00037698
DLT/BTC,1611774109871,2021-01-27T19:01:49.871Z,sell,1.83e-06,1145.0,0.00209535
DLT/BTC,1611774109871,2021-01-27T19:01:49.871Z,sell,1.82e-06,1234.0,0.00224588
DLT/BTC,1611774110302,2021-01-27T19:01:50.302Z,sell,1.82e-06,356.0,0.00064792
DLT/BTC,1611774110511,2021-01-27T19:01:50.511Z,buy,1.84e-06,463.0,0.0008519199999999999
DLT/BTC,1611774111086,2021-01-27T19:01:51.086Z,buy,1.84e-06,123111.0,0.22652424
DLT/BTC,1611774111086,2021-01-27T19:01:51.086Z,buy,1.85e-06,15378.0,0.0284493
DLT/BTC,1611774111086,2021-01-27T19:01:51.086Z,buy,1.86e-06,66622.0,0.12391692
DLT/BTC,1611774111577,2021-01-27T19:01:51.577Z,sell,1.84e-06,1941.0,0.00357144
DLT/BTC,1611774111577,2021-01-27T19:01:51.577Z,sell,1.83e-06,7465.0,0.01366095
DLT/BTC,1611774112050,2021-01-27T19:01:52.050Z,buy,1.86e-06,1837.0,0.00341682
DLT/BTC,1611774112306,2021-01-27T19:01:52.306Z,buy,1.87e-06,907.0,0.0016960900000000001
DLT/BTC,1611774112442,2021-01-27T19:01:52.442Z,buy,1.88e-06,263.0,0.00049444
DLT/BTC,1611774113197,2021-01-27T19:01:53.197Z,buy,1.87e-06,156.0,0.00029172000000000003
DLT/BTC,1611774113197,2021-01-27T19:01:53.197Z,buy,1.88e-06,4397.0,0.00826636
DLT/BTC,1611774113270,2021-01-27T19:01:53.270Z,buy,1.89e-06,68.0,0.00012852
DLT/BTC,1611774114000,2021-01-27T19:01:54.000Z,buy,1.89e-06,95.0,0.00017955
DLT/BTC,1611774114002,2021-01-27T19:01:54.002Z,buy,1.89e-06,1987.0,0.0037554299999999997
DLT/BTC,1611774114656,2021-01-27T19:01:54.656Z,buy,1.89e-06,265.0,0.00050085
DLT/BTC,1611774115476,2021-01-27T19:01:55.476Z,buy,1.89e-06,1875.0,0.00354375
DLT/BTC,1611774115816,2021-01-27T19:01:55.816Z,sell,1.87e-06,220.0,0.0004114
DLT/BTC,1611774115816,2021-01-27T19:01:55.816Z,sell,1.86e-06,17604.0,0.03274344
DLT/BTC,1611774115816,2021-01-27T19:01:55.816Z,sell,1.85e-06,771.0,0.00142635
DLT/BTC,1611774115816,2021-01-27T19:01:55.816Z,sell,1.84e-06,1912.0,0.00351808
DLT/BTC,1611774116362,2021-01-27T19:01:56.362Z,sell,1.85e-06,7572.0,0.0140082
DLT/BTC,1611774116362,2021-01-27T19:01:56.362Z,sell,1.84e-06,11134.0,0.02048656
DLT/BTC,1611774117952,2021-01-27T19:01:57.952Z,sell,1.86e-06,500.0,0.0009299999999999999
DLT/BTC,1611774118082,2021-01-27T19:01:58.082Z,buy,1.88e-06,361.0,0.00067868
DLT/BTC,1611774118716,2021-01-27T19:01:58.716Z,buy,1.87e-06,938.0,0.00175406
DLT/BTC,1611774118879,2021-01-27T19:01:58.879Z,buy,1.87e-06,524.0,0.00097988
DLT/BTC,1611774118879,2021-01-27T19:01:58.879Z,buy,1.88e-06,2680.0,0.0050384
DLT/BTC,1611774119014,2021-01-27T19:01:59.014Z,sell,1.86e-06,535.0,0.0009951
DLT/BTC,1611774119046,2021-01-27T19:01:59.046Z,buy,1.88e-06,2719.0,0.00511172
DLT/BTC,1611774119117,2021-01-27T19:01:59.117Z,sell,1.86e-06,220.0,0.00040919999999999997
DLT/BTC,1611774119429,2021-01-27T19:01:59.429Z,sell,1.86e-06,312.0,0.00058032
DLT/BTC,1611774119683,2021-01-27T19:01:59.683Z,buy,1.88e-06,455.0,0.0008554
DLT/BTC,1611774120511,2021-01-27T19:02:00.511Z,buy,1.88e-06,577.0,0.00108476
DLT/BTC,1611774120923,2021-01-27T19:02:00.923Z,buy,1.86e-06,67.0,0.00012462
DLT/BTC,1611774120923,2021-01-27T19:02:00.923Z,buy,1.88e-06,1263.0,0.00237444
DLT/BTC,1611774121495,2021-01-27T19:02:01.495Z,buy,1.88e-06,436.0,0.00081968
DLT/BTC,1611774121617,2021-01-27T19:02:01.617Z,sell,1.87e-06,633.0,0.0011837100000000001
DLT/BTC,1611774121617,2021-01-27T19:02:01.617Z,sell,1.85e-06,1991.0,0.00368335
DLT/BTC,1611774121617,2021-01-27T19:02:01.617Z,sell,1.84e-06,4202.0,0.0077316799999999995
DLT/BTC,1611774121821,2021-01-27T19:02:01.821Z,buy,1.87e-06,150.0,0.0002805
DLT/BTC,1611774121862,2021-01-27T19:02:01.862Z,buy,1.87e-06,1841.0,0.00344267
DLT/BTC,1611774121862,2021-01-27T19:02:01.862Z,buy,1.88e-06,154.0,0.00028952
DLT/BTC,1611774121902,2021-01-27T19:02:01.902Z,buy,1.88e-06,403.0,0.00075764
DLT/BTC,1611774122047,2021-01-27T19:02:02.047Z,buy,1.88e-06,1245.0,0.0023406
DLT/BTC,1611774122270,2021-01-27T19:02:02.270Z,sell,1.85e-06,903.0,0.00167055
DLT/BTC,1611774122701,2021-01-27T19:02:02.701Z,buy,1.86e-06,500.0,0.0009299999999999999
DLT/BTC,1611774122701,2021-01-27T19:02:02.701Z,buy,1.87e-06,10048.0,0.018789760000000003
DLT/BTC,1611774122706,2021-01-27T19:02:02.706Z,buy,1.87e-06,245.0,0.00045815000000000005
DLT/BTC,1611774123316,2021-01-27T19:02:03.316Z,buy,1.88e-06,476.0,0.00089488
DLT/BTC,1611774123756,2021-01-27T19:02:03.756Z,buy,1.88e-06,20619.0,0.03876372
DLT/BTC,1611774124610,2021-01-27T19:02:04.610Z,sell,1.86e-06,1119.0,0.00208134
DLT/BTC,1611774125111,2021-01-27T19:02:05.111Z,sell,1.86e-06,1113.0,0.00207018
DLT/BTC,1611774125187,2021-01-27T19:02:05.187Z,buy,1.87e-06,544.0,0.00101728
DLT/BTC,1611774125601,2021-01-27T19:02:05.601Z,sell,1.86e-06,1103.0,0.00205158
DLT/BTC,1611774125660,2021-01-27T19:02:05.660Z,sell,1.86e-06,207.0,0.00038501999999999997
DLT/BTC,1611774125801,2021-01-27T19:02:05.801Z,sell,1.86e-06,4473.0,0.00831978
DLT/BTC,1611774125801,2021-01-27T19:02:05.801Z,sell,1.85e-06,420.0,0.000777
DLT/BTC,1611774125874,2021-01-27T19:02:05.874Z,buy,1.87e-06,238.0,0.00044506
DLT/BTC,1611774125874,2021-01-27T19:02:05.874Z,buy,1.87e-06,341.0,0.00063767
DLT/BTC,1611774125874,2021-01-27T19:02:05.874Z,buy,1.88e-06,6277.0,0.01180076
DLT/BTC,1611774126130,2021-01-27T19:02:06.130Z,sell,1.86e-06,2000.0,0.0037199999999999998
DLT/BTC,1611774126309,2021-01-27T19:02:06.309Z,sell,1.86e-06,207.0,0.00038501999999999997
DLT/BTC,1611774127077,2021-01-27T19:02:07.077Z,buy,1.87e-06,109.0,0.00020383
DLT/BTC,1611774127090,2021-01-27T19:02:07.090Z,sell,1.86e-06,207.0,0.00038501999999999997
DLT/BTC,1611774127391,2021-01-27T19:02:07.391Z,sell,1.86e-06,201.0,0.00037386
DLT/BTC,1611774128167,2021-01-27T19:02:08.167Z,buy,1.87e-06,36734.0,0.06869258
DLT/BTC,1611774128546,2021-01-27T19:02:08.546Z,sell,1.86e-06,312.0,0.00058032
DLT/BTC,1611774129103,2021-01-27T19:02:09.103Z,sell,1.85e-06,165.0,0.00030525
DLT/BTC,1611774130136,2021-01-27T19:02:10.136Z,sell,1.85e-06,725.0,0.00134125
DLT/BTC,1611774130215,2021-01-27T19:02:10.215Z,buy,1.86e-06,621.0,0.00115506
DLT/BTC,1611774130215,2021-01-27T19:02:10.215Z,buy,1.87e-06,3782.0,0.007072340000000001
DLT/BTC,1611774130243,2021-01-27T19:02:10.243Z,buy,1.87e-06,10381.0,0.01941247
DLT/BTC,1611774130243,2021-01-27T19:02:10.243Z,buy,1.88e-06,8004.0,0.01504752
DLT/BTC,1611774130261,2021-01-27T19:02:10.261Z,buy,1.86e-06,4319.0,0.00803334
DLT/BTC,1611774130826,2021-01-27T19:02:10.826Z,buy,1.87e-06,805.0,0.0015053500000000001
DLT/BTC,1611774131376,2021-01-27T19:02:11.376Z,buy,1.87e-06,3923.0,0.0073360100000000004
DLT/BTC,1611774131426,2021-01-27T19:02:11.426Z,buy,1.88e-06,500.0,0.00094
DLT/BTC,1611774131426,2021-01-27T19:02:11.426Z,buy,1.89e-06,4850.0,0.0091665
DLT/BTC,1611774131478,2021-01-27T19:02:11.478Z,sell,1.86e-06,1000.0,0.0018599999999999999
DLT/BTC,1611774131654,2021-01-27T19:02:11.654Z,sell,1.86e-06,901.0,0.00167586
DLT/BTC,1611774131929,2021-01-27T19:02:11.929Z,buy,1.87e-06,1476.0,0.00276012
DLT/BTC,1611774132488,2021-01-27T19:02:12.488Z,buy,1.87e-06,4635.0,0.00866745
DLT/BTC,1611774133045,2021-01-27T19:02:13.045Z,buy,1.87e-06,501.0,0.00093687
DLT/BTC,1611774134598,2021-01-27T19:02:14.598Z,buy,1.88e-06,1901.0,0.00357388
DLT/BTC,1611774134598,2021-01-27T19:02:14.598Z,buy,1.89e-06,99.0,0.00018711
DLT/BTC,1611774134639,2021-01-27T19:02:14.639Z,buy,1.88e-06,829.0,0.00155852
DLT/BTC,1611774135999,2021-01-27T19:02:15.999Z,sell,1.87e-06,220.0,0.0004114
DLT/BTC,1611774136063,2021-01-27T19:02:16.063Z,buy,1.87e-06,12585.0,0.02353395
DLT/BTC,1611774136063,2021-01-27T19:02:16.063Z,buy,1.88e-06,17415.0,0.0327402
DLT/BTC,1611774136105,2021-01-27T19:02:16.105Z,buy,1.87e-06,1888.0,0.0035305600000000003
DLT/BTC,1611774136183,2021-01-27T19:02:16.183Z,sell,1.86e-06,1301.0,0.00241986
DLT/BTC,1611774136658,2021-01-27T19:02:16.658Z,buy,1.87e-06,5971.0,0.01116577
