symbol,timestamp,datetime,side,price,amount,btc_volume
DLT/BTC,1621011617820,2021-05-14T17:00:17.820Z,buy,3.43e-06,304.0,0.00104272
DLT/BTC,1621011725004,2021-05-14T17:02:05.004Z,buy,3.43e-06,498.0,0.0017081400000000001
DLT/BTC,1621011856086,2021-05-14T17:04:16.086Z,buy,3.44e-06,47.0,0.00016168
DLT/BTC,1621011861305,2021-05-14T17:04:21.305Z,buy,3.44e-06,31.0,0.00010664000000000001
DLT/BTC,1621011947714,2021-05-14T17:05:47.714Z,sell,3.43e-06,146.0,0.00050078
DLT/BTC,1621011947714,2021-05-14T17:05:47.714Z,sell,3.42e-06,4961.0,0.016966619999999998
DLT/BTC,1621011947714,2021-05-14T17:05:47.714Z,sell,3.41e-06,2999.0,0.01022659
DLT/BTC,1621012051390,2021-05-14T17:07:31.390Z,buy,3.43e-06,81.0,0.00027783
DLT/BTC,1621012181635,2021-05-14T17:09:41.635Z,buy,3.44e-06,35.0,0.0001204
DLT/BTC,1621012312271,2021-05-14T17:11:52.271Z,sell,3.43e-06,794.0,0.0027234200000000003
DLT/BTC,1621012454134,2021-05-14T17:14:14.134Z,sell,3.43e-06,1142.0,0.00391706
DLT/BTC,1621013065680,2021-05-14T17:24:25.680Z,buy,3.44e-06,239.0,0.0008221600000000001
DLT/BTC,1621013139008,2021-05-14T17:25:39.008Z,sell,3.43e-06,213.0,0.00073059
DLT/BTC,1621013231109,2021-05-14T17:27:11.109Z,buy,3.44e-06,2907.0,0.01000008
DLT/BTC,1621013253353,2021-05-14T17:27:33.353Z,sell,3.43e-06,1467.0,0.00503181
DLT/BTC,1621013253353,2021-05-14T17:27:33.353Z,sell,3.42e-06,326.0,0.00111492
DLT/BTC,1621013395522,2021-05-14T17:29:55.522Z,sell,3.42e-06,31.0,0.00010601999999999999
DLT/BTC,1621013402289,2021-05-14T17:30:02.289Z,buy,3.44e-06,29.0,9.976000000000001e-05
DLT/BTC,1621014195173,2021-05-14T17:43:15.173Z,buy,3.44e-06,808.0,0.00277952
DLT/BTC,1621014433405,2021-05-14T17:47:13.405Z,buy,3.44e-06,146.0,0.00050224
DLT/BTC,1621014480540,2021-05-14T17:48:00.540Z,buy,3.44e-06,40.0,0.0001376
DLT/BTC,1621014619948,2021-05-14T17:50:19.948Z,sell,3.43e-06,392.0,0.00134456
DLT/BTC,1621014638412,2021-05-14T17:50:38.412Z,sell,3.43e-06,794.0,0.0027234200000000003
DLT/BTC,1621014848526,2021-05-14T17:54:08.526Z,sell,3.42e-06,181.0,0.00061902
DLT/BTC,1621015033029,2021-05-14T17:57:13.029Z,buy,3.43e-06,81.0,0.00027783
DLT/BTC,1621015155813,2021-05-14T17:59:15.813Z,buy,3.44e-06,32.0,0.00011008
DLT/BTC,1621015155813,2021-05-14T17:59:15.813Z,buy,3.44e-06,32.0,0.00011008
DLT/BTC,1621015283843,2021-05-14T18:01:23.843Z,buy,3.44e-06,39.0,0.00013416
DLT/BTC,1621015283843,2021-05-14T18:01:23.843Z,buy,3.45e-06,1947.0,0.00671715
DLT/BTC,1621015338207,2021-05-14T18:02:18.207Z,buy,3.45e-06,2150.0,0.0074175
DLT/BTC,1621015341824,2021-05-14T18:02:21.824Z,buy,3.45e-06,38.0,0.0001311
DLT/BTC,1621015395918,2021-05-14T18:03:15.918Z,buy,3.45e-06,30.0,0.0001035
DLT/BTC,1621015421671,2021-05-14T18:03:41.671Z,sell,3.42e-06,38.0,0.00012995999999999998
DLT/BTC,1621015563390,2021-05-14T18:06:03.390Z,buy,3.45e-06,38.0,0.0001311
DLT/BTC,1621015586771,2021-05-14T18:06:26.771Z,buy,3.45e-06,16975.0,0.05856375
DLT/BTC,1621015586771,2021-05-14T18:06:26.771Z,buy,3.46e-06,3169.0,0.010964739999999999
DLT/BTC,1621015587644,2021-05-14T18:06:27.644Z,buy,3.44e-06,81.0,0.00027864000000000003
DLT/BTC,1621015588578,2021-05-14T18:06:28.578Z,buy,3.44e-06,150.0,0.000516
DLT/BTC,1621015590029,2021-05-14T18:06:30.029Z,buy,3.44e-06,32.0,0.00011008
DLT/BTC,1621015590710,2021-05-14T18:06:30.710Z,buy,3.44e-06,71.0,0.00024424
DLT/BTC,1621015808450,2021-05-14T18:10:08.450Z,buy,3.46e-06,579.0,0.00200334
DLT/BTC,1621015925314,2021-05-14T18:12:05.314Z,buy,3.46e-06,833.0,0.00288218
DLT/BTC,1621015935832,2021-05-14T18:12:15.832Z,sell,3.44e-06,126.0,0.00043344
DLT/BTC,1621016303077,2021-05-14T18:18:23.077Z,sell,3.45e-06,1081.0,0.00372945
DLT/BTC,1621016303077,2021-05-14T18:18:23.077Z,sell,3.44e-06,587.0,0.00201928
DLT/BTC,1621016305945,2021-05-14T18:18:25.945Z,buy,3.44e-06,36.0,0.00012384
DLT/BTC,1621016341144,2021-05-14T18:19:01.144Z,buy,3.44e-06,408.0,0.0014035200000000001
DLT/BTC,1621016355538,2021-05-14T18:19:15.538Z,sell,3.44e-06,1045.0,0.0035948
DLT/BTC,1621016355538,2021-05-14T18:19:15.538Z,sell,3.43e-06,942.0,0.00323106
DLT/BTC,1621016355538,2021-05-14T18:19:15.538Z,sell,3.42e-06,714.0,0.00244188
DLT/BTC,1621016355538,2021-05-14T18:19:15.538Z,sell,3.41e-06,6331.0,0.02158871
DLT/BTC,1621016373341,2021-05-14T18:19:33.341Z,sell,3.42e-06,833.0,0.00284886
DLT/BTC,1621016860379,2021-05-14T18:27:40.379Z,buy,3.43e-06,82.0,0.00028126000000000003
DLT/BTC,1621016860379,2021-05-14T18:27:40.379Z,buy,3.44e-06,331.0,0.00113864
DLT/BTC,1621016860379,2021-05-14T18:27:40.379Z,buy,3.45e-06,1575.0,0.00543375
DLT/BTC,1621016860379,2021-05-14T18:27:40.379Z,buy,3.46e-06,6386.0,0.02209556
DLT/BTC,1621016860379,2021-05-14T18:27:40.379Z,buy,3.47e-06,6066.0,0.021049019999999998
DLT/BTC,1621016862119,2021-05-14T18:27:42.119Z,buy,3.46e-06,82.0,0.00028372
DLT/BTC,1621016909983,2021-05-14T18:28:29.983Z,buy,3.47e-06,30.0,0.0001041
DLT/BTC,1621016947704,2021-05-14T18:29:07.704Z,buy,3.47e-06,31.0,0.00010756999999999999
DLT/BTC,1621017024436,2021-05-14T18:30:24.436Z,sell,3.47e-06,229.0,0.0007946299999999999
DLT/BTC,1621017024995,2021-05-14T18:30:24.995Z,sell,3.46e-06,145.0,0.0005017
DLT/BTC,1621017024995,2021-05-14T18:30:24.995Z,sell,3.45e-06,20.0,6.9e-05
DLT/BTC,1621017024996,2021-05-14T18:30:24.996Z,sell,3.45e-06,62.0,0.0002139
DLT/BTC,1621017024996,2021-05-14T18:30:24.996Z,sell,3.44e-06,241.0,0.0008290400000000001
DLT/BTC,1621017025009,2021-05-14T18:30:25.009Z,sell,3.44e-06,153.0,0.00052632
DLT/BTC,1621017025013,2021-05-14T18:30:25.013Z,sell,3.44e-06,186.0,0.00063984
DLT/BTC,1621017025077,2021-05-14T18:30:25.077Z,sell,3.44e-06,30.0,0.0001032
DLT/BTC,1621017314691,2021-05-14T18:35:14.691Z,sell,3.44e-06,398.0,0.0013691200000000001
DLT/BTC,1621017333187,2021-05-14T18:35:33.187Z,sell,3.44e-06,909.0,0.0031269600000000002
DLT/BTC,1621017333187,2021-05-14T18:35:33.187Z,sell,3.43e-06,7398.0,0.02537514
DLT/BTC,1621017333749,2021-05-14T18:35:33.749Z,sell,3.43e-06,91.0,0.00031213000000000004
DLT/BTC,1621017408556,2021-05-14T18:36:48.556Z,sell,3.43e-06,322.0,0.00110446
DLT/BTC,1621017408556,2021-05-14T18:36:48.556Z,sell,3.42e-06,3165.0,0.0108243
DLT/BTC,1621017429525,2021-05-14T18:37:09.525Z,buy,3.43e-06,82.0,0.00028126000000000003
DLT/BTC,1621017442633,2021-05-14T18:37:22.633Z,sell,3.43e-06,18.0,6.174e-05
DLT/BTC,1621017442633,2021-05-14T18:37:22.633Z,sell,3.42e-06,957.0,0.00327294
DLT/BTC,1621017442633,2021-05-14T18:37:22.633Z,sell,3.41e-06,148.0,0.00050468
DLT/BTC,1621017470138,2021-05-14T18:37:50.138Z,buy,3.43e-06,41.0,0.00014063000000000001
DLT/BTC,1621017471122,2021-05-14T18:37:51.122Z,buy,3.43e-06,41.0,0.00014063000000000001
DLT/BTC,1621017537964,2021-05-14T18:38:57.964Z,sell,3.43e-06,40.0,0.0001372
DLT/BTC,1621017552728,2021-05-14T18:39:12.728Z,sell,3.43e-06,40.0,0.0001372
DLT/BTC,1621017575908,2021-05-14T18:39:35.908Z,sell,3.43e-06,40.0,0.0001372
DLT/BTC,1621017755097,2021-05-14T18:42:35.097Z,buy,3.43e-06,572.0,0.00196196
DLT/BTC,1621018242991,2021-05-14T18:50:42.991Z,sell,3.43e-06,1259.0,0.00431837
DLT/BTC,1621018641887,2021-05-14T18:57:21.887Z,sell,3.43e-06,180.0,0.0006174
DLT/BTC,1621018641887,2021-05-14T18:57:21.887Z,sell,3.43e-06,180.0,0.0006174
DLT/BTC,1621018814472,2021-05-14T19:00:14.472Z,buy,3.44e-06,185.0,0.0006364
DLT/BTC,1621018851712,2021-05-14T19:00:51.712Z,buy,3.45e-06,725.0,0.00250125
DLT/BTC,1621018852073,2021-05-14T19:00:52.073Z,buy,3.45e-06,685.0,0.00236325
DLT/BTC,1621019404458,2021-05-14T19:10:04.458Z,buy,3.45e-06,2675.0,0.00922875
DLT/BTC,1621019448628,2021-05-14T19:10:48.628Z,sell,3.45e-06,34.0,0.0001173
DLT/BTC,1621019482093,2021-05-14T19:11:22.093Z,sell,3.45e-06,578.0,0.0019941
DLT/BTC,1621019531829,2021-05-14T19:12:11.829Z,sell,3.45e-06,130.0,0.0004485
DLT/BTC,1621019624608,2021-05-14T19:13:44.608Z,sell,3.45e-06,83.0,0.00028635
DLT/BTC,1621020100354,2021-05-14T19:21:40.354Z,sell,3.45e-06,126.0,0.0004347
DLT/BTC,1621020299564,2021-05-14T19:24:59.564Z,sell,3.45e-06,655.0,0.00225975
DLT/BTC,1621020427922,2021-05-14T19:27:07.922Z,sell,3.44e-06,235.0,0.0008084
DLT/BTC,1621020427922,2021-05-14T19:27:07.922Z,sell,3.43e-06,4876.0,0.016724680000000002
DLT/BTC,1621020560483,2021-05-14T19:29:20.483Z,buy,3.44e-06,82.0,0.00028208
DLT/BTC,1621020567928,2021-05-14T19:29:27.928Z,buy,3.45e-06,1159.0,0.00399855
DLT/BTC,1621020717573,2021-05-14T19:31:57.573Z,buy,3.46e-06,856.0,0.00296176
DLT/BTC,1621020754443,2021-05-14T19:32:34.443Z,sell,3.46e-06,280.0,0.0009688
DLT/BTC,1621020794265,2021-05-14T19:33:14.265Z,sell,3.46e-06,409.0,0.00141514
DLT/BTC,1621020811429,2021-05-14T19:33:31.429Z,buy,3.47e-06,974.0,0.0033797799999999998
DLT/BTC,1621020811429,2021-05-14T19:33:31.429Z,buy,3.48e-06,1640.0,0.0057072
DLT/BTC,1621020852290,2021-05-14T19:34:12.290Z,buy,3.48e-06,1959.0,0.00681732
DLT/BTC,1621020914054,2021-05-14T19:35:14.054Z,sell,3.46e-06,263.0,0.00090998
DLT/BTC,1621020963662,2021-05-14T19:36:03.662Z,buy,3.48e-06,2034.0,0.00707832
DLT/BTC,1621021001415,2021-05-14T19:36:41.415Z,buy,3.48e-06,30.0,0.0001044
DLT/BTC,1621021032790,2021-05-14T19:37:12.790Z,buy,3.48e-06,30.0,0.0001044
DLT/BTC,1621021110771,2021-05-14T19:38:30.771Z,buy,3.48e-06,255.0,0.0008874
DLT/BTC,1621021186340,2021-05-14T19:39:46.340Z,sell,3.46e-06,231.0,0.00079926
DLT/BTC,1621021250607,2021-05-14T19:40:50.607Z,sell,3.46e-06,66.0,0.00022836
DLT/BTC,1621021336120,2021-05-14T19:42:16.120Z,sell,3.46e-06,222.0,0.00076812
DLT/BTC,1621021445494,2021-05-14T19:44:05.494Z,buy,3.48e-06,287.0,0.00099876
DLT/BTC,1621021501446,2021-05-14T19:45:01.446Z,sell,3.46e-06,1917.0,0.00663282
DLT/BTC,1621021506518,2021-05-14T19:45:06.518Z,buy,3.48e-06,719.0,0.00250212
DLT/BTC,1621021632293,2021-05-14T19:47:12.293Z,buy,3.48e-06,43.0,0.00014964
DLT/BTC,1621021876977,2021-05-14T19:51:16.977Z,buy,3.47e-06,58.0,0.00020125999999999998
DLT/BTC,1621022007386,2021-05-14T19:53:27.386Z,sell,3.46e-06,45.0,0.0001557
DLT/BTC,1621022189640,2021-05-14T19:56:29.640Z,sell,3.46e-06,263.0,0.00090998
DLT/BTC,1621022189640,2021-05-14T19:56:29.640Z,sell,3.46e-06,263.0,0.00090998
DLT/BTC,1621022311342,2021-05-14T19:58:31.342Z,sell,3.46e-06,254.0,0.00087884
DLT/BTC,1621022545958,2021-05-14T20:02:25.958Z,buy,3.47e-06,103.0,0.00035740999999999995
DLT/BTC,1621022599309,2021-05-14T20:03:19.309Z,sell,3.46e-06,141.0,0.00048786
DLT/BTC,1621023258986,2021-05-14T20:14:18.986Z,buy,3.47e-06,82.0,0.00028454
DLT/BTC,1621023258986,2021-05-14T20:14:18.986Z,buy,3.48e-06,2111.0,0.00734628
DLT/BTC,1621023264307,2021-05-14T20:14:24.307Z,buy,3.48e-06,2169.0,0.00754812
DLT/BTC,1621023266511,2021-05-14T20:14:26.511Z,buy,3.48e-06,66.0,0.00022968
DLT/BTC,1621023281837,2021-05-14T20:14:41.837Z,sell,3.47e-06,82.0,0.00028454
DLT/BTC,1621023281837,2021-05-14T20:14:41.837Z,sell,3.46e-06,18.0,6.228e-05
DLT/BTC,1621023489667,2021-05-14T20:18:09.667Z,sell,3.46e-06,1053.0,0.00364338
DLT/BTC,1621023544070,2021-05-14T20:19:04.070Z,sell,3.46e-06,145.0,0.0005017
DLT/BTC,1621023637617,2021-05-14T20:20:37.617Z,buy,3.47e-06,56.0,0.00019432
DLT/BTC,1621023661443,2021-05-14T20:21:01.443Z,sell,3.45e-06,52.0,0.0001794
DLT/BTC,1621023692971,2021-05-14T20:21:32.971Z,sell,3.45e-06,1161.0,0.00400545
DLT/BTC,1621023702466,2021-05-14T20:21:42.466Z,sell,3.44e-06,118.0,0.00040592
DLT/BTC,1621023769591,2021-05-14T20:22:49.591Z,sell,3.44e-06,454.0,0.0015617600000000001
DLT/BTC,1621023876875,2021-05-14T20:24:36.875Z,sell,3.44e-06,3702.0,0.01273488
DLT/BTC,1621023938432,2021-05-14T20:25:38.432Z,buy,3.45e-06,953.0,0.00328785
DLT/BTC,1621023938432,2021-05-14T20:25:38.432Z,buy,3.46e-06,480.0,0.0016608
DLT/BTC,1621023938432,2021-05-14T20:25:38.432Z,buy,3.47e-06,539.0,0.00187033
DLT/BTC,1621023938432,2021-05-14T20:25:38.432Z,buy,3.48e-06,13910.0,0.0484068
DLT/BTC,1621023938432,2021-05-14T20:25:38.432Z,buy,3.49e-06,26976.0,0.09414624
DLT/BTC,1621023939737,2021-05-14T20:25:39.737Z,buy,3.47e-06,82.0,0.00028454
DLT/BTC,1621023941378,2021-05-14T20:25:41.378Z,buy,3.47e-06,30.0,0.0001041
DLT/BTC,1621023960363,2021-05-14T20:26:00.363Z,buy,3.47e-06,494.0,0.0017141799999999998
DLT/BTC,1621023969005,2021-05-14T20:26:09.005Z,sell,3.46e-06,382.0,0.00132172
DLT/BTC,1621023969005,2021-05-14T20:26:09.005Z,sell,3.45e-06,3851.0,0.01328595
DLT/BTC,1621023969005,2021-05-14T20:26:09.005Z,sell,3.44e-06,2101.0,0.00722744
DLT/BTC,1621023969005,2021-05-14T20:26:09.005Z,sell,3.43e-06,23078.0,0.07915754
DLT/BTC,1621023971627,2021-05-14T20:26:11.627Z,sell,3.45e-06,82.0,0.0002829
DLT/BTC,1621023972356,2021-05-14T20:26:12.356Z,sell,3.45e-06,82.0,0.0002829
DLT/BTC,1621023977353,2021-05-14T20:26:17.353Z,buy,3.46e-06,2207.0,0.00763622
DLT/BTC,1621023977353,2021-05-14T20:26:17.353Z,buy,3.47e-06,571.0,0.00198137
DLT/BTC,1621023977353,2021-05-14T20:26:17.353Z,buy,3.48e-06,23908.0,0.08319984
DLT/BTC,1621023977353,2021-05-14T20:26:17.353Z,buy,3.49e-06,1886.0,0.00658214
DLT/BTC,1621023983323,2021-05-14T20:26:23.323Z,sell,3.47e-06,82.0,0.00028454
DLT/BTC,1621023983323,2021-05-14T20:26:23.323Z,sell,3.46e-06,335.0,0.0011591
DLT/BTC,1621023983323,2021-05-14T20:26:23.323Z,sell,3.45e-06,956.0,0.0032982
DLT/BTC,1621023983323,2021-05-14T20:26:23.323Z,sell,3.44e-06,638.0,0.0021947200000000003
DLT/BTC,1621023983323,2021-05-14T20:26:23.323Z,sell,3.43e-06,26379.0,0.09047997
DLT/BTC,1621023983323,2021-05-14T20:26:23.323Z,sell,3.42e-06,1022.0,0.0034952399999999997
DLT/BTC,1621023984412,2021-05-14T20:26:24.412Z,buy,3.44e-06,644.0,0.00221536
DLT/BTC,1621023984899,2021-05-14T20:26:24.899Z,sell,3.45e-06,82.0,0.0002829
DLT/BTC,1621023985159,2021-05-14T20:26:25.159Z,sell,3.44e-06,82.0,0.00028208
DLT/BTC,1621023985975,2021-05-14T20:26:25.975Z,buy,3.46e-06,235.0,0.0008131
DLT/BTC,1621023985975,2021-05-14T20:26:25.975Z,buy,3.47e-06,53.0,0.00018391
DLT/BTC,1621023987863,2021-05-14T20:26:27.863Z,buy,3.44e-06,103.0,0.00035432000000000004
DLT/BTC,1621023989041,2021-05-14T20:26:29.041Z,buy,3.45e-06,82.0,0.0002829
DLT/BTC,1621023989041,2021-05-14T20:26:29.041Z,buy,3.46e-06,300.0,0.001038
DLT/BTC,1621023989041,2021-05-14T20:26:29.041Z,buy,3.47e-06,905.0,0.0031403499999999997
DLT/BTC,1621023989041,2021-05-14T20:26:29.041Z,buy,3.48e-06,24069.0,0.08376012000000001
DLT/BTC,1621023989041,2021-05-14T20:26:29.041Z,buy,3.49e-06,3216.0,0.01122384
DLT/BTC,1621023994435,2021-05-14T20:26:34.435Z,sell,3.47e-06,82.0,0.00028454
DLT/BTC,1621023994435,2021-05-14T20:26:34.435Z,sell,3.46e-06,335.0,0.0011591
DLT/BTC,1621023994435,2021-05-14T20:26:34.435Z,sell,3.45e-06,82.0,0.0002829
DLT/BTC,1621023994435,2021-05-14T20:26:34.435Z,sell,3.44e-06,2106.0,0.00724464
DLT/BTC,1621023994435,2021-05-14T20:26:34.435Z,sell,3.43e-06,26807.0,0.09194801000000001
DLT/BTC,1621023995379,2021-05-14T20:26:35.379Z,sell,3.45e-06,82.0,0.0002829
DLT/BTC,1621023996471,2021-05-14T20:26:36.471Z,sell,3.45e-06,82.0,0.0002829
DLT/BTC,1621023997828,2021-05-14T20:26:37.828Z,sell,3.45e-06,154.0,0.0005313
DLT/BTC,1621024002975,2021-05-14T20:26:42.975Z,buy,3.46e-06,765.0,0.0026468999999999998
DLT/BTC,1621024002975,2021-05-14T20:26:42.975Z,buy,3.47e-06,1848.0,0.0064125599999999994
DLT/BTC,1621024002975,2021-05-14T20:26:42.975Z,buy,3.48e-06,25745.0,0.08959260000000001
DLT/BTC,1621024002975,2021-05-14T20:26:42.975Z,buy,3.49e-06,214.0,0.00074686
DLT/BTC,1621024010489,2021-05-14T20:26:50.489Z,sell,3.47e-06,82.0,0.00028454
DLT/BTC,1621024010489,2021-05-14T20:26:50.489Z,sell,3.46e-06,335.0,0.0011591
DLT/BTC,1621024010489,2021-05-14T20:26:50.489Z,sell,3.45e-06,5754.0,0.0198513
DLT/BTC,1621024010489,2021-05-14T20:26:50.489Z,sell,3.44e-06,23241.0,0.07994904
DLT/BTC,1621024011338,2021-05-14T20:26:51.338Z,buy,3.48e-06,338.0,0.00117624
DLT/BTC,1621024011338,2021-05-14T20:26:51.338Z,buy,3.49e-06,48.0,0.00016752
DLT/BTC,1621024012025,2021-05-14T20:26:52.025Z,buy,3.46e-06,82.0,0.00028372
DLT/BTC,1621024012231,2021-05-14T20:26:52.231Z,sell,3.46e-06,82.0,0.00028372
DLT/BTC,1621024015784,2021-05-14T20:26:55.784Z,buy,3.46e-06,71.0,0.00024566
DLT/BTC,1621024015784,2021-05-14T20:26:55.784Z,buy,3.47e-06,7236.0,0.02510892
DLT/BTC,1621024015784,2021-05-14T20:26:55.784Z,buy,3.48e-06,21265.0,0.0740022
DLT/BTC,1621024016960,2021-05-14T20:26:56.960Z,buy,3.47e-06,82.0,0.00028454
DLT/BTC,1621024021990,2021-05-14T20:27:01.990Z,sell,3.46e-06,232.0,0.0008027199999999999
DLT/BTC,1621024021990,2021-05-14T20:27:01.990Z,sell,3.45e-06,3668.0,0.0126546
DLT/BTC,1621024021990,2021-05-14T20:27:01.990Z,sell,3.44e-06,22657.0,0.07794008000000001
DLT/BTC,1621024021990,2021-05-14T20:27:01.990Z,sell,3.43e-06,2855.0,0.00979265
DLT/BTC,1621024023659,2021-05-14T20:27:03.659Z,sell,3.45e-06,82.0,0.0002829
DLT/BTC,1621024027891,2021-05-14T20:27:07.891Z,buy,3.46e-06,335.0,0.0011591
DLT/BTC,1621024027891,2021-05-14T20:27:07.891Z,buy,3.47e-06,478.0,0.00165866
DLT/BTC,1621024027891,2021-05-14T20:27:07.891Z,buy,3.48e-06,24658.0,0.08580984
DLT/BTC,1621024027891,2021-05-14T20:27:07.891Z,buy,3.49e-06,3101.0,0.01082249
DLT/BTC,1621024031043,2021-05-14T20:27:11.043Z,sell,3.47e-06,82.0,0.00028454
DLT/BTC,1621024031043,2021-05-14T20:27:11.043Z,sell,3.46e-06,64.0,0.00022144
DLT/BTC,1621024032044,2021-05-14T20:27:12.044Z,sell,3.47e-06,146.0,0.0005066199999999999
DLT/BTC,1621024034301,2021-05-14T20:27:14.301Z,sell,3.46e-06,2871.0,0.00993366
DLT/BTC,1621024034301,2021-05-14T20:27:14.301Z,sell,3.45e-06,82.0,0.0002829
DLT/BTC,1621024034301,2021-05-14T20:27:14.301Z,sell,3.44e-06,26389.0,0.09077816
DLT/BTC,1621024034301,2021-05-14T20:27:14.301Z,sell,3.43e-06,70.0,0.0002401
DLT/BTC,1621024036034,2021-05-14T20:27:16.034Z,sell,3.45e-06,290.0,0.0010005
DLT/BTC,1621024040581,2021-05-14T20:27:20.581Z,buy,3.45e-06,3103.0,0.01070535
DLT/BTC,1621024040581,2021-05-14T20:27:20.581Z,buy,3.46e-06,25469.0,0.08812273999999999
DLT/BTC,1621024059125,2021-05-14T20:27:39.125Z,sell,3.45e-06,5489.0,0.01893705
DLT/BTC,1621024065027,2021-05-14T20:27:45.027Z,buy,3.45e-06,292.0,0.0010074
DLT/BTC,1621024066050,2021-05-14T20:27:46.050Z,buy,3.45e-06,18483.0,0.06376635
DLT/BTC,1621024066050,2021-05-14T20:27:46.050Z,buy,3.46e-06,10089.0,0.03490794
DLT/BTC,1621024085026,2021-05-14T20:28:05.026Z,sell,3.44e-06,82.0,0.00028208
DLT/BTC,1621024085026,2021-05-14T20:28:05.026Z,sell,3.43e-06,25108.0,0.08612044
DLT/BTC,1621024085026,2021-05-14T20:28:05.026Z,sell,3.42e-06,4222.0,0.014439239999999999
DLT/BTC,1621024091255,2021-05-14T20:28:11.255Z,buy,3.44e-06,82.0,0.00028208
DLT/BTC,1621024091255,2021-05-14T20:28:11.255Z,buy,3.45e-06,25605.0,0.08833725
DLT/BTC,1621024091255,2021-05-14T20:28:11.255Z,buy,3.46e-06,2885.0,0.009982099999999999
DLT/BTC,1621024096729,2021-05-14T20:28:16.729Z,sell,3.44e-06,82.0,0.00028208
DLT/BTC,1621024096729,2021-05-14T20:28:16.729Z,sell,3.43e-06,24555.0,0.08422365000000001
DLT/BTC,1621024096729,2021-05-14T20:28:16.729Z,sell,3.42e-06,4775.0,0.016330499999999998
DLT/BTC,1621024102693,2021-05-14T20:28:22.693Z,buy,3.44e-06,82.0,0.00028208
DLT/BTC,1621024102693,2021-05-14T20:28:22.693Z,buy,3.45e-06,28490.0,0.0982905
DLT/BTC,1621024103502,2021-05-14T20:28:23.502Z,buy,3.45e-06,145.0,0.00050025
DLT/BTC,1621024107982,2021-05-14T20:28:27.982Z,sell,3.44e-06,82.0,0.00028208
DLT/BTC,1621024107982,2021-05-14T20:28:27.982Z,sell,3.43e-06,26731.0,0.09168733000000001
DLT/BTC,1621024107982,2021-05-14T20:28:27.982Z,sell,3.42e-06,2599.0,0.00888858
DLT/BTC,1621024109325,2021-05-14T20:28:29.325Z,buy,3.43e-06,82.0,0.00028126000000000003
DLT/BTC,1621024113189,2021-05-14T20:28:33.189Z,buy,3.44e-06,191.0,0.00065704
DLT/BTC,1621024113189,2021-05-14T20:28:33.189Z,buy,3.45e-06,25916.0,0.0894102
DLT/BTC,1621024113189,2021-05-14T20:28:33.189Z,buy,3.46e-06,2465.0,0.008528899999999999
DLT/BTC,1621024114602,2021-05-14T20:28:34.602Z,sell,3.44e-06,82.0,0.00028208
DLT/BTC,1621024114602,2021-05-14T20:28:34.602Z,sell,3.43e-06,180.0,0.0006174
DLT/BTC,1621024117487,2021-05-14T20:28:37.487Z,sell,3.43e-06,2500.0,0.008575000000000001
DLT/BTC,1621024118553,2021-05-14T20:28:38.553Z,sell,3.43e-06,22242.0,0.07629006
DLT/BTC,1621024118553,2021-05-14T20:28:38.553Z,sell,3.42e-06,3429.0,0.01172718
DLT/BTC,1621024118553,2021-05-14T20:28:38.553Z,sell,3.41e-06,3741.0,0.01275681
DLT/BTC,1621024124750,2021-05-14T20:28:44.750Z,sell,3.43e-06,233.0,0.0007991900000000001
DLT/BTC,1621024125061,2021-05-14T20:28:45.061Z,buy,3.44e-06,185.0,0.0006364
DLT/BTC,1621024125061,2021-05-14T20:28:45.061Z,buy,3.45e-06,24897.0,0.08589465
DLT/BTC,1621024125061,2021-05-14T20:28:45.061Z,buy,3.46e-06,3490.0,0.0120754
DLT/BTC,1621024135731,2021-05-14T20:28:55.731Z,sell,3.42e-06,26457.0,0.09048294
DLT/BTC,1621024135731,2021-05-14T20:28:55.731Z,sell,3.41e-06,2955.0,0.01007655
DLT/BTC,1621024141461,2021-05-14T20:29:01.461Z,buy,3.43e-06,82.0,0.00028126000000000003
DLT/BTC,1621024141461,2021-05-14T20:29:01.461Z,buy,3.44e-06,783.0,0.00269352
DLT/BTC,1621024141461,2021-05-14T20:29:01.461Z,buy,3.45e-06,25173.0,0.08684685
DLT/BTC,1621024141461,2021-05-14T20:29:01.461Z,buy,3.46e-06,2534.0,0.00876764
DLT/BTC,1621024147976,2021-05-14T20:29:07.976Z,sell,3.44e-06,82.0,0.00028208
DLT/BTC,1621024147976,2021-05-14T20:29:07.976Z,sell,3.43e-06,82.0,0.00028126000000000003
DLT/BTC,1621024147976,2021-05-14T20:29:07.976Z,sell,3.42e-06,25895.0,0.0885609
DLT/BTC,1621024147976,2021-05-14T20:29:07.976Z,sell,3.41e-06,3353.0,0.01143373
DLT/BTC,1621024152927,2021-05-14T20:29:12.927Z,buy,3.43e-06,82.0,0.00028126000000000003
DLT/BTC,1621024152927,2021-05-14T20:29:12.927Z,buy,3.44e-06,82.0,0.00028208
DLT/BTC,1621024152927,2021-05-14T20:29:12.927Z,buy,3.45e-06,25050.0,0.0864225
DLT/BTC,1621024152927,2021-05-14T20:29:12.927Z,buy,3.46e-06,3358.0,0.01161868
DLT/BTC,1621024156550,2021-05-14T20:29:16.550Z,sell,3.44e-06,32.0,0.00011008
DLT/BTC,1621024157728,2021-05-14T20:29:17.728Z,sell,3.44e-06,50.0,0.000172
DLT/BTC,1621024157728,2021-05-14T20:29:17.728Z,sell,3.43e-06,2697.0,0.00925071
DLT/BTC,1621024157728,2021-05-14T20:29:17.728Z,sell,3.42e-06,25534.0,0.08732627999999999
DLT/BTC,1621024157728,2021-05-14T20:29:17.728Z,sell,3.41e-06,1131.0,0.00385671
DLT/BTC,1621024164564,2021-05-14T20:29:24.564Z,buy,3.43e-06,2697.0,0.00925071
DLT/BTC,1621024164564,2021-05-14T20:29:24.564Z,buy,3.44e-06,82.0,0.00028208
DLT/BTC,1621024164564,2021-05-14T20:29:24.564Z,buy,3.45e-06,25219.0,0.08700555
DLT/BTC,1621024164564,2021-05-14T20:29:24.564Z,buy,3.46e-06,574.0,0.00198604
DLT/BTC,1621024166165,2021-05-14T20:29:26.165Z,sell,3.44e-06,71.0,0.00024424
DLT/BTC,1621024170623,2021-05-14T20:29:30.623Z,sell,3.44e-06,11.0,3.7840000000000004e-05
DLT/BTC,1621024170623,2021-05-14T20:29:30.623Z,sell,3.43e-06,3553.0,0.012186790000000001
DLT/BTC,1621024170623,2021-05-14T20:29:30.623Z,sell,3.42e-06,25848.0,0.08840015999999999
DLT/BTC,1621024180432,2021-05-14T20:29:40.432Z,buy,3.43e-06,2697.0,0.00925071
DLT/BTC,1621024180432,2021-05-14T20:29:40.432Z,buy,3.44e-06,82.0,0.00028208
DLT/BTC,1621024180432,2021-05-14T20:29:40.432Z,buy,3.45e-06,22940.0,0.079143
DLT/BTC,1621024180432,2021-05-14T20:29:40.432Z,buy,3.46e-06,2853.0,0.009871379999999999
DLT/BTC,1621024186678,2021-05-14T20:29:46.678Z,sell,3.44e-06,82.0,0.00028208
DLT/BTC,1621024186678,2021-05-14T20:29:46.678Z,sell,3.43e-06,2697.0,0.00925071
DLT/BTC,1621024186678,2021-05-14T20:29:46.678Z,sell,3.42e-06,26633.0,0.09108485999999999
DLT/BTC,1621024192549,2021-05-14T20:29:52.549Z,buy,3.43e-06,2697.0,0.00925071
DLT/BTC,1621024192549,2021-05-14T20:29:52.549Z,buy,3.44e-06,82.0,0.00028208
DLT/BTC,1621024192549,2021-05-14T20:29:52.549Z,buy,3.45e-06,21272.0,0.0733884
DLT/BTC,1621024192549,2021-05-14T20:29:52.549Z,buy,3.46e-06,4521.0,0.01564266
DLT/BTC,1621024193791,2021-05-14T20:29:53.791Z,sell,3.44e-06,32.0,0.00011008
DLT/BTC,1621024195266,2021-05-14T20:29:55.266Z,sell,3.44e-06,50.0,0.000172
DLT/BTC,1621024200369,2021-05-14T20:30:00.369Z,sell,3.43e-06,1959.0,0.0067193700000000006
DLT/BTC,1621024200369,2021-05-14T20:30:00.369Z,sell,3.42e-06,27453.0,0.09388926
DLT/BTC,1621024201601,2021-05-14T20:30:01.601Z,buy,3.43e-06,82.0,0.00028126000000000003
DLT/BTC,1621024206788,2021-05-14T20:30:06.788Z,buy,3.44e-06,331.0,0.00113864
DLT/BTC,1621024206788,2021-05-14T20:30:06.788Z,buy,3.45e-06,19903.0,0.06866535
DLT/BTC,1621024206788,2021-05-14T20:30:06.788Z,buy,3.46e-06,2601.0,0.008999459999999999
DLT/BTC,1621024206788,2021-05-14T20:30:06.788Z,buy,3.47e-06,5737.0,0.01990739
DLT/BTC,1621024209180,2021-05-14T20:30:09.180Z,buy,3.45e-06,82.0,0.0002829
DLT/BTC,1621024209461,2021-05-14T20:30:09.461Z,buy,3.45e-06,82.0,0.0002829
DLT/BTC,1621024215161,2021-05-14T20:30:15.161Z,sell,3.44e-06,485.0,0.0016684
DLT/BTC,1621024215161,2021-05-14T20:30:15.161Z,sell,3.43e-06,2705.0,0.00927815
DLT/BTC,1621024215161,2021-05-14T20:30:15.161Z,sell,3.42e-06,26803.0,0.09166626
DLT/BTC,1621024215161,2021-05-14T20:30:15.161Z,sell,3.41e-06,5302.0,0.01807982
DLT/BTC,1621024218443,2021-05-14T20:30:18.443Z,sell,3.42e-06,47.0,0.00016073999999999998
DLT/BTC,1621024220646,2021-05-14T20:30:20.646Z,buy,3.42e-06,35.0,0.0001197
DLT/BTC,1621024220646,2021-05-14T20:30:20.646Z,buy,3.43e-06,1.0,3.43e-06
DLT/BTC,1621024221837,2021-05-14T20:30:21.837Z,buy,3.43e-06,2704.0,0.00927472
DLT/BTC,1621024221837,2021-05-14T20:30:21.837Z,buy,3.44e-06,153.0,0.00052632
DLT/BTC,1621024221837,2021-05-14T20:30:21.837Z,buy,3.45e-06,26885.0,0.09275325
DLT/BTC,1621024221837,2021-05-14T20:30:21.837Z,buy,3.46e-06,4544.0,0.01572224
DLT/BTC,1621024229736,2021-05-14T20:30:29.736Z,sell,3.43e-06,2984.0,0.01023512
DLT/BTC,1621024229736,2021-05-14T20:30:29.736Z,sell,3.42e-06,26007.0,0.08894394
DLT/BTC,1621024229736,2021-05-14T20:30:29.736Z,sell,3.41e-06,1566.0,0.00534006
DLT/BTC,1621024229736,2021-05-14T20:30:29.736Z,sell,3.4e-06,4738.0,0.0161092
DLT/BTC,1621024230696,2021-05-14T20:30:30.696Z,buy,3.44e-06,817.0,0.00281048
DLT/BTC,1621024236258,2021-05-14T20:30:36.258Z,buy,3.45e-06,30688.0,0.1058736
DLT/BTC,1621024236258,2021-05-14T20:30:36.258Z,buy,3.46e-06,3598.0,0.01244908
DLT/BTC,1621024238047,2021-05-14T20:30:38.047Z,sell,3.44e-06,150.0,0.000516
DLT/BTC,1621024239055,2021-05-14T20:30:39.055Z,sell,3.44e-06,32.0,0.00011008
DLT/BTC,1621024239384,2021-05-14T20:30:39.384Z,sell,3.44e-06,71.0,0.00024424
DLT/BTC,1621024239659,2021-05-14T20:30:39.659Z,sell,3.44e-06,71.0,0.00024424
DLT/BTC,1621024262699,2021-05-14T20:31:02.699Z,sell,3.44e-06,12284.0,0.04225696
DLT/BTC,1621024262699,2021-05-14T20:31:02.699Z,sell,3.43e-06,82.0,0.00028126000000000003
DLT/BTC,1621024262699,2021-05-14T20:31:02.699Z,sell,3.42e-06,737.0,0.00252054
DLT/BTC,1621024262699,2021-05-14T20:31:02.699Z,sell,3.41e-06,1101.0,0.00375441
DLT/BTC,1621024262699,2021-05-14T20:31:02.699Z,sell,3.4e-06,29914.0,0.1017076
DLT/BTC,1621024264896,2021-05-14T20:31:04.896Z,buy,3.41e-06,82.0,0.00027962
DLT/BTC,1621024264896,2021-05-14T20:31:04.896Z,buy,3.42e-06,82.0,0.00028043999999999996
DLT/BTC,1621024271846,2021-05-14T20:31:11.846Z,buy,3.43e-06,82.0,0.00028126000000000003
DLT/BTC,1621024271846,2021-05-14T20:31:11.846Z,buy,3.44e-06,82.0,0.00028208
DLT/BTC,1621024271846,2021-05-14T20:31:11.846Z,buy,3.45e-06,4010.0,0.0138345
DLT/BTC,1621024271846,2021-05-14T20:31:11.846Z,buy,3.46e-06,1546.0,0.0053491599999999995
DLT/BTC,1621024271846,2021-05-14T20:31:11.846Z,buy,3.47e-06,3825.0,0.01327275
DLT/BTC,1621024271846,2021-05-14T20:31:11.846Z,buy,3.48e-06,20674.0,0.07194552
DLT/BTC,1621024271846,2021-05-14T20:31:11.846Z,buy,3.49e-06,4067.0,0.014193830000000001
DLT/BTC,1621024278071,2021-05-14T20:31:18.071Z,sell,3.47e-06,32.0,0.00011104
DLT/BTC,1621024280159,2021-05-14T20:31:20.159Z,buy,3.48e-06,90.0,0.0003132
DLT/BTC,1621024288535,2021-05-14T20:31:28.535Z,sell,3.47e-06,50.0,0.0001735
DLT/BTC,1621024288535,2021-05-14T20:31:28.535Z,sell,3.46e-06,232.0,0.0008027199999999999
DLT/BTC,1621024288535,2021-05-14T20:31:28.535Z,sell,3.45e-06,8.0,2.76e-05
DLT/BTC,1621024290009,2021-05-14T20:31:30.009Z,sell,3.46e-06,4460.0,0.0154316
DLT/BTC,1621024290009,2021-05-14T20:31:30.009Z,sell,3.45e-06,305.0,0.00105225
DLT/BTC,1621024290009,2021-05-14T20:31:30.009Z,sell,3.44e-06,485.0,0.0016684
DLT/BTC,1621024290009,2021-05-14T20:31:30.009Z,sell,3.43e-06,30045.0,0.10305435
DLT/BTC,1621024290202,2021-05-14T20:31:30.202Z,sell,3.45e-06,282.0,0.0009729
DLT/BTC,1621024292120,2021-05-14T20:31:32.120Z,sell,3.43e-06,294.0,0.00100842
DLT/BTC,1621024296671,2021-05-14T20:31:36.671Z,buy,3.46e-06,432.0,0.00149472
DLT/BTC,1621024296671,2021-05-14T20:31:36.671Z,buy,3.47e-06,4773.0,0.01656231
DLT/BTC,1621024296671,2021-05-14T20:31:36.671Z,buy,3.48e-06,29081.0,0.10120188000000001
DLT/BTC,1621024298737,2021-05-14T20:31:38.737Z,buy,3.46e-06,82.0,0.00028372
DLT/BTC,1621024303606,2021-05-14T20:31:43.606Z,sell,3.46e-06,150.0,0.000519
DLT/BTC,1621024303606,2021-05-14T20:31:43.606Z,sell,3.45e-06,82.0,0.0002829
DLT/BTC,1621024303606,2021-05-14T20:31:43.606Z,sell,3.44e-06,566.0,0.0019470400000000001
DLT/BTC,1621024303606,2021-05-14T20:31:43.606Z,sell,3.43e-06,34297.0,0.11763871000000001
DLT/BTC,1621024303606,2021-05-14T20:31:43.606Z,sell,3.42e-06,200.0,0.0006839999999999999
DLT/BTC,1621024304578,2021-05-14T20:31:44.578Z,sell,3.44e-06,82.0,0.00028208
DLT/BTC,1621024309573,2021-05-14T20:31:49.573Z,buy,3.45e-06,82.0,0.0002829
DLT/BTC,1621024309573,2021-05-14T20:31:49.573Z,buy,3.46e-06,812.0,0.00280952
DLT/BTC,1621024309573,2021-05-14T20:31:49.573Z,buy,3.47e-06,513.0,0.00178011
DLT/BTC,1621024309573,2021-05-14T20:31:49.573Z,buy,3.48e-06,32879.0,0.11441892000000001
DLT/BTC,1621024311356,2021-05-14T20:31:51.356Z,buy,3.47e-06,73.0,0.00025330999999999997
DLT/BTC,1621024314698,2021-05-14T20:31:54.698Z,sell,3.47e-06,9.0,3.123e-05
DLT/BTC,1621024315363,2021-05-14T20:31:55.363Z,sell,3.46e-06,303.0,0.00104838
DLT/BTC,1621024315363,2021-05-14T20:31:55.363Z,sell,3.45e-06,82.0,0.0002829
DLT/BTC,1621024315363,2021-05-14T20:31:55.363Z,sell,3.44e-06,1516.0,0.00521504
DLT/BTC,1621024315363,2021-05-14T20:31:55.363Z,sell,3.43e-06,32949.0,0.11301507000000001
DLT/BTC,1621024315363,2021-05-14T20:31:55.363Z,sell,3.42e-06,445.0,0.0015218999999999999
DLT/BTC,1621024318574,2021-05-14T20:31:58.574Z,sell,3.46e-06,32.0,0.00011072
DLT/BTC,1621024320646,2021-05-14T20:32:00.646Z,buy,3.46e-06,118.0,0.00040828
DLT/BTC,1621024320646,2021-05-14T20:32:00.646Z,buy,3.47e-06,641.0,0.00222427
DLT/BTC,1621024320646,2021-05-14T20:32:00.646Z,buy,3.48e-06,33527.0,0.11667396000000001
DLT/BTC,1621024326572,2021-05-14T20:32:06.572Z,sell,3.44e-06,2052.0,0.00705888
DLT/BTC,1621024326572,2021-05-14T20:32:06.572Z,sell,3.43e-06,32135.0,0.11022305
DLT/BTC,1621024326572,2021-05-14T20:32:06.572Z,sell,3.42e-06,1108.0,0.00378936
DLT/BTC,1621024328923,2021-05-14T20:32:08.923Z,buy,3.44e-06,150.0,0.000516
DLT/BTC,1621024329310,2021-05-14T20:32:09.310Z,sell,3.43e-06,232.0,0.0007957600000000001
DLT/BTC,1621024330050,2021-05-14T20:32:10.050Z,buy,3.44e-06,594.0,0.00204336
DLT/BTC,1621024332313,2021-05-14T20:32:12.313Z,buy,3.44e-06,3393.0,0.01167192
DLT/BTC,1621024332313,2021-05-14T20:32:12.313Z,buy,3.45e-06,82.0,0.0002829
DLT/BTC,1621024332313,2021-05-14T20:32:12.313Z,buy,3.46e-06,1956.0,0.006767759999999999
DLT/BTC,1621024332313,2021-05-14T20:32:12.313Z,buy,3.47e-06,314.0,0.00108958
DLT/BTC,1621024332313,2021-05-14T20:32:12.313Z,buy,3.48e-06,28541.0,0.09932268000000001
DLT/BTC,1621024334050,2021-05-14T20:32:14.050Z,buy,3.48e-06,30.0,0.0001044
DLT/BTC,1621024334819,2021-05-14T20:32:14.819Z,sell,3.47e-06,82.0,0.00028454
DLT/BTC,1621024335904,2021-05-14T20:32:15.904Z,buy,3.47e-06,30.0,0.0001041
DLT/BTC,1621024338424,2021-05-14T20:32:18.424Z,sell,3.46e-06,185.0,0.0006401
DLT/BTC,1621024338424,2021-05-14T20:32:18.424Z,sell,3.45e-06,82.0,0.0002829
DLT/BTC,1621024338424,2021-05-14T20:32:18.424Z,sell,3.44e-06,879.0,0.00302376
DLT/BTC,1621024338424,2021-05-14T20:32:18.424Z,sell,3.43e-06,28907.0,0.09915101000000001
DLT/BTC,1621024338424,2021-05-14T20:32:18.424Z,sell,3.42e-06,5242.0,0.017927639999999998
DLT/BTC,1621024339262,2021-05-14T20:32:19.262Z,buy,3.46e-06,150.0,0.000519
DLT/BTC,1621024343582,2021-05-14T20:32:23.582Z,buy,3.45e-06,1869.0,0.00644805
DLT/BTC,1621024343582,2021-05-14T20:32:23.582Z,buy,3.46e-06,1369.0,0.00473674
DLT/BTC,1621024343582,2021-05-14T20:32:23.582Z,buy,3.47e-06,271.0,0.0009403699999999999
DLT/BTC,1621024343582,2021-05-14T20:32:23.582Z,buy,3.48e-06,28817.0,0.10028316000000001
DLT/BTC,1621024343582,2021-05-14T20:32:23.582Z,buy,3.49e-06,1960.0,0.0068404
DLT/BTC,1621024344018,2021-05-14T20:32:24.018Z,sell,3.45e-06,35.0,0.00012075
DLT/BTC,1621024344537,2021-05-14T20:32:24.537Z,buy,3.49e-06,29.0,0.00010121
DLT/BTC,1621024345174,2021-05-14T20:32:25.174Z,buy,3.46e-06,82.0,0.00028372
DLT/BTC,1621024345868,2021-05-14T20:32:25.868Z,sell,3.46e-06,68.0,0.00023527999999999998
DLT/BTC,1621024345868,2021-05-14T20:32:25.868Z,sell,3.45e-06,14.0,4.83e-05
DLT/BTC,1621024349947,2021-05-14T20:32:29.947Z,sell,3.46e-06,32.0,0.00011072
DLT/BTC,1621024349947,2021-05-14T20:32:29.947Z,sell,3.45e-06,311.0,0.00107295
DLT/BTC,1621024349947,2021-05-14T20:32:29.947Z,sell,3.44e-06,403.0,0.0013863200000000001
DLT/BTC,1621024350237,2021-05-14T20:32:30.237Z,buy,3.44e-06,71.0,0.00024424
DLT/BTC,1621024350258,2021-05-14T20:32:30.258Z,buy,3.44e-06,1717.0,0.00590648
DLT/BTC,1621024350904,2021-05-14T20:32:30.904Z,sell,3.44e-06,898.0,0.00308912
DLT/BTC,1621024350904,2021-05-14T20:32:30.904Z,sell,3.43e-06,29746.0,0.10202878
DLT/BTC,1621024350904,2021-05-14T20:32:30.904Z,sell,3.42e-06,4651.0,0.01590642
DLT/BTC,1621024355884,2021-05-14T20:32:35.884Z,buy,3.46e-06,1363.0,0.00471598
DLT/BTC,1621024355884,2021-05-14T20:32:35.884Z,buy,3.47e-06,381.0,0.0013220699999999998
DLT/BTC,1621024355884,2021-05-14T20:32:35.884Z,buy,3.48e-06,29040.0,0.1010592
DLT/BTC,1621024355884,2021-05-14T20:32:35.884Z,buy,3.49e-06,3502.0,0.01222198
DLT/BTC,1621024357301,2021-05-14T20:32:37.301Z,buy,3.46e-06,82.0,0.00028372
DLT/BTC,1621024357573,2021-05-14T20:32:37.573Z,buy,3.46e-06,82.0,0.00028372
DLT/BTC,1621024359913,2021-05-14T20:32:39.913Z,buy,3.46e-06,150.0,0.000519
DLT/BTC,1621024365023,2021-05-14T20:32:45.023Z,sell,3.45e-06,2838.0,0.0097911
DLT/BTC,1621024365023,2021-05-14T20:32:45.023Z,sell,3.44e-06,232.0,0.0007980800000000001
DLT/BTC,1621024365023,2021-05-14T20:32:45.023Z,sell,3.43e-06,28688.0,0.09839984
DLT/BTC,1621024365023,2021-05-14T20:32:45.023Z,sell,3.42e-06,3537.0,0.01209654
DLT/BTC,1621024366852,2021-05-14T20:32:46.852Z,sell,3.43e-06,82.0,0.00028126000000000003
DLT/BTC,1621024371394,2021-05-14T20:32:51.394Z,buy,3.44e-06,185.0,0.0006364
DLT/BTC,1621024371394,2021-05-14T20:32:51.394Z,buy,3.45e-06,1212.0,0.0041814
DLT/BTC,1621024371394,2021-05-14T20:32:51.394Z,buy,3.46e-06,730.0,0.0025258
DLT/BTC,1621024371394,2021-05-14T20:32:51.394Z,buy,3.47e-06,2840.0,0.009854799999999999
DLT/BTC,1621024371394,2021-05-14T20:32:51.394Z,buy,3.48e-06,29267.0,0.10184916000000001
DLT/BTC,1621024371394,2021-05-14T20:32:51.394Z,buy,3.49e-06,52.0,0.00018148
DLT/BTC,1621024376994,2021-05-14T20:32:56.994Z,sell,3.47e-06,82.0,0.00028454
DLT/BTC,1621024376994,2021-05-14T20:32:56.994Z,sell,3.46e-06,232.0,0.0008027199999999999
DLT/BTC,1621024376994,2021-05-14T20:32:56.994Z,sell,3.45e-06,313.0,0.00107985
DLT/BTC,1621024376994,2021-05-14T20:32:56.994Z,sell,3.44e-06,232.0,0.0007980800000000001
DLT/BTC,1621024376994,2021-05-14T20:32:56.994Z,sell,3.43e-06,29783.0,0.10215569000000001
DLT/BTC,1621024376994,2021-05-14T20:32:56.994Z,sell,3.42e-06,4653.0,0.01591326
DLT/BTC,1621024377346,2021-05-14T20:32:57.346Z,buy,3.45e-06,32.0,0.0001104
DLT/BTC,1621024377692,2021-05-14T20:32:57.692Z,buy,3.45e-06,71.0,0.00024495
DLT/BTC,1621024378485,2021-05-14T20:32:58.485Z,sell,3.44e-06,82.0,0.00028208
DLT/BTC,1621024382817,2021-05-14T20:33:02.817Z,buy,3.45e-06,214.0,0.0007383
DLT/BTC,1621024382817,2021-05-14T20:33:02.817Z,buy,3.46e-06,279.0,0.00096534
DLT/BTC,1621024382817,2021-05-14T20:33:02.817Z,buy,3.47e-06,82.0,0.00028454
DLT/BTC,1621024382817,2021-05-14T20:33:02.817Z,buy,3.48e-06,30252.0,0.10527696
DLT/BTC,1621024382817,2021-05-14T20:33:02.817Z,buy,3.49e-06,3459.0,0.01207191
DLT/BTC,1621024384228,2021-05-14T20:33:04.228Z,sell,3.48e-06,32.0,0.00011136
DLT/BTC,1621024384813,2021-05-14T20:33:04.813Z,sell,3.48e-06,50.0,0.000174
DLT/BTC,1621024384813,2021-05-14T20:33:04.813Z,sell,3.46e-06,21.0,7.266e-05
DLT/BTC,1621024388364,2021-05-14T20:33:08.364Z,sell,3.47e-06,82.0,0.00028454
DLT/BTC,1621024388364,2021-05-14T20:33:08.364Z,sell,3.46e-06,211.0,0.0007300599999999999
DLT/BTC,1621024388364,2021-05-14T20:33:08.364Z,sell,3.45e-06,313.0,0.00107985
DLT/BTC,1621024388364,2021-05-14T20:33:08.364Z,sell,3.44e-06,414.0,0.00142416
DLT/BTC,1621024388364,2021-05-14T20:33:08.364Z,sell,3.43e-06,30241.0,0.10372663
DLT/BTC,1621024388364,2021-05-14T20:33:08.364Z,sell,3.42e-06,3947.0,0.013498739999999999
DLT/BTC,1621024388364,2021-05-14T20:33:08.364Z,sell,3.41e-06,87.0,0.00029667
DLT/BTC,1621024391078,2021-05-14T20:33:11.078Z,sell,3.42e-06,82.0,0.00028043999999999996
DLT/BTC,1621024393965,2021-05-14T20:33:13.965Z,buy,3.43e-06,82.0,0.00028126000000000003
DLT/BTC,1621024393965,2021-05-14T20:33:13.965Z,buy,3.44e-06,82.0,0.00028208
DLT/BTC,1621024393965,2021-05-14T20:33:13.965Z,buy,3.45e-06,82.0,0.0002829
DLT/BTC,1621024393965,2021-05-14T20:33:13.965Z,buy,3.46e-06,335.0,0.0011591
DLT/BTC,1621024393965,2021-05-14T20:33:13.965Z,buy,3.47e-06,731.0,0.0025365699999999997
DLT/BTC,1621024393965,2021-05-14T20:33:13.965Z,buy,3.48e-06,30916.0,0.10758768
DLT/BTC,1621024393965,2021-05-14T20:33:13.965Z,buy,3.49e-06,2058.0,0.00718242
DLT/BTC,1621024395605,2021-05-14T20:33:15.605Z,sell,3.47e-06,1327.0,0.00460469
DLT/BTC,1621024397118,2021-05-14T20:33:17.118Z,buy,3.48e-06,30.0,0.0001044
DLT/BTC,1621024397238,2021-05-14T20:33:17.238Z,sell,3.47e-06,82.0,0.00028454
DLT/BTC,1621024397238,2021-05-14T20:33:17.238Z,sell,3.46e-06,71.0,0.00024566
DLT/BTC,1621024397902,2021-05-14T20:33:17.902Z,sell,3.46e-06,161.0,0.00055706
DLT/BTC,1621024397902,2021-05-14T20:33:17.902Z,sell,3.45e-06,129.0,0.00044505
DLT/BTC,1621024399861,2021-05-14T20:33:19.861Z,sell,3.46e-06,150.0,0.000519
DLT/BTC,1621024399861,2021-05-14T20:33:19.861Z,sell,3.45e-06,82.0,0.0002829
DLT/BTC,1621024399861,2021-05-14T20:33:19.861Z,sell,3.44e-06,485.0,0.0016684
DLT/BTC,1621024399861,2021-05-14T20:33:19.861Z,sell,3.43e-06,30615.0,0.10500945
DLT/BTC,1621024399861,2021-05-14T20:33:19.861Z,sell,3.42e-06,3963.0,0.01355346
DLT/BTC,1621024402862,2021-05-14T20:33:22.862Z,buy,3.44e-06,37.0,0.00012728000000000001
DLT/BTC,1621024404986,2021-05-14T20:33:24.986Z,buy,3.44e-06,45.0,0.0001548
DLT/BTC,1621024404986,2021-05-14T20:33:24.986Z,buy,3.45e-06,82.0,0.0002829
DLT/BTC,1621024404986,2021-05-14T20:33:24.986Z,buy,3.46e-06,232.0,0.0008027199999999999
DLT/BTC,1621024404986,2021-05-14T20:33:24.986Z,buy,3.47e-06,315.0,0.00109305
DLT/BTC,1621024404986,2021-05-14T20:33:24.986Z,buy,3.48e-06,30630.0,0.1065924
DLT/BTC,1621024404986,2021-05-14T20:33:24.986Z,buy,3.49e-06,2982.0,0.01040718
DLT/BTC,1621024406985,2021-05-14T20:33:26.985Z,buy,3.47e-06,82.0,0.00028454
DLT/BTC,1621024407246,2021-05-14T20:33:27.246Z,sell,3.46e-06,47.0,0.00016261999999999998
DLT/BTC,1621024407752,2021-05-14T20:33:27.752Z,sell,3.46e-06,35.0,0.0001211
DLT/BTC,1621024407752,2021-05-14T20:33:27.752Z,sell,3.45e-06,36.0,0.0001242
DLT/BTC,1621024407920,2021-05-14T20:33:27.920Z,sell,3.45e-06,32.0,0.0001104
DLT/BTC,1621024411620,2021-05-14T20:33:31.620Z,buy,3.46e-06,103.0,0.00035638
DLT/BTC,1621024421802,2021-05-14T20:33:41.802Z,buy,3.47e-06,53.0,0.00018391
DLT/BTC,1621024422255,2021-05-14T20:33:42.255Z,buy,3.47e-06,15.0,5.205e-05
DLT/BTC,1621024423113,2021-05-14T20:33:43.113Z,sell,3.47e-06,15.0,5.205e-05
DLT/BTC,1621024424065,2021-05-14T20:33:44.065Z,buy,3.47e-06,30.0,0.0001041
DLT/BTC,1621024426475,2021-05-14T20:33:46.475Z,sell,3.46e-06,47.0,0.00016261999999999998
DLT/BTC,1621024426475,2021-05-14T20:33:46.475Z,sell,3.45e-06,14.0,4.83e-05
DLT/BTC,1621024426475,2021-05-14T20:33:46.475Z,sell,3.44e-06,1706.0,0.0058686400000000005
DLT/BTC,1621024426475,2021-05-14T20:33:46.475Z,sell,3.43e-06,31598.0,0.10838114
DLT/BTC,1621024426475,2021-05-14T20:33:46.475Z,sell,3.42e-06,1710.0,0.0058482
DLT/BTC,1621024431071,2021-05-14T20:33:51.071Z,sell,3.44e-06,590.0,0.0020296
DLT/BTC,1621024435530,2021-05-14T20:33:55.530Z,buy,3.44e-06,1529.0,0.0052597600000000005
DLT/BTC,1621024435530,2021-05-14T20:33:55.530Z,buy,3.45e-06,235.0,0.00081075
DLT/BTC,1621024435530,2021-05-14T20:33:55.530Z,buy,3.46e-06,712.0,0.00246352
DLT/BTC,1621024435530,2021-05-14T20:33:55.530Z,buy,3.47e-06,123.0,0.00042680999999999996
DLT/BTC,1621024435530,2021-05-14T20:33:55.530Z,buy,3.48e-06,31070.0,0.1081236
DLT/BTC,1621024435530,2021-05-14T20:33:55.530Z,buy,3.49e-06,617.0,0.00215333
DLT/BTC,1621024438154,2021-05-14T20:33:58.154Z,sell,3.45e-06,82.0,0.0002829
DLT/BTC,1621024439492,2021-05-14T20:33:59.492Z,buy,3.46e-06,30.0,0.0001038
DLT/BTC,1621024441709,2021-05-14T20:34:01.709Z,buy,3.46e-06,52.0,0.00017992
DLT/BTC,1621024441799,2021-05-14T20:34:01.799Z,sell,3.46e-06,1.0,3.46e-06
DLT/BTC,1621024441799,2021-05-14T20:34:01.799Z,sell,3.45e-06,38.0,0.0001311
DLT/BTC,1621024441799,2021-05-14T20:34:01.799Z,sell,3.44e-06,82.0,0.00028208
DLT/BTC,1621024441799,2021-05-14T20:34:01.799Z,sell,3.43e-06,31617.0,0.10844631
DLT/BTC,1621024441799,2021-05-14T20:34:01.799Z,sell,3.42e-06,2514.0,0.00859788
DLT/BTC,1621024447004,2021-05-14T20:34:07.004Z,buy,3.45e-06,1945.0,0.00671025
DLT/BTC,1621024447004,2021-05-14T20:34:07.004Z,buy,3.46e-06,1794.0,0.00620724
DLT/BTC,1621024447004,2021-05-14T20:34:07.004Z,buy,3.47e-06,30547.0,0.10599808999999999
DLT/BTC,1621024451162,2021-05-14T20:34:11.162Z,buy,3.47e-06,30.0,0.0001041
DLT/BTC,1621024452595,2021-05-14T20:34:12.595Z,sell,3.46e-06,82.0,0.00028372
DLT/BTC,1621024452595,2021-05-14T20:34:12.595Z,sell,3.45e-06,82.0,0.0002829
DLT/BTC,1621024452595,2021-05-14T20:34:12.595Z,sell,3.44e-06,82.0,0.00028208
DLT/BTC,1621024455251,2021-05-14T20:34:15.251Z,buy,3.44e-06,30.0,0.0001032
DLT/BTC,1621024462218,2021-05-14T20:34:22.218Z,buy,3.44e-06,3587.0,0.012339280000000001
DLT/BTC,1621024462218,2021-05-14T20:34:22.218Z,buy,3.45e-06,402.0,0.0013869
DLT/BTC,1621024462218,2021-05-14T20:34:22.218Z,buy,3.46e-06,24583.0,0.08505718
DLT/BTC,1621024465964,2021-05-14T20:34:25.964Z,buy,3.46e-06,30.0,0.0001038
DLT/BTC,1621024469385,2021-05-14T20:34:29.385Z,sell,3.45e-06,82.0,0.0002829
DLT/BTC,1621024475515,2021-05-14T20:34:35.515Z,sell,3.44e-06,232.0,0.0007980800000000001
DLT/BTC,1621024475515,2021-05-14T20:34:35.515Z,sell,3.43e-06,3170.0,0.0108731
DLT/BTC,1621024475515,2021-05-14T20:34:35.515Z,sell,3.42e-06,31316.0,0.10710072
DLT/BTC,1621024475515,2021-05-14T20:34:35.515Z,sell,3.41e-06,577.0,0.00196757
DLT/BTC,1621024476940,2021-05-14T20:34:36.940Z,sell,3.43e-06,30.0,0.00010290000000000001
DLT/BTC,1621024479102,2021-05-14T20:34:39.102Z,buy,3.42e-06,82.0,0.00028043999999999996
DLT/BTC,1621024482315,2021-05-14T20:34:42.315Z,buy,3.43e-06,2675.0,0.009175250000000001
DLT/BTC,1621024482315,2021-05-14T20:34:42.315Z,buy,3.44e-06,82.0,0.00028208
DLT/BTC,1621024482315,2021-05-14T20:34:42.315Z,buy,3.45e-06,16570.0,0.0571665
DLT/BTC,1621024482315,2021-05-14T20:34:42.315Z,buy,3.46e-06,14959.0,0.05175814
DLT/BTC,1621024485759,2021-05-14T20:34:45.759Z,sell,3.45e-06,53.0,0.00018285
DLT/BTC,1621024489092,2021-05-14T20:34:49.092Z,sell,3.45e-06,115.0,0.00039675
DLT/BTC,1621024493826,2021-05-14T20:34:53.826Z,buy,3.45e-06,289.0,0.00099705
DLT/BTC,1621024495886,2021-05-14T20:34:55.886Z,buy,3.45e-06,4271.0,0.01473495
DLT/BTC,1621024495886,2021-05-14T20:34:55.886Z,buy,3.46e-06,15729.0,0.05442234
DLT/BTC,1621024511536,2021-05-14T20:35:11.536Z,buy,3.46e-06,30.0,0.0001038
DLT/BTC,1621024513357,2021-05-14T20:35:13.357Z,buy,3.46e-06,53.0,0.00018338
DLT/BTC,1621024513495,2021-05-14T20:35:13.495Z,sell,3.44e-06,82.0,0.00028208
DLT/BTC,1621024513495,2021-05-14T20:35:13.495Z,sell,3.43e-06,82.0,0.00028126000000000003
DLT/BTC,1621024513495,2021-05-14T20:35:13.495Z,sell,3.42e-06,35131.0,0.12014802
DLT/BTC,1621024514648,2021-05-14T20:35:14.648Z,buy,3.44e-06,30.0,0.0001032
DLT/BTC,1621024514661,2021-05-14T20:35:14.661Z,buy,3.44e-06,30.0,0.0001032
DLT/BTC,1621024515459,2021-05-14T20:35:15.459Z,sell,3.43e-06,82.0,0.00028126000000000003
DLT/BTC,1621024526457,2021-05-14T20:35:26.457Z,buy,3.44e-06,14276.0,0.049109440000000004
DLT/BTC,1621024526457,2021-05-14T20:35:26.457Z,buy,3.45e-06,20010.0,0.0690345
DLT/BTC,1621024547469,2021-05-14T20:35:47.469Z,buy,3.45e-06,11429.0,0.03943005
DLT/BTC,1621024550628,2021-05-14T20:35:50.628Z,sell,3.44e-06,154.0,0.00052976
DLT/BTC,1621024555623,2021-05-14T20:35:55.623Z,sell,3.44e-06,109.0,0.00037496000000000003
DLT/BTC,1621024555623,2021-05-14T20:35:55.623Z,sell,3.43e-06,2285.0,0.00783755
DLT/BTC,1621024555623,2021-05-14T20:35:55.623Z,sell,3.42e-06,30025.0,0.1026855
DLT/BTC,1621024555623,2021-05-14T20:35:55.623Z,sell,3.41e-06,2876.0,0.00980716
DLT/BTC,1621024556917,2021-05-14T20:35:56.917Z,sell,3.43e-06,82.0,0.00028126000000000003
DLT/BTC,1621024562461,2021-05-14T20:36:02.461Z,buy,3.44e-06,296.0,0.0010182400000000001
DLT/BTC,1621024562461,2021-05-14T20:36:02.461Z,buy,3.45e-06,31137.0,0.10742265
DLT/BTC,1621024562461,2021-05-14T20:36:02.461Z,buy,3.46e-06,2853.0,0.009871379999999999
DLT/BTC,1621024563431,2021-05-14T20:36:03.431Z,buy,3.45e-06,82.0,0.0002829
DLT/BTC,1621024568970,2021-05-14T20:36:08.970Z,sell,3.44e-06,1949.0,0.00670456
DLT/BTC,1621024568970,2021-05-14T20:36:08.970Z,sell,3.43e-06,82.0,0.00028126000000000003
DLT/BTC,1621024568970,2021-05-14T20:36:08.970Z,sell,3.42e-06,33264.0,0.11376288
DLT/BTC,1621024576037,2021-05-14T20:36:16.037Z,buy,3.43e-06,32.0,0.00010976
DLT/BTC,1621024577169,2021-05-14T20:36:17.169Z,buy,3.43e-06,71.0,0.00024353000000000002
DLT/BTC,1621024584462,2021-05-14T20:36:24.462Z,buy,3.43e-06,6543.0,0.022442490000000002
DLT/BTC,1621024584462,2021-05-14T20:36:24.462Z,buy,3.44e-06,27743.0,0.09543592000000001
DLT/BTC,1621024587000,2021-05-14T20:36:27.000Z,buy,3.44e-06,150.0,0.000516
DLT/BTC,1621024608747,2021-05-14T20:36:48.747Z,sell,3.43e-06,587.0,0.00201341
DLT/BTC,1621024608747,2021-05-14T20:36:48.747Z,sell,3.42e-06,29514.0,0.10093788
DLT/BTC,1621024608747,2021-05-14T20:36:48.747Z,sell,3.41e-06,5194.0,0.01771154
DLT/BTC,1621024615045,2021-05-14T20:36:55.045Z,buy,3.43e-06,82.0,0.00028126000000000003
DLT/BTC,1621024615045,2021-05-14T20:36:55.045Z,buy,3.44e-06,31264.0,0.10754816
DLT/BTC,1621024615045,2021-05-14T20:36:55.045Z,buy,3.45e-06,2940.0,0.010143
DLT/BTC,1621024620774,2021-05-14T20:37:00.774Z,sell,3.43e-06,82.0,0.00028126000000000003
DLT/BTC,1621024620774,2021-05-14T20:37:00.774Z,sell,3.42e-06,31415.0,0.1074393
DLT/BTC,1621024620774,2021-05-14T20:37:00.774Z,sell,3.41e-06,3798.0,0.01295118
DLT/BTC,1621024630504,2021-05-14T20:37:10.504Z,buy,3.43e-06,34286.0,0.11760098000000001
DLT/BTC,1621024642863,2021-05-14T20:37:22.863Z,sell,3.42e-06,26076.0,0.08917992
DLT/BTC,1621024642863,2021-05-14T20:37:22.863Z,sell,3.41e-06,5225.0,0.01781725
DLT/BTC,1621024651574,2021-05-14T20:37:31.574Z,sell,3.42e-06,5750.0,0.019665
DLT/BTC,1621024651574,2021-05-14T20:37:31.574Z,sell,3.41e-06,9888.0,0.03371808
DLT/BTC,1621024651574,2021-05-14T20:37:31.574Z,sell,3.4e-06,3322.0,0.0112948
DLT/BTC,1621024651574,2021-05-14T20:37:31.574Z,sell,3.39e-06,7276.0,0.024665640000000003
DLT/BTC,1621024651574,2021-05-14T20:37:31.574Z,sell,3.38e-06,15056.0,0.050889279999999995
DLT/BTC,1621024651574,2021-05-14T20:37:31.574Z,sell,3.37e-06,46641.0,0.15718017
DLT/BTC,1621024651574,2021-05-14T20:37:31.574Z,sell,3.37e-06,11319.0,0.038145029999999996
DLT/BTC,1621024652100,2021-05-14T20:37:32.100Z,buy,3.42e-06,3017.0,0.01031814
DLT/BTC,1621024652154,2021-05-14T20:37:32.154Z,sell,3.42e-06,82.0,0.00028043999999999996
DLT/BTC,1621024652431,2021-05-14T20:37:32.431Z,sell,3.42e-06,7.0,2.3939999999999998e-05
DLT/BTC,1621024655705,2021-05-14T20:37:35.705Z,buy,3.41e-06,75.0,0.00025575
DLT/BTC,1621024655705,2021-05-14T20:37:35.705Z,buy,3.42e-06,1122.0,0.00383724
DLT/BTC,1621024663640,2021-05-14T20:37:43.640Z,sell,3.42e-06,148.0,0.00050616
DLT/BTC,1621024664946,2021-05-14T20:37:44.946Z,sell,3.42e-06,4758.0,0.01627236
DLT/BTC,1621024674777,2021-05-14T20:37:54.777Z,sell,3.42e-06,86.0,0.00029412
DLT/BTC,1621024678759,2021-05-14T20:37:58.759Z,sell,3.42e-06,290.0,0.0009918
DLT/BTC,1621024681384,2021-05-14T20:38:01.384Z,sell,3.42e-06,47.0,0.00016073999999999998
DLT/BTC,1621024682441,2021-05-14T20:38:02.441Z,sell,3.42e-06,32.0,0.00010944
DLT/BTC,1621024682484,2021-05-14T20:38:02.484Z,sell,3.42e-06,150.0,0.000513
DLT/BTC,1621024682566,2021-05-14T20:38:02.566Z,sell,3.42e-06,71.0,0.00024281999999999998
DLT/BTC,1621024682692,2021-05-14T20:38:02.692Z,sell,3.42e-06,32.0,0.00010944
DLT/BTC,1621024682832,2021-05-14T20:38:02.832Z,sell,3.42e-06,71.0,0.00024281999999999998
DLT/BTC,1621024751863,2021-05-14T20:39:11.863Z,sell,3.42e-06,19104.0,0.06533568
DLT/BTC,1621024849212,2021-05-14T20:40:49.212Z,sell,3.42e-06,148.0,0.00050616
DLT/BTC,1621025046452,2021-05-14T20:44:06.452Z,sell,3.42e-06,73.0,0.00024965999999999996
DLT/BTC,1621025194118,2021-05-14T20:46:34.118Z,sell,3.42e-06,427.0,0.0014603399999999999
DLT/BTC,1621025254334,2021-05-14T20:47:34.334Z,sell,3.42e-06,2291.0,0.00783522
DLT/BTC,1621025318541,2021-05-14T20:48:38.541Z,sell,3.42e-06,1183.0,0.00404586
DLT/BTC,1621025623586,2021-05-14T20:53:43.586Z,buy,3.43e-06,1606.0,0.00550858
DLT/BTC,1621025760824,2021-05-14T20:56:00.824Z,buy,3.43e-06,196.0,0.00067228
DLT/BTC,1621025782436,2021-05-14T20:56:22.436Z,sell,3.43e-06,1645.0,0.00564235
DLT/BTC,1621025782436,2021-05-14T20:56:22.436Z,sell,3.43e-06,1645.0,0.00564235
DLT/BTC,1621025800296,2021-05-14T20:56:40.296Z,buy,3.43e-06,11671.0,0.04003153
DLT/BTC,1621025804761,2021-05-14T20:56:44.761Z,sell,3.43e-06,1438.0,0.00493234
DLT/BTC,1621025804885,2021-05-14T20:56:44.885Z,sell,3.43e-06,3713.0,0.012735590000000001
DLT/BTC,1621025825573,2021-05-14T20:57:05.573Z,sell,3.43e-06,2233.0,0.007659190000000001
DLT/BTC,1621025843275,2021-05-14T20:57:23.275Z,buy,3.43e-06,146.0,0.00050078
DLT/BTC,1621025891023,2021-05-14T20:58:11.023Z,sell,3.42e-06,294.0,0.00100548
DLT/BTC,1621026006499,2021-05-14T21:00:06.499Z,sell,3.42e-06,128.0,0.00043776
DLT/BTC,1621026121043,2021-05-14T21:02:01.043Z,sell,3.42e-06,32.0,0.00010944
DLT/BTC,1621026134981,2021-05-14T21:02:14.981Z,sell,3.42e-06,2261.0,0.00773262
DLT/BTC,1621026491112,2021-05-14T21:08:11.112Z,buy,3.43e-06,45.0,0.00015435
DLT/BTC,1621026508736,2021-05-14T21:08:28.736Z,buy,3.43e-06,854.0,0.00292922
DLT/BTC,1621026721725,2021-05-14T21:12:01.725Z,buy,3.43e-06,1052.0,0.00360836
DLT/BTC,1621026791628,2021-05-14T21:13:11.628Z,buy,3.43e-06,1766.0,0.00605738
DLT/BTC,1621026826959,2021-05-14T21:13:46.959Z,buy,3.43e-06,1050.0,0.0036015
DLT/BTC,1621027239356,2021-05-14T21:20:39.356Z,sell,3.42e-06,13918.0,0.04759956
DLT/BTC,1621027272497,2021-05-14T21:21:12.497Z,sell,3.42e-06,220.0,0.0007524
DLT/BTC,1621027332828,2021-05-14T21:22:12.828Z,buy,3.43e-06,2137.0,0.00732991
DLT/BTC,1621027397956,2021-05-14T21:23:17.956Z,buy,3.43e-06,29.0,9.947000000000001e-05
DLT/BTC,1621027494762,2021-05-14T21:24:54.762Z,sell,3.42e-06,2887.0,0.00987354
DLT/BTC,1621027566745,2021-05-14T21:26:06.745Z,sell,3.42e-06,4473.0,0.01529766
DLT/BTC,1621027604408,2021-05-14T21:26:44.408Z,sell,3.42e-06,56.0,0.00019151999999999998
DLT/BTC,1621027695918,2021-05-14T21:28:15.918Z,buy,3.43e-06,10245.0,0.03514035
DLT/BTC,1621027791427,2021-05-14T21:29:51.427Z,sell,3.42e-06,808.0,0.00276336
DLT/BTC,1621027792193,2021-05-14T21:29:52.193Z,buy,3.43e-06,124.0,0.00042532000000000003
DLT/BTC,1621027857026,2021-05-14T21:30:57.026Z,sell,3.42e-06,1050.0,0.003591
DLT/BTC,1621028096041,2021-05-14T21:34:56.041Z,buy,3.43e-06,908.0,0.00311444
DLT/BTC,1621028187251,2021-05-14T21:36:27.251Z,buy,3.43e-06,140.0,0.0004802
DLT/BTC,1621028556709,2021-05-14T21:42:36.709Z,buy,3.43e-06,795.0,0.0027268500000000003
DLT/BTC,1621028594886,2021-05-14T21:43:14.886Z,sell,3.42e-06,1000.0,0.00342
DLT/BTC,1621028832205,2021-05-14T21:47:12.205Z,buy,3.43e-06,174.0,0.0005968200000000001
DLT/BTC,1621028848778,2021-05-14T21:47:28.778Z,sell,3.42e-06,5498.0,0.01880316
DLT/BTC,1621028934364,2021-05-14T21:48:54.364Z,sell,3.42e-06,48.0,0.00016416
DLT/BTC,1621028999710,2021-05-14T21:49:59.710Z,sell,3.42e-06,49.0,0.00016758
DLT/BTC,1621028999710,2021-05-14T21:49:59.710Z,sell,3.42e-06,49.0,0.00016758
DLT/BTC,1621030003550,2021-05-14T22:06:43.550Z,buy,3.43e-06,3701.0,0.012694430000000001
DLT/BTC,1621030003550,2021-05-14T22:06:43.550Z,buy,3.44e-06,5328.0,0.018328320000000002
DLT/BTC,1621030034027,2021-05-14T22:07:14.027Z,sell,3.43e-06,216.0,0.0007408800000000001
DLT/BTC,1621030034027,2021-05-14T22:07:14.027Z,sell,3.42e-06,380.0,0.0012996
DLT/BTC,1621030037366,2021-05-14T22:07:17.366Z,sell,3.43e-06,61.0,0.00020923
DLT/BTC,1621030098055,2021-05-14T22:08:18.055Z,sell,3.42e-06,178.0,0.00060876
DLT/BTC,1621030833240,2021-05-14T22:20:33.240Z,sell,3.42e-06,3515.0,0.0120213
DLT/BTC,1621030897623,2021-05-14T22:21:37.623Z,buy,3.43e-06,232.0,0.0007957600000000001
DLT/BTC,1621031033742,2021-05-14T22:23:53.742Z,buy,3.43e-06,1559.0,0.005347370000000001
DLT/BTC,1621031040351,2021-05-14T22:24:00.351Z,buy,3.43e-06,514.0,0.0017630200000000001
DLT/BTC,1621031047362,2021-05-14T22:24:07.362Z,buy,3.43e-06,583.0,0.00199969
DLT/BTC,1621031168905,2021-05-14T22:26:08.905Z,buy,3.43e-06,446.0,0.0015297800000000001
DLT/BTC,1621031280928,2021-05-14T22:28:00.928Z,sell,3.42e-06,505.0,0.0017270999999999999
DLT/BTC,1621031291778,2021-05-14T22:28:11.778Z,sell,3.42e-06,884.0,0.0030232799999999997
DLT/BTC,1621031478095,2021-05-14T22:31:18.095Z,buy,3.43e-06,53.0,0.00018179
DLT/BTC,1621031491295,2021-05-14T22:31:31.295Z,sell,3.42e-06,609.0,0.00208278
DLT/BTC,1621031857149,2021-05-14T22:37:37.149Z,buy,3.43e-06,47807.0,0.16397801
DLT/BTC,1621032084781,2021-05-14T22:41:24.781Z,sell,3.43e-06,149.0,0.0005110700000000001
DLT/BTC,1621032250759,2021-05-14T22:44:10.759Z,buy,3.44e-06,82.0,0.00028208
DLT/BTC,1621032281826,2021-05-14T22:44:41.826Z,buy,3.45e-06,87.0,0.00030015
DLT/BTC,1621032281828,2021-05-14T22:44:41.828Z,buy,3.45e-06,30.0,0.0001035
DLT/BTC,1621032282093,2021-05-14T22:44:42.093Z,buy,3.45e-06,30.0,0.0001035
DLT/BTC,1621032292194,2021-05-14T22:44:52.194Z,buy,3.45e-06,30.0,0.0001035
DLT/BTC,1621032304484,2021-05-14T22:45:04.484Z,buy,3.45e-06,30.0,0.0001035
DLT/BTC,1621032314976,2021-05-14T22:45:14.976Z,buy,3.45e-06,111.0,0.00038295
DLT/BTC,1621032315153,2021-05-14T22:45:15.153Z,buy,3.45e-06,54.0,0.0001863
DLT/BTC,1621032330413,2021-05-14T22:45:30.413Z,buy,3.45e-06,5716.0,0.0197202
DLT/BTC,1621032375170,2021-05-14T22:46:15.170Z,buy,3.45e-06,30.0,0.0001035
DLT/BTC,1621032431068,2021-05-14T22:47:11.068Z,buy,3.46e-06,77.0,0.00026642
DLT/BTC,1621032434455,2021-05-14T22:47:14.455Z,buy,3.46e-06,1153.0,0.00398938
DLT/BTC,1621032444391,2021-05-14T22:47:24.391Z,buy,3.47e-06,30.0,0.0001041
DLT/BTC,1621032449228,2021-05-14T22:47:29.228Z,buy,3.47e-06,30.0,0.0001041
DLT/BTC,1621032449248,2021-05-14T22:47:29.248Z,buy,3.47e-06,30.0,0.0001041
DLT/BTC,1621032463740,2021-05-14T22:47:43.740Z,buy,3.47e-06,53.0,0.00018391
DLT/BTC,1621032485294,2021-05-14T22:48:05.294Z,buy,3.47e-06,343.0,0.00119021
DLT/BTC,1621032510094,2021-05-14T22:48:30.094Z,buy,3.47e-06,30.0,0.0001041
DLT/BTC,1621032513996,2021-05-14T22:48:33.996Z,buy,3.47e-06,30.0,0.0001041
DLT/BTC,1621032577807,2021-05-14T22:49:37.807Z,buy,3.47e-06,30.0,0.0001041
DLT/BTC,1621032577807,2021-05-14T22:49:37.807Z,buy,3.47e-06,30.0,0.0001041
DLT/BTC,1621032613058,2021-05-14T22:50:13.058Z,buy,3.47e-06,30.0,0.0001041
DLT/BTC,1621032701960,2021-05-14T22:51:41.960Z,buy,3.47e-06,30.0,0.0001041
DLT/BTC,1621032707248,2021-05-14T22:51:47.248Z,sell,3.46e-06,131.0,0.00045326
DLT/BTC,1621032708388,2021-05-14T22:51:48.388Z,sell,3.46e-06,96.0,0.00033215999999999996
DLT/BTC,1621032793971,2021-05-14T22:53:13.971Z,buy,3.46e-06,167.0,0.0005778199999999999
DLT/BTC,1621032810417,2021-05-14T22:53:30.417Z,sell,3.46e-06,121.0,0.00041866
DLT/BTC,1621032855500,2021-05-14T22:54:15.500Z,buy,3.46e-06,347.0,0.00120062
DLT/BTC,1621032858247,2021-05-14T22:54:18.247Z,buy,3.46e-06,40.0,0.0001384
DLT/BTC,1621032875586,2021-05-14T22:54:35.586Z,buy,3.47e-06,1246.0,0.004323619999999999
DLT/BTC,1621032908721,2021-05-14T22:55:08.721Z,buy,3.47e-06,30.0,0.0001041
DLT/BTC,1621032917321,2021-05-14T22:55:17.321Z,buy,3.47e-06,47.0,0.00016308999999999999
DLT/BTC,1621032942389,2021-05-14T22:55:42.389Z,buy,3.47e-06,30.0,0.0001041
DLT/BTC,1621032973947,2021-05-14T22:56:13.947Z,buy,3.47e-06,2162.0,0.00750214
DLT/BTC,1621032993747,2021-05-14T22:56:33.747Z,buy,3.47e-06,979.0,0.00339713
DLT/BTC,1621033034843,2021-05-14T22:57:14.843Z,buy,3.47e-06,87.0,0.00030188999999999997
DLT/BTC,1621033094619,2021-05-14T22:58:14.619Z,buy,3.47e-06,30.0,0.0001041
DLT/BTC,1621033155571,2021-05-14T22:59:15.571Z,buy,3.47e-06,58.0,0.00020125999999999998
DLT/BTC,1621033218656,2021-05-14T23:00:18.656Z,buy,3.47e-06,30.0,0.0001041
DLT/BTC,1621033357708,2021-05-14T23:02:37.708Z,buy,3.47e-06,58.0,0.00020125999999999998
DLT/BTC,1621033393687,2021-05-14T23:03:13.687Z,sell,3.45e-06,176.0,0.0006072
DLT/BTC,1621033556995,2021-05-14T23:05:56.995Z,buy,3.46e-06,82.0,0.00028372
DLT/BTC,1621033556995,2021-05-14T23:05:56.995Z,buy,3.47e-06,138.0,0.00047885999999999995
DLT/BTC,1621033716884,2021-05-14T23:08:36.884Z,buy,3.47e-06,30.0,0.0001041
DLT/BTC,1621033717544,2021-05-14T23:08:37.544Z,buy,3.47e-06,30.0,0.0001041
DLT/BTC,1621033798922,2021-05-14T23:09:58.922Z,buy,3.47e-06,316.0,0.00109652
DLT/BTC,1621033823147,2021-05-14T23:10:23.147Z,sell,3.45e-06,1707.0,0.00588915
DLT/BTC,1621033999297,2021-05-14T23:13:19.297Z,sell,3.45e-06,944.0,0.0032568
DLT/BTC,1621034878108,2021-05-14T23:27:58.108Z,buy,3.47e-06,2690.0,0.0093343
DLT/BTC,1621035014298,2021-05-14T23:30:14.298Z,buy,3.47e-06,110.0,0.00038169999999999995
DLT/BTC,1621035016638,2021-05-14T23:30:16.638Z,buy,3.47e-06,142.0,0.00049274
DLT/BTC,1621035016639,2021-05-14T23:30:16.639Z,buy,3.47e-06,2882.0,0.010000539999999999
DLT/BTC,1621035016651,2021-05-14T23:30:16.651Z,buy,3.47e-06,1182.0,0.00410154
DLT/BTC,1621035016665,2021-05-14T23:30:16.665Z,buy,3.47e-06,73.0,0.00025330999999999997
DLT/BTC,1621035016674,2021-05-14T23:30:16.674Z,buy,3.47e-06,433.0,0.0015025099999999999
DLT/BTC,1621035016679,2021-05-14T23:30:16.679Z,buy,3.47e-06,4323.0,0.01500081
DLT/BTC,1621035016687,2021-05-14T23:30:16.687Z,buy,3.47e-06,1182.0,0.00410154
DLT/BTC,1621035016693,2021-05-14T23:30:16.693Z,buy,3.47e-06,865.0,0.00300155
DLT/BTC,1621035016695,2021-05-14T23:30:16.695Z,buy,3.47e-06,1182.0,0.00410154
DLT/BTC,1621035016711,2021-05-14T23:30:16.711Z,buy,3.47e-06,577.0,0.00200219
DLT/BTC,1621035016712,2021-05-14T23:30:16.712Z,buy,3.47e-06,577.0,0.00200219
DLT/BTC,1621035016752,2021-05-14T23:30:16.752Z,buy,3.47e-06,4323.0,0.01500081
DLT/BTC,1621035016756,2021-05-14T23:30:16.756Z,buy,3.47e-06,433.0,0.0015025099999999999
DLT/BTC,1621035016790,2021-05-14T23:30:16.790Z,buy,3.47e-06,577.0,0.00200219
DLT/BTC,1621035016799,2021-05-14T23:30:16.799Z,buy,3.47e-06,577.0,0.00200219
DLT/BTC,1621035016918,2021-05-14T23:30:16.918Z,buy,3.47e-06,577.0,0.00200219
DLT/BTC,1621035059504,2021-05-14T23:30:59.504Z,buy,3.47e-06,30.0,0.0001041
DLT/BTC,1621035075691,2021-05-14T23:31:15.691Z,buy,3.47e-06,130.0,0.00045109999999999996
DLT/BTC,1621035280815,2021-05-14T23:34:40.815Z,buy,3.47e-06,30.0,0.0001041
DLT/BTC,1621035326858,2021-05-14T23:35:26.858Z,sell,3.45e-06,1986.0,0.0068517
DLT/BTC,1621035335121,2021-05-14T23:35:35.121Z,buy,3.47e-06,65.0,0.00022554999999999998
DLT/BTC,1621035451574,2021-05-14T23:37:31.574Z,sell,3.45e-06,4055.0,0.01398975
DLT/BTC,1621035679931,2021-05-14T23:41:19.931Z,buy,3.47e-06,752.0,0.0026094399999999998
DLT/BTC,1621035679931,2021-05-14T23:41:19.931Z,buy,3.47e-06,752.0,0.0026094399999999998
DLT/BTC,1621036332947,2021-05-14T23:52:12.947Z,buy,3.47e-06,30.0,0.0001041
DLT/BTC,1621036482398,2021-05-14T23:54:42.398Z,buy,3.47e-06,30.0,0.0001041
DLT/BTC,1621036493333,2021-05-14T23:54:53.333Z,buy,3.47e-06,87.0,0.00030188999999999997
DLT/BTC,1621036573561,2021-05-14T23:56:13.561Z,buy,3.47e-06,30.0,0.0001041
DLT/BTC,1621036630424,2021-05-14T23:57:10.424Z,buy,3.47e-06,65.0,0.00022554999999999998
DLT/BTC,1621036634890,2021-05-14T23:57:14.890Z,buy,3.47e-06,145.0,0.00050315
DLT/BTC,1621037186428,2021-05-15T00:06:26.428Z,sell,3.45e-06,57.0,0.00019665
DLT/BTC,1621037310801,2021-05-15T00:08:30.801Z,sell,3.45e-06,37.0,0.00012765
DLT/BTC,1621037443375,2021-05-15T00:10:43.375Z,sell,3.45e-06,2854.0,0.0098463
DLT/BTC,1621037539658,2021-05-15T00:12:19.658Z,sell,3.45e-06,12414.0,0.0428283
DLT/BTC,1621037546475,2021-05-15T00:12:26.475Z,buy,3.45e-06,2931.0,0.01011195
DLT/BTC,1621037586112,2021-05-15T00:13:06.112Z,buy,3.45e-06,7247.0,0.02500215
DLT/BTC,1621037597214,2021-05-15T00:13:17.214Z,buy,3.45e-06,5032.0,0.0173604
DLT/BTC,1621037605863,2021-05-15T00:13:25.863Z,sell,3.44e-06,332.0,0.00114208
DLT/BTC,1621037607334,2021-05-15T00:13:27.334Z,sell,3.44e-06,153.0,0.00052632
DLT/BTC,1621037627313,2021-05-15T00:13:47.313Z,buy,3.44e-06,145.0,0.0004988
DLT/BTC,1621037684819,2021-05-15T00:14:44.819Z,buy,3.44e-06,5634.0,0.01938096
DLT/BTC,1621037720826,2021-05-15T00:15:20.826Z,buy,3.44e-06,767.0,0.00263848
DLT/BTC,1621037762047,2021-05-15T00:16:02.047Z,buy,3.44e-06,96.0,0.00033024
DLT/BTC,1621037872740,2021-05-15T00:17:52.740Z,buy,3.45e-06,289.0,0.00099705
DLT/BTC,1621037964508,2021-05-15T00:19:24.508Z,buy,3.45e-06,4788.0,0.0165186
DLT/BTC,1621038305836,2021-05-15T00:25:05.836Z,sell,3.43e-06,1232.0,0.00422576
DLT/BTC,1621038541193,2021-05-15T00:29:01.193Z,sell,3.43e-06,499.0,0.0017115700000000001
DLT/BTC,1621038772995,2021-05-15T00:32:52.995Z,buy,3.44e-06,500.0,0.00172
DLT/BTC,1621038865978,2021-05-15T00:34:25.978Z,sell,3.43e-06,1244.0,0.0042669200000000004
DLT/BTC,1621038968013,2021-05-15T00:36:08.013Z,buy,3.44e-06,7268.0,0.02500192
DLT/BTC,1621038968013,2021-05-15T00:36:08.013Z,buy,3.44e-06,7268.0,0.02500192
DLT/BTC,1621039345599,2021-05-15T00:42:25.599Z,buy,3.44e-06,121.0,0.00041624
DLT/BTC,1621039560202,2021-05-15T00:46:00.202Z,buy,3.44e-06,5688.0,0.01956672
DLT/BTC,1621039560202,2021-05-15T00:46:00.202Z,buy,3.45e-06,5288.0,0.0182436
DLT/BTC,1621039742722,2021-05-15T00:49:02.722Z,sell,3.43e-06,450.0,0.0015435000000000002
DLT/BTC,1621040224826,2021-05-15T00:57:04.826Z,sell,3.43e-06,267.0,0.0009158100000000001
DLT/BTC,1621040229932,2021-05-15T00:57:09.932Z,sell,3.43e-06,500.0,0.0017150000000000002
DLT/BTC,1621040262021,2021-05-15T00:57:42.021Z,sell,3.43e-06,5032.0,0.017259760000000002
DLT/BTC,1621040267537,2021-05-15T00:57:47.537Z,sell,3.43e-06,5634.0,0.01932462
DLT/BTC,1621040649653,2021-05-15T01:04:09.653Z,buy,3.44e-06,79.0,0.00027176
DLT/BTC,1621042394635,2021-05-15T01:33:14.635Z,buy,3.44e-06,5047.0,0.01736168
DLT/BTC,1621042394635,2021-05-15T01:33:14.635Z,buy,3.44e-06,5047.0,0.01736168
DLT/BTC,1621042570539,2021-05-15T01:36:10.539Z,buy,3.44e-06,87.0,0.00029928
DLT/BTC,1621042732773,2021-05-15T01:38:52.773Z,sell,3.43e-06,259.0,0.0008883700000000001
DLT/BTC,1621043884020,2021-05-15T01:58:04.020Z,sell,3.43e-06,5047.0,0.01731121
DLT/BTC,1621043955841,2021-05-15T01:59:15.841Z,buy,3.44e-06,33.0,0.00011352
DLT/BTC,1621044242138,2021-05-15T02:04:02.138Z,buy,3.44e-06,48.0,0.00016512
DLT/BTC,1621044398725,2021-05-15T02:06:38.725Z,sell,3.43e-06,609.0,0.00208887
DLT/BTC,1621045025219,2021-05-15T02:17:05.219Z,sell,3.43e-06,2147.0,0.00736421
DLT/BTC,1621045092405,2021-05-15T02:18:12.405Z,buy,3.44e-06,214.0,0.00073616
DLT/BTC,1621045173746,2021-05-15T02:19:33.746Z,sell,3.43e-06,53.0,0.00018179
DLT/BTC,1621045413045,2021-05-15T02:23:33.045Z,buy,3.44e-06,2343.0,0.00805992
DLT/BTC,1621045573922,2021-05-15T02:26:13.922Z,buy,3.44e-06,1763.0,0.00606472
DLT/BTC,1621045573993,2021-05-15T02:26:13.993Z,buy,3.44e-06,436.0,0.0014998400000000001
DLT/BTC,1621045648045,2021-05-15T02:27:28.045Z,buy,3.44e-06,668.0,0.00229792
DLT/BTC,1621045648045,2021-05-15T02:27:28.045Z,buy,3.45e-06,559.0,0.00192855
DLT/BTC,1621045689054,2021-05-15T02:28:09.054Z,buy,3.45e-06,30.0,0.0001035
DLT/BTC,1621045753604,2021-05-15T02:29:13.604Z,buy,3.45e-06,30.0,0.0001035
DLT/BTC,1621045753604,2021-05-15T02:29:13.604Z,buy,3.45e-06,30.0,0.0001035
DLT/BTC,1621046015073,2021-05-15T02:33:35.073Z,buy,3.45e-06,143.0,0.00049335
DLT/BTC,1621046269762,2021-05-15T02:37:49.762Z,buy,3.45e-06,141.0,0.00048645
DLT/BTC,1621047090021,2021-05-15T02:51:30.021Z,sell,3.43e-06,80.0,0.0002744
DLT/BTC,1621047358714,2021-05-15T02:55:58.714Z,sell,3.43e-06,5416.0,0.01857688
DLT/BTC,1621047837999,2021-05-15T03:03:57.999Z,buy,3.44e-06,83.0,0.00028552
DLT/BTC,1621047865715,2021-05-15T03:04:25.715Z,sell,3.43e-06,2105.0,0.007220150000000001
DLT/BTC,1621047871133,2021-05-15T03:04:31.133Z,sell,3.43e-06,4801.0,0.01646743
DLT/BTC,1621048449662,2021-05-15T03:14:09.662Z,sell,3.43e-06,188.0,0.00064484
DLT/BTC,1621048771661,2021-05-15T03:19:31.661Z,sell,3.43e-06,4658.0,0.015976940000000002
DLT/BTC,1621048923976,2021-05-15T03:22:03.976Z,sell,3.43e-06,558.0,0.00191394
DLT/BTC,1621049113267,2021-05-15T03:25:13.267Z,buy,3.44e-06,59.0,0.00020296
DLT/BTC,1621049173149,2021-05-15T03:26:13.149Z,buy,3.44e-06,23.0,7.912e-05
DLT/BTC,1621049173149,2021-05-15T03:26:13.149Z,buy,3.44e-06,23.0,7.912e-05
DLT/BTC,1621049729669,2021-05-15T03:35:29.669Z,buy,3.45e-06,72.0,0.0002484
DLT/BTC,1621049916971,2021-05-15T03:38:36.971Z,sell,3.44e-06,1833.0,0.00630552
DLT/BTC,1621049975665,2021-05-15T03:39:35.665Z,sell,3.44e-06,349.0,0.00120056
DLT/BTC,1621050052155,2021-05-15T03:40:52.155Z,sell,3.44e-06,579.0,0.00199176
DLT/BTC,1621050162529,2021-05-15T03:42:42.529Z,sell,3.44e-06,48.0,0.00016512
DLT/BTC,1621050320247,2021-05-15T03:45:20.247Z,sell,3.44e-06,510.0,0.0017544000000000001
DLT/BTC,1621050468506,2021-05-15T03:47:48.506Z,sell,3.44e-06,62.0,0.00021328000000000002
DLT/BTC,1621050947925,2021-05-15T03:55:47.925Z,buy,3.45e-06,395.0,0.00136275
DLT/BTC,1621050988393,2021-05-15T03:56:28.393Z,buy,3.45e-06,30.0,0.0001035
DLT/BTC,1621051140731,2021-05-15T03:59:00.731Z,buy,3.45e-06,240.0,0.000828
DLT/BTC,1621051265635,2021-05-15T04:01:05.635Z,buy,3.45e-06,257.0,0.00088665
DLT/BTC,1621051336478,2021-05-15T04:02:16.478Z,sell,3.44e-06,1755.0,0.0060372
DLT/BTC,1621051353002,2021-05-15T04:02:33.002Z,buy,3.45e-06,376.0,0.0012972
DLT/BTC,1621051902535,2021-05-15T04:11:42.535Z,buy,3.45e-06,30.0,0.0001035
DLT/BTC,1621051951307,2021-05-15T04:12:31.307Z,sell,3.44e-06,648.0,0.0022291200000000002
DLT/BTC,1621051983296,2021-05-15T04:13:03.296Z,sell,3.44e-06,207.0,0.00071208
DLT/BTC,1621052321448,2021-05-15T04:18:41.448Z,buy,3.45e-06,206.0,0.0007107
DLT/BTC,1621052683912,2021-05-15T04:24:43.912Z,sell,3.44e-06,1239.0,0.00426216
DLT/BTC,1621052683912,2021-05-15T04:24:43.912Z,sell,3.44e-06,1239.0,0.00426216
DLT/BTC,1621053030260,2021-05-15T04:30:30.260Z,buy,3.45e-06,939.0,0.00323955
DLT/BTC,1621053208331,2021-05-15T04:33:28.331Z,buy,3.45e-06,58.0,0.0002001
DLT/BTC,1621053820107,2021-05-15T04:43:40.107Z,buy,3.45e-06,116.0,0.0004002
DLT/BTC,1621054001639,2021-05-15T04:46:41.639Z,buy,3.45e-06,82.0,0.0002829
DLT/BTC,1621054011808,2021-05-15T04:46:51.808Z,buy,3.45e-06,226.0,0.0007797
DLT/BTC,1621054344626,2021-05-15T04:52:24.626Z,sell,3.44e-06,500.0,0.00172
DLT/BTC,1621054567524,2021-05-15T04:56:07.524Z,sell,3.44e-06,89.0,0.00030616
DLT/BTC,1621054638389,2021-05-15T04:57:18.389Z,sell,3.44e-06,804.0,0.00276576
DLT/BTC,1621054650912,2021-05-15T04:57:30.912Z,sell,3.44e-06,4546.0,0.01563824
DLT/BTC,1621054760848,2021-05-15T04:59:20.848Z,buy,3.44e-06,500.0,0.00172
DLT/BTC,1621054817025,2021-05-15T05:00:17.025Z,sell,3.43e-06,1500.0,0.005145
DLT/BTC,1621054865496,2021-05-15T05:01:05.496Z,buy,3.44e-06,189.0,0.00065016
DLT/BTC,1621055027625,2021-05-15T05:03:47.625Z,sell,3.43e-06,834.0,0.0028606200000000003
DLT/BTC,1621055030358,2021-05-15T05:03:50.358Z,buy,3.44e-06,79.0,0.00027176
DLT/BTC,1621055036329,2021-05-15T05:03:56.329Z,buy,3.44e-06,58059.0,0.19972296
DLT/BTC,1621055487421,2021-05-15T05:11:27.421Z,buy,3.44e-06,114.0,0.00039216
DLT/BTC,1621055562699,2021-05-15T05:12:42.699Z,sell,3.43e-06,590.0,0.0020237000000000002
DLT/BTC,1621055562699,2021-05-15T05:12:42.699Z,sell,3.42e-06,671.0,0.00229482
DLT/BTC,1621055588188,2021-05-15T05:13:08.188Z,buy,3.43e-06,82.0,0.00028126000000000003
DLT/BTC,1621055588188,2021-05-15T05:13:08.188Z,buy,3.44e-06,18.0,6.192e-05
DLT/BTC,1621056248730,2021-05-15T05:24:08.730Z,sell,3.42e-06,114.0,0.00038988
DLT/BTC,1621056248730,2021-05-15T05:24:08.730Z,sell,3.42e-06,114.0,0.00038988
DLT/BTC,1621056301363,2021-05-15T05:25:01.363Z,sell,3.42e-06,15021.0,0.05137182
DLT/BTC,1621056301673,2021-05-15T05:25:01.673Z,buy,3.42e-06,30.0,0.0001026
DLT/BTC,1621056435312,2021-05-15T05:27:15.312Z,buy,3.43e-06,8070.0,0.027680100000000003
DLT/BTC,1621056435312,2021-05-15T05:27:15.312Z,buy,3.44e-06,21169.0,0.07282136
DLT/BTC,1621056436265,2021-05-15T05:27:16.265Z,buy,3.43e-06,82.0,0.00028126000000000003
DLT/BTC,1621056661139,2021-05-15T05:31:01.139Z,buy,3.44e-06,291.0,0.0010010400000000001
DLT/BTC,1621057391583,2021-05-15T05:43:11.583Z,sell,3.42e-06,51.0,0.00017442
DLT/BTC,1621057394689,2021-05-15T05:43:14.689Z,sell,3.42e-06,292.0,0.0009986399999999999
DLT/BTC,1621058046846,2021-05-15T05:54:06.846Z,sell,3.42e-06,2426.0,0.00829692
DLT/BTC,1621058103246,2021-05-15T05:55:03.246Z,sell,3.42e-06,237.0,0.00081054
DLT/BTC,1621058103246,2021-05-15T05:55:03.246Z,sell,3.41e-06,1395.0,0.00475695
DLT/BTC,1621058216747,2021-05-15T05:56:56.747Z,buy,3.42e-06,82.0,0.00028043999999999996
DLT/BTC,1621058259058,2021-05-15T05:57:39.058Z,sell,3.42e-06,4944.0,0.01690848
DLT/BTC,1621058259058,2021-05-15T05:57:39.058Z,sell,3.41e-06,87317.0,0.29775097
DLT/BTC,1621058346447,2021-05-15T05:59:06.447Z,buy,3.42e-06,82.0,0.00028043999999999996
DLT/BTC,1621058368589,2021-05-15T05:59:28.589Z,sell,3.42e-06,4246.0,0.014521319999999999
DLT/BTC,1621058391263,2021-05-15T05:59:51.263Z,sell,3.42e-06,672.0,0.00229824
DLT/BTC,1621058664512,2021-05-15T06:04:24.512Z,buy,3.42e-06,146.0,0.0004993199999999999
DLT/BTC,1621058703169,2021-05-15T06:05:03.169Z,sell,3.41e-06,591.0,0.00201531
DLT/BTC,1621058879469,2021-05-15T06:07:59.469Z,sell,3.41e-06,4872.0,0.01661352
DLT/BTC,1621058903594,2021-05-15T06:08:23.594Z,sell,3.41e-06,4103.0,0.01399123
DLT/BTC,1621058966606,2021-05-15T06:09:26.606Z,buy,3.42e-06,438.0,0.00149796
DLT/BTC,1621059381011,2021-05-15T06:16:21.011Z,buy,3.42e-06,100.0,0.00034199999999999996
DLT/BTC,1621059601165,2021-05-15T06:20:01.165Z,sell,3.41e-06,1494.0,0.00509454
DLT/BTC,1621059686506,2021-05-15T06:21:26.506Z,buy,3.42e-06,5344.0,0.018276479999999998
DLT/BTC,1621059686506,2021-05-15T06:21:26.506Z,buy,3.42e-06,5344.0,0.018276479999999998
DLT/BTC,1621059899653,2021-05-15T06:24:59.653Z,sell,3.41e-06,31.0,0.00010571
DLT/BTC,1621059910784,2021-05-15T06:25:10.784Z,buy,3.42e-06,1070.0,0.0036593999999999997
DLT/BTC,1621059910784,2021-05-15T06:25:10.784Z,buy,3.43e-06,13585.0,0.04659655
DLT/BTC,1621059910784,2021-05-15T06:25:10.784Z,buy,3.44e-06,12195.0,0.0419508
DLT/BTC,1621059911611,2021-05-15T06:25:11.611Z,buy,3.43e-06,6649.0,0.02280607
DLT/BTC,1621059911782,2021-05-15T06:25:11.782Z,buy,3.43e-06,532.0,0.0018247600000000001
DLT/BTC,1621059911947,2021-05-15T06:25:11.947Z,buy,3.43e-06,82.0,0.00028126000000000003
DLT/BTC,1621059912382,2021-05-15T06:25:12.382Z,buy,3.43e-06,45.0,0.00015435
DLT/BTC,1621059912382,2021-05-15T06:25:12.382Z,buy,3.44e-06,1774.0,0.00610256
DLT/BTC,1621059912447,2021-05-15T06:25:12.447Z,buy,3.44e-06,3265.0,0.0112316
DLT/BTC,1621059912463,2021-05-15T06:25:12.463Z,buy,3.44e-06,8067.0,0.02775048
DLT/BTC,1621059912502,2021-05-15T06:25:12.502Z,buy,3.44e-06,3795.0,0.0130548
DLT/BTC,1621059912832,2021-05-15T06:25:12.832Z,buy,3.44e-06,9833.0,0.03382552
DLT/BTC,1621059913303,2021-05-15T06:25:13.303Z,buy,3.44e-06,427.0,0.00146888
DLT/BTC,1621059913516,2021-05-15T06:25:13.516Z,buy,3.44e-06,2120.0,0.0072928
DLT/BTC,1621059913527,2021-05-15T06:25:13.527Z,buy,3.44e-06,5213.0,0.01793272
DLT/BTC,1621059913527,2021-05-15T06:25:13.527Z,buy,3.45e-06,600.0,0.00207
DLT/BTC,1621059913632,2021-05-15T06:25:13.632Z,buy,3.45e-06,2872.0,0.0099084
DLT/BTC,1621059913686,2021-05-15T06:25:13.686Z,buy,3.45e-06,810.0,0.0027945
DLT/BTC,1621059914378,2021-05-15T06:25:14.378Z,buy,3.45e-06,28422.0,0.0980559
DLT/BTC,1621059914937,2021-05-15T06:25:14.937Z,buy,3.45e-06,106813.0,0.36850485
DLT/BTC,1621059914937,2021-05-15T06:25:14.937Z,buy,3.46e-06,1186.0,0.00410356
DLT/BTC,1621059914983,2021-05-15T06:25:14.983Z,buy,3.46e-06,2469.0,0.00854274
DLT/BTC,1621059915161,2021-05-15T06:25:15.161Z,buy,3.46e-06,1302.0,0.00450492
DLT/BTC,1621059915161,2021-05-15T06:25:15.161Z,buy,3.47e-06,37253.0,0.12926790999999999
DLT/BTC,1621059916381,2021-05-15T06:25:16.381Z,buy,3.46e-06,82.0,0.00028372
DLT/BTC,1621059916381,2021-05-15T06:25:16.381Z,buy,3.47e-06,3569.0,0.01238443
DLT/BTC,1621059918605,2021-05-15T06:25:18.605Z,buy,3.47e-06,22123.0,0.07676680999999999
DLT/BTC,1621059934751,2021-05-15T06:25:34.751Z,buy,3.46e-06,82.0,0.00028372
DLT/BTC,1621059973586,2021-05-15T06:26:13.586Z,buy,3.46e-06,30.0,0.0001038
DLT/BTC,1621059973776,2021-05-15T06:26:13.776Z,buy,3.46e-06,30.0,0.0001038
DLT/BTC,1621059973991,2021-05-15T06:26:13.991Z,buy,3.46e-06,30.0,0.0001038
DLT/BTC,1621059983054,2021-05-15T06:26:23.054Z,buy,3.46e-06,30.0,0.0001038
DLT/BTC,1621059987960,2021-05-15T06:26:27.960Z,buy,3.46e-06,53.0,0.00018338
DLT/BTC,1621060001950,2021-05-15T06:26:41.950Z,sell,3.45e-06,82.0,0.0002829
DLT/BTC,1621060003394,2021-05-15T06:26:43.394Z,buy,3.45e-06,30.0,0.0001035
DLT/BTC,1621060006129,2021-05-15T06:26:46.129Z,buy,3.45e-06,30.0,0.0001035
DLT/BTC,1621060033008,2021-05-15T06:27:13.008Z,buy,3.45e-06,10949.0,0.03777405
DLT/BTC,1621060033008,2021-05-15T06:27:13.008Z,buy,3.46e-06,1481.0,0.00512426
DLT/BTC,1621060033008,2021-05-15T06:27:13.008Z,buy,3.47e-06,16455.0,0.05709885
DLT/BTC,1621060074702,2021-05-15T06:27:54.702Z,buy,3.47e-06,30.0,0.0001041
DLT/BTC,1621060135685,2021-05-15T06:28:55.685Z,buy,3.47e-06,30.0,0.0001041
DLT/BTC,1621060169614,2021-05-15T06:29:29.614Z,buy,3.47e-06,30.0,0.0001041
DLT/BTC,1621060169985,2021-05-15T06:29:29.985Z,buy,3.47e-06,30.0,0.0001041
DLT/BTC,1621060202928,2021-05-15T06:30:02.928Z,buy,3.47e-06,130.0,0.00045109999999999996
DLT/BTC,1621060208578,2021-05-15T06:30:08.578Z,sell,3.45e-06,4868.0,0.0167946
DLT/BTC,1621060208578,2021-05-15T06:30:08.578Z,sell,3.44e-06,2423.0,0.00833512
DLT/BTC,1621060208578,2021-05-15T06:30:08.578Z,sell,3.43e-06,21131.0,0.07247933000000001
DLT/BTC,1621060209376,2021-05-15T06:30:09.376Z,sell,3.43e-06,26850.0,0.09209550000000001
DLT/BTC,1621060210278,2021-05-15T06:30:10.278Z,sell,3.43e-06,532.0,0.0018247600000000001
DLT/BTC,1621060211023,2021-05-15T06:30:11.023Z,sell,3.43e-06,8067.0,0.027669810000000003
DLT/BTC,1621060211048,2021-05-15T06:30:11.048Z,sell,3.43e-06,3265.0,0.011198950000000001
DLT/BTC,1621060211153,2021-05-15T06:30:11.153Z,sell,3.43e-06,21098.0,0.07236614000000001
DLT/BTC,1621060211153,2021-05-15T06:30:11.153Z,sell,3.42e-06,1025.0,0.0035055
DLT/BTC,1621060211350,2021-05-15T06:30:11.350Z,buy,3.44e-06,82.0,0.00028208
DLT/BTC,1621060211366,2021-05-15T06:30:11.366Z,sell,3.44e-06,1816.0,0.006247040000000001
DLT/BTC,1621060211366,2021-05-15T06:30:11.366Z,sell,3.42e-06,4047.0,0.013840739999999999
DLT/BTC,1621060211366,2021-05-15T06:30:11.366Z,sell,3.41e-06,3970.0,0.0135377
DLT/BTC,1621060211393,2021-05-15T06:30:11.393Z,sell,3.41e-06,2120.0,0.0072292
DLT/BTC,1621060211420,2021-05-15T06:30:11.420Z,sell,3.41e-06,810.0,0.0027621
DLT/BTC,1621060211777,2021-05-15T06:30:11.777Z,sell,3.41e-06,218.0,0.00074338
DLT/BTC,1621060211806,2021-05-15T06:30:11.806Z,sell,3.41e-06,5813.0,0.01982233
DLT/BTC,1621060211918,2021-05-15T06:30:11.918Z,sell,3.41e-06,2869.0,0.00978329
DLT/BTC,1621060212546,2021-05-15T06:30:12.546Z,sell,3.41e-06,45123.0,0.15386943
DLT/BTC,1621060212546,2021-05-15T06:30:12.546Z,sell,3.4e-06,8429.0,0.0286586
DLT/BTC,1621060212546,2021-05-15T06:30:12.546Z,sell,3.39e-06,7898.0,0.02677422
DLT/BTC,1621060212557,2021-05-15T06:30:12.557Z,buy,3.39e-06,8834.0,0.02994726
DLT/BTC,1621060212850,2021-05-15T06:30:12.850Z,buy,3.39e-06,290.0,0.0009831
DLT/BTC,1621060213409,2021-05-15T06:30:13.409Z,buy,3.39e-06,2348.0,0.00795972
DLT/BTC,1621060213563,2021-05-15T06:30:13.563Z,buy,3.39e-06,2348.0,0.00795972
DLT/BTC,1621060213576,2021-05-15T06:30:13.576Z,sell,3.38e-06,3174.0,0.010728119999999999
DLT/BTC,1621060213622,2021-05-15T06:30:13.622Z,buy,3.39e-06,235.0,0.00079665
DLT/BTC,1621060213663,2021-05-15T06:30:13.663Z,sell,3.38e-06,165.0,0.0005577
DLT/BTC,1621060213838,2021-05-15T06:30:13.838Z,sell,3.38e-06,116.0,0.00039208
DLT/BTC,1621060213838,2021-05-15T06:30:13.838Z,sell,3.37e-06,2903.0,0.00978311
DLT/BTC,1621060213961,2021-05-15T06:30:13.961Z,sell,3.37e-06,2467.0,0.00831379
DLT/BTC,1621060214274,2021-05-15T06:30:14.274Z,sell,3.37e-06,6649.0,0.02240713
DLT/BTC,1621060214385,2021-05-15T06:30:14.385Z,sell,3.37e-06,3651.0,0.01230387
DLT/BTC,1621060214519,2021-05-15T06:30:14.519Z,buy,3.38e-06,43.0,0.00014534
DLT/BTC,1621060214675,2021-05-15T06:30:14.675Z,buy,3.38e-06,43.0,0.00014534
DLT/BTC,1621060214714,2021-05-15T06:30:14.714Z,sell,3.36e-06,5087.0,0.01709232
DLT/BTC,1621060214781,2021-05-15T06:30:14.781Z,buy,3.38e-06,149.0,0.00050362
DLT/BTC,1621060214904,2021-05-15T06:30:14.904Z,buy,3.39e-06,43.0,0.00014577
DLT/BTC,1621060214952,2021-05-15T06:30:14.952Z,buy,3.39e-06,43.0,0.00014577
DLT/BTC,1621060215001,2021-05-15T06:30:15.001Z,buy,3.39e-06,43.0,0.00014577
DLT/BTC,1621060215370,2021-05-15T06:30:15.370Z,buy,3.39e-06,79.0,0.00026781
DLT/BTC,1621060215426,2021-05-15T06:30:15.426Z,sell,3.36e-06,7173.0,0.02410128
DLT/BTC,1621060215426,2021-05-15T06:30:15.426Z,sell,3.35e-06,222.0,0.0007437
DLT/BTC,1621060215426,2021-05-15T06:30:15.426Z,sell,3.35e-06,100.0,0.000335
DLT/BTC,1621060215426,2021-05-15T06:30:15.426Z,sell,3.35e-06,100.0,0.000335
DLT/BTC,1621060215464,2021-05-15T06:30:15.464Z,sell,3.35e-06,1819.0,0.00609365
DLT/BTC,1621060215555,2021-05-15T06:30:15.555Z,sell,3.38e-06,43.0,0.00014534
DLT/BTC,1621060215555,2021-05-15T06:30:15.555Z,sell,3.35e-06,3752.0,0.0125692
DLT/BTC,1621060215707,2021-05-15T06:30:15.707Z,buy,3.39e-06,43.0,0.00014577
DLT/BTC,1621060215835,2021-05-15T06:30:15.835Z,buy,3.39e-06,43.0,0.00014577
DLT/BTC,1621060215866,2021-05-15T06:30:15.866Z,sell,3.36e-06,532.0,0.00178752
DLT/BTC,1621060215928,2021-05-15T06:30:15.928Z,sell,3.36e-06,342.0,0.00114912
DLT/BTC,1621060215928,2021-05-15T06:30:15.928Z,sell,3.35e-06,15641.0,0.05239735
DLT/BTC,1621060216195,2021-05-15T06:30:16.195Z,sell,3.36e-06,781.0,0.00262416
DLT/BTC,1621060216195,2021-05-15T06:30:16.195Z,sell,3.35e-06,4030.0,0.0135005
DLT/BTC,1621060216383,2021-05-15T06:30:16.383Z,sell,3.37e-06,427.0,0.00143899
DLT/BTC,1621060239443,2021-05-15T06:30:39.443Z,buy,3.38e-06,1758.0,0.00594204
DLT/BTC,1621060239443,2021-05-15T06:30:39.443Z,buy,3.39e-06,70034.0,0.23741526000000002
DLT/BTC,1621060244639,2021-05-15T06:30:44.639Z,buy,3.39e-06,128.0,0.00043392
DLT/BTC,1621060259470,2021-05-15T06:30:59.470Z,buy,3.39e-06,146.0,0.00049494
DLT/BTC,1621060262275,2021-05-15T06:31:02.275Z,buy,3.39e-06,616.0,0.00208824
DLT/BTC,1621060275057,2021-05-15T06:31:15.057Z,buy,3.39e-06,458.0,0.00155262
DLT/BTC,1621060275057,2021-05-15T06:31:15.057Z,buy,3.4e-06,597.0,0.0020298
DLT/BTC,1621060276433,2021-05-15T06:31:16.433Z,buy,3.4e-06,1765.0,0.006001
DLT/BTC,1621060276436,2021-05-15T06:31:16.436Z,buy,3.4e-06,353.0,0.0012002
DLT/BTC,1621060276447,2021-05-15T06:31:16.447Z,buy,3.4e-06,1765.0,0.006001
DLT/BTC,1621060279242,2021-05-15T06:31:19.242Z,buy,3.4e-06,12318.0,0.0418812
DLT/BTC,1621060280925,2021-05-15T06:31:20.925Z,buy,3.41e-06,407.0,0.00138787
DLT/BTC,1621060295730,2021-05-15T06:31:35.730Z,buy,3.41e-06,3239.0,0.01104499
DLT/BTC,1621060296752,2021-05-15T06:31:36.752Z,sell,3.4e-06,30.0,0.000102
DLT/BTC,1621060297033,2021-05-15T06:31:37.033Z,sell,3.4e-06,117.0,0.0003978
DLT/BTC,1621060297033,2021-05-15T06:31:37.033Z,sell,3.39e-06,35.0,0.00011865000000000001
DLT/BTC,1621060311128,2021-05-15T06:31:51.128Z,buy,3.41e-06,439.0,0.00149699
DLT/BTC,1621060327221,2021-05-15T06:32:07.221Z,buy,3.41e-06,693.0,0.00236313
DLT/BTC,1621060334779,2021-05-15T06:32:14.779Z,sell,3.4e-06,82.0,0.0002788
DLT/BTC,1621060334779,2021-05-15T06:32:14.779Z,sell,3.39e-06,96.0,0.00032544000000000003
DLT/BTC,1621060336100,2021-05-15T06:32:16.100Z,buy,3.41e-06,82.0,0.00027962
DLT/BTC,1621060336100,2021-05-15T06:32:16.100Z,buy,3.42e-06,76.0,0.00025991999999999996
DLT/BTC,1621060338115,2021-05-15T06:32:18.115Z,sell,3.4e-06,82.0,0.0002788
DLT/BTC,1621060338115,2021-05-15T06:32:18.115Z,sell,3.39e-06,314.0,0.0010644600000000001
DLT/BTC,1621060341201,2021-05-15T06:32:21.201Z,buy,3.41e-06,82.0,0.00027962
DLT/BTC,1621060363368,2021-05-15T06:32:43.368Z,buy,3.42e-06,233.0,0.0007968599999999999
DLT/BTC,1621060363821,2021-05-15T06:32:43.821Z,buy,3.42e-06,2000.0,0.00684
DLT/BTC,1621060374670,2021-05-15T06:32:54.670Z,buy,3.42e-06,146.0,0.0004993199999999999
DLT/BTC,1621060504171,2021-05-15T06:35:04.171Z,sell,3.41e-06,141.0,0.00048080999999999997
DLT/BTC,1621060562512,2021-05-15T06:36:02.512Z,sell,3.41e-06,184.0,0.0006274399999999999
DLT/BTC,1621060581417,2021-05-15T06:36:21.417Z,buy,3.41e-06,51.0,0.00017391
DLT/BTC,1621060581417,2021-05-15T06:36:21.417Z,buy,3.42e-06,676.0,0.00231192
DLT/BTC,1621060646262,2021-05-15T06:37:26.262Z,buy,3.42e-06,5890.0,0.0201438
DLT/BTC,1621060789522,2021-05-15T06:39:49.522Z,buy,3.42e-06,30.0,0.0001026
DLT/BTC,1621061026179,2021-05-15T06:43:46.179Z,sell,3.41e-06,235.0,0.00080135
DLT/BTC,1621061094994,2021-05-15T06:44:54.994Z,sell,3.41e-06,115.0,0.00039215
DLT/BTC,1621061240362,2021-05-15T06:47:20.362Z,sell,3.41e-06,238.0,0.00081158
DLT/BTC,1621061326132,2021-05-15T06:48:46.132Z,sell,3.41e-06,724.0,0.00246884
DLT/BTC,1621061351923,2021-05-15T06:49:11.923Z,sell,3.4e-06,82.0,0.0002788
DLT/BTC,1621061351923,2021-05-15T06:49:11.923Z,sell,3.39e-06,2786.0,0.009444540000000001
DLT/BTC,1621061383116,2021-05-15T06:49:43.116Z,sell,3.39e-06,30.0,0.0001017
DLT/BTC,1621061387300,2021-05-15T06:49:47.300Z,buy,3.41e-06,30.0,0.00010229999999999999
DLT/BTC,1621061414705,2021-05-15T06:50:14.705Z,buy,3.41e-06,147.0,0.00050127
DLT/BTC,1621061466905,2021-05-15T06:51:06.905Z,buy,3.41e-06,328.0,0.00111848
DLT/BTC,1621061612884,2021-05-15T06:53:32.884Z,buy,3.41e-06,220.0,0.0007502
DLT/BTC,1621061615280,2021-05-15T06:53:35.280Z,sell,3.4e-06,59.0,0.0002006
DLT/BTC,1621061830190,2021-05-15T06:57:10.190Z,sell,3.4e-06,272.0,0.0009248
DLT/BTC,1621061889035,2021-05-15T06:58:09.035Z,sell,3.4e-06,220.0,0.000748
DLT/BTC,1621061937373,2021-05-15T06:58:57.373Z,sell,3.4e-06,31.0,0.0001054
DLT/BTC,1621061944968,2021-05-15T06:59:04.968Z,buy,3.41e-06,30.0,0.00010229999999999999
DLT/BTC,1621061955806,2021-05-15T06:59:15.806Z,sell,3.4e-06,1156.0,0.0039304
DLT/BTC,1621061955806,2021-05-15T06:59:15.806Z,sell,3.39e-06,4383.0,0.014858370000000001
DLT/BTC,1621061955806,2021-05-15T06:59:15.806Z,sell,3.39e-06,999.0,0.00338661
DLT/BTC,1621061955806,2021-05-15T06:59:15.806Z,sell,3.39e-06,999.0,0.00338661
DLT/BTC,1621061971802,2021-05-15T06:59:31.802Z,sell,3.39e-06,30.0,0.0001017
DLT/BTC,1621061978153,2021-05-15T06:59:38.153Z,buy,3.41e-06,773.0,0.00263593
DLT/BTC,1621061978419,2021-05-15T06:59:38.419Z,buy,3.41e-06,681.0,0.00232221
DLT/BTC,1621061980874,2021-05-15T06:59:40.874Z,buy,3.41e-06,30.0,0.00010229999999999999
DLT/BTC,1621061980968,2021-05-15T06:59:40.968Z,buy,3.41e-06,52.0,0.00017732
DLT/BTC,1621061980968,2021-05-15T06:59:40.968Z,buy,3.42e-06,341.0,0.00116622
DLT/BTC,1621061983165,2021-05-15T06:59:43.165Z,buy,3.42e-06,293.0,0.00100206
DLT/BTC,1621062121818,2021-05-15T07:02:01.818Z,sell,3.4e-06,594.0,0.0020196
DLT/BTC,1621062231102,2021-05-15T07:03:51.102Z,buy,3.41e-06,70.0,0.0002387
DLT/BTC,1621062314795,2021-05-15T07:05:14.795Z,sell,3.39e-06,5026.0,0.01703814
DLT/BTC,1621062321480,2021-05-15T07:05:21.480Z,buy,3.41e-06,520.0,0.0017732
DLT/BTC,1621062349995,2021-05-15T07:05:49.995Z,buy,3.42e-06,12697.0,0.043423739999999995
DLT/BTC,1621062364254,2021-05-15T07:06:04.254Z,sell,3.42e-06,146.0,0.0004993199999999999
DLT/BTC,1621062364254,2021-05-15T07:06:04.254Z,sell,3.41e-06,82.0,0.00027962
DLT/BTC,1621062368654,2021-05-15T07:06:08.654Z,sell,3.4e-06,102.0,0.0003468
DLT/BTC,1621062385671,2021-05-15T07:06:25.671Z,buy,3.41e-06,82.0,0.00027962
DLT/BTC,1621062385671,2021-05-15T07:06:25.671Z,buy,3.42e-06,82.0,0.00028043999999999996
DLT/BTC,1621062431538,2021-05-15T07:07:11.538Z,buy,3.43e-06,2000.0,0.006860000000000001
DLT/BTC,1621062433868,2021-05-15T07:07:13.868Z,buy,3.43e-06,82.0,0.00028126000000000003
DLT/BTC,1621062490022,2021-05-15T07:08:10.022Z,buy,3.43e-06,976.0,0.00334768
DLT/BTC,1621062494536,2021-05-15T07:08:14.536Z,sell,3.42e-06,82.0,0.00028043999999999996
DLT/BTC,1621062494536,2021-05-15T07:08:14.536Z,sell,3.41e-06,2656.0,0.00905696
DLT/BTC,1621062494536,2021-05-15T07:08:14.536Z,sell,3.4e-06,887.0,0.0030158
DLT/BTC,1621062494536,2021-05-15T07:08:14.536Z,sell,3.39e-06,5.0,1.6950000000000002e-05
DLT/BTC,1621062494539,2021-05-15T07:08:14.539Z,sell,3.39e-06,3630.0,0.012305700000000001
DLT/BTC,1621062494588,2021-05-15T07:08:14.588Z,sell,3.39e-06,930.0,0.0031527
DLT/BTC,1621062494588,2021-05-15T07:08:14.588Z,sell,3.38e-06,2700.0,0.009125999999999999
DLT/BTC,1621062494590,2021-05-15T07:08:14.590Z,sell,3.38e-06,151.0,0.00051038
DLT/BTC,1621062494599,2021-05-15T07:08:14.599Z,sell,3.38e-06,2142.0,0.007239959999999999
DLT/BTC,1621062494599,2021-05-15T07:08:14.599Z,sell,3.37e-06,515.0,0.00173555
DLT/BTC,1621062494614,2021-05-15T07:08:14.614Z,sell,3.37e-06,1772.0,0.00597164
DLT/BTC,1621062494653,2021-05-15T07:08:14.653Z,sell,3.37e-06,12740.0,0.0429338
DLT/BTC,1621062494653,2021-05-15T07:08:14.653Z,sell,3.36e-06,539.0,0.00181104
DLT/BTC,1621062500595,2021-05-15T07:08:20.595Z,sell,3.38e-06,71.0,0.00023998
DLT/BTC,1621062501120,2021-05-15T07:08:21.120Z,sell,3.38e-06,32.0,0.00010816
DLT/BTC,1621062522124,2021-05-15T07:08:42.124Z,buy,3.4e-06,116.0,0.0003944
DLT/BTC,1621062530244,2021-05-15T07:08:50.244Z,buy,3.4e-06,137.0,0.0004658
DLT/BTC,1621062530244,2021-05-15T07:08:50.244Z,buy,3.41e-06,80.0,0.0002728
DLT/BTC,1621062532348,2021-05-15T07:08:52.348Z,buy,3.41e-06,2.0,6.82e-06
DLT/BTC,1621062532348,2021-05-15T07:08:52.348Z,buy,3.42e-06,443.0,0.00151506
DLT/BTC,1621062533529,2021-05-15T07:08:53.529Z,buy,3.42e-06,227.0,0.0007763399999999999
DLT/BTC,1621062546639,2021-05-15T07:09:06.639Z,sell,3.41e-06,82.0,0.00027962
DLT/BTC,1621062546639,2021-05-15T07:09:06.639Z,sell,3.4e-06,66.0,0.0002244
DLT/BTC,1621062603427,2021-05-15T07:10:03.427Z,buy,3.41e-06,648.0,0.00220968
DLT/BTC,1621062603427,2021-05-15T07:10:03.427Z,buy,3.42e-06,13542.0,0.046313639999999996
DLT/BTC,1621062660913,2021-05-15T07:11:00.913Z,buy,3.42e-06,1111.0,0.0037996199999999996
DLT/BTC,1621062706996,2021-05-15T07:11:46.996Z,sell,3.42e-06,1021.0,0.00349182
DLT/BTC,1621062758924,2021-05-15T07:12:38.924Z,sell,3.42e-06,47.0,0.00016073999999999998
DLT/BTC,1621062938568,2021-05-15T07:15:38.568Z,sell,3.42e-06,37.0,0.00012654
DLT/BTC,1621062978653,2021-05-15T07:16:18.653Z,sell,3.42e-06,2085.0,0.007130699999999999
DLT/BTC,1621063033099,2021-05-15T07:17:13.099Z,sell,3.41e-06,189.0,0.00064449
DLT/BTC,1621063073784,2021-05-15T07:17:53.784Z,sell,3.41e-06,40.0,0.0001364
DLT/BTC,1621063073784,2021-05-15T07:17:53.784Z,sell,3.4e-06,165.0,0.000561
DLT/BTC,1621063083654,2021-05-15T07:18:03.654Z,sell,3.4e-06,101.0,0.0003434
DLT/BTC,1621063083654,2021-05-15T07:18:03.654Z,sell,3.39e-06,104.0,0.00035256
DLT/BTC,1621063095723,2021-05-15T07:18:15.723Z,sell,3.39e-06,573.0,0.0019424700000000002
DLT/BTC,1621063217421,2021-05-15T07:20:17.421Z,buy,3.4e-06,45.0,0.000153
DLT/BTC,1621063278422,2021-05-15T07:21:18.422Z,buy,3.4e-06,2754.0,0.0093636
DLT/BTC,1621063278422,2021-05-15T07:21:18.422Z,buy,3.4e-06,2754.0,0.0093636
DLT/BTC,1621063381475,2021-05-15T07:23:01.475Z,buy,3.4e-06,1499.0,0.0050966
DLT/BTC,1621063550087,2021-05-15T07:25:50.087Z,sell,3.39e-06,531.0,0.00180009
DLT/BTC,1621063550087,2021-05-15T07:25:50.087Z,sell,3.38e-06,197.0,0.00066586
DLT/BTC,1621063689987,2021-05-15T07:28:09.987Z,sell,3.38e-06,38.0,0.00012843999999999998
DLT/BTC,1621063700328,2021-05-15T07:28:20.328Z,buy,3.4e-06,262.0,0.0008908
DLT/BTC,1621063761375,2021-05-15T07:29:21.375Z,buy,3.4e-06,233.0,0.0007922000000000001
DLT/BTC,1621064424450,2021-05-15T07:40:24.450Z,sell,3.38e-06,427.0,0.00144326
DLT/BTC,1621064615363,2021-05-15T07:43:35.363Z,sell,3.39e-06,910.0,0.0030849000000000002
DLT/BTC,1621064667244,2021-05-15T07:44:27.244Z,sell,3.38e-06,1798.0,0.006077239999999999
DLT/BTC,1621064880518,2021-05-15T07:48:00.518Z,buy,3.4e-06,1182.0,0.0040188
DLT/BTC,1621064880518,2021-05-15T07:48:00.518Z,buy,3.41e-06,2013.0,0.00686433
DLT/BTC,1621064984315,2021-05-15T07:49:44.315Z,sell,3.4e-06,82.0,0.0002788
DLT/BTC,1621065021071,2021-05-15T07:50:21.071Z,sell,3.39e-06,380.0,0.0012882
DLT/BTC,1621065045798,2021-05-15T07:50:45.798Z,sell,3.38e-06,1088.0,0.0036774399999999997
DLT/BTC,1621065555791,2021-05-15T07:59:15.791Z,buy,3.39e-06,42.0,0.00014238
DLT/BTC,1621066032794,2021-05-15T08:07:12.794Z,sell,3.38e-06,148.0,0.00050024
DLT/BTC,1621066032794,2021-05-15T08:07:12.794Z,sell,3.37e-06,11165.0,0.03762605
DLT/BTC,1621066032794,2021-05-15T08:07:12.794Z,sell,3.36e-06,12437.0,0.04178832
DLT/BTC,1621066044450,2021-05-15T08:07:24.450Z,sell,3.36e-06,3931.0,0.01320816
DLT/BTC,1621066046022,2021-05-15T08:07:26.022Z,sell,3.35e-06,1350.0,0.0045225000000000005
DLT/BTC,1621066048480,2021-05-15T08:07:28.480Z,sell,3.35e-06,1718.0,0.0057553000000000005
DLT/BTC,1621066128392,2021-05-15T08:08:48.392Z,buy,3.38e-06,103.0,0.00034814
DLT/BTC,1621066184021,2021-05-15T08:09:44.021Z,sell,3.37e-06,148.0,0.00049876
DLT/BTC,1621066184021,2021-05-15T08:09:44.021Z,sell,3.36e-06,5068.0,0.01702848
DLT/BTC,1621066187733,2021-05-15T08:09:47.733Z,buy,3.36e-06,205.0,0.0006888
DLT/BTC,1621066303075,2021-05-15T08:11:43.075Z,sell,3.35e-06,946.0,0.0031691
DLT/BTC,1621066473609,2021-05-15T08:14:33.609Z,buy,3.36e-06,53.0,0.00017808
DLT/BTC,1621066483145,2021-05-15T08:14:43.145Z,buy,3.36e-06,783.0,0.00263088
DLT/BTC,1621066516488,2021-05-15T08:15:16.488Z,buy,3.36e-06,122.0,0.00040992
DLT/BTC,1621066529825,2021-05-15T08:15:29.825Z,buy,3.36e-06,4817.0,0.01618512
DLT/BTC,1621066544220,2021-05-15T08:15:44.220Z,buy,3.36e-06,679.0,0.00228144
DLT/BTC,1621066736850,2021-05-15T08:18:56.850Z,buy,3.38e-06,288.0,0.0009734399999999999
DLT/BTC,1621066753814,2021-05-15T08:19:13.814Z,buy,3.38e-06,4385.0,0.014821299999999999
DLT/BTC,1621066785693,2021-05-15T08:19:45.693Z,buy,3.38e-06,395.0,0.0013350999999999999
DLT/BTC,1621066824169,2021-05-15T08:20:24.169Z,sell,3.38e-06,1223.0,0.0041337399999999995
DLT/BTC,1621066827711,2021-05-15T08:20:27.711Z,sell,3.38e-06,2133.0,0.0072095399999999995
DLT/BTC,1621066867875,2021-05-15T08:21:07.875Z,buy,3.38e-06,635.0,0.0021463
DLT/BTC,1621066874518,2021-05-15T08:21:14.518Z,buy,3.38e-06,1479.0,0.00499902
DLT/BTC,1621066874518,2021-05-15T08:21:14.518Z,buy,3.38e-06,1479.0,0.00499902
DLT/BTC,1621067293158,2021-05-15T08:28:13.158Z,buy,3.39e-06,686.0,0.00232554
DLT/BTC,1621067369424,2021-05-15T08:29:29.424Z,buy,3.39e-06,329.0,0.00111531
DLT/BTC,1621067419332,2021-05-15T08:30:19.332Z,buy,3.39e-06,651.0,0.00220689
DLT/BTC,1621067467073,2021-05-15T08:31:07.073Z,buy,3.4e-06,373.0,0.0012682
DLT/BTC,1621067492626,2021-05-15T08:31:32.626Z,buy,3.4e-06,350.0,0.00119
DLT/BTC,1621067762597,2021-05-15T08:36:02.597Z,buy,3.4e-06,602.0,0.0020468
DLT/BTC,1621068070089,2021-05-15T08:41:10.089Z,sell,3.39e-06,146.0,0.00049494
DLT/BTC,1621068313423,2021-05-15T08:45:13.423Z,sell,3.39e-06,1.0,3.39e-06
DLT/BTC,1621068313423,2021-05-15T08:45:13.423Z,sell,3.38e-06,99.0,0.00033462
DLT/BTC,1621068507101,2021-05-15T08:48:27.101Z,sell,3.38e-06,152.0,0.0005137599999999999
DLT/BTC,1621068507101,2021-05-15T08:48:27.101Z,sell,3.37e-06,145.0,0.00048865
DLT/BTC,1621068542610,2021-05-15T08:49:02.610Z,buy,3.39e-06,1344.0,0.00455616
DLT/BTC,1621068746115,2021-05-15T08:52:26.115Z,sell,3.37e-06,681.0,0.00229497
DLT/BTC,1621068799748,2021-05-15T08:53:19.748Z,buy,3.39e-06,3539.0,0.011997210000000001
DLT/BTC,1621069130348,2021-05-15T08:58:50.348Z,sell,3.37e-06,55.0,0.00018535
DLT/BTC,1621069194750,2021-05-15T08:59:54.750Z,buy,3.4e-06,3480.0,0.011832
DLT/BTC,1621069301666,2021-05-15T09:01:41.666Z,buy,3.4e-06,1920.0,0.006528
DLT/BTC,1621069318787,2021-05-15T09:01:58.787Z,sell,3.4e-06,275.0,0.0009350000000000001
DLT/BTC,1621069488297,2021-05-15T09:04:48.297Z,buy,3.41e-06,300.0,0.001023
DLT/BTC,1621069626484,2021-05-15T09:07:06.484Z,buy,3.41e-06,4777.0,0.01628957
DLT/BTC,1621069626484,2021-05-15T09:07:06.484Z,buy,3.42e-06,1070.0,0.0036593999999999997
DLT/BTC,1621069925401,2021-05-15T09:12:05.401Z,buy,3.42e-06,77.0,0.00026334
DLT/BTC,1621070007966,2021-05-15T09:13:27.966Z,sell,3.41e-06,82.0,0.00027962
DLT/BTC,1621070018531,2021-05-15T09:13:38.531Z,buy,3.41e-06,272.0,0.00092752
DLT/BTC,1621070092733,2021-05-15T09:14:52.733Z,buy,3.41e-06,232.0,0.00079112
DLT/BTC,1621070324817,2021-05-15T09:18:44.817Z,sell,3.4e-06,2911.0,0.0098974
DLT/BTC,1621070324817,2021-05-15T09:18:44.817Z,sell,3.4e-06,2911.0,0.0098974
DLT/BTC,1621070499899,2021-05-15T09:21:39.899Z,sell,3.39e-06,194.0,0.00065766
DLT/BTC,1621070600616,2021-05-15T09:23:20.616Z,sell,3.38e-06,1398.0,0.0047252399999999995
DLT/BTC,1621070600616,2021-05-15T09:23:20.616Z,sell,3.37e-06,2918.0,0.00983366
DLT/BTC,1621070665079,2021-05-15T09:24:25.079Z,sell,3.37e-06,151.0,0.00050887
DLT/BTC,1621071030135,2021-05-15T09:30:30.135Z,buy,3.39e-06,782.0,0.0026509800000000003
DLT/BTC,1621071058078,2021-05-15T09:30:58.078Z,buy,3.39e-06,200.0,0.000678
DLT/BTC,1621071132453,2021-05-15T09:32:12.453Z,buy,3.39e-06,1636.0,0.00554604
DLT/BTC,1621071252154,2021-05-15T09:34:12.154Z,sell,3.38e-06,82.0,0.00027716
DLT/BTC,1621071562025,2021-05-15T09:39:22.025Z,buy,3.4e-06,605.0,0.0020570000000000002
DLT/BTC,1621072047223,2021-05-15T09:47:27.223Z,sell,3.39e-06,2455.0,0.00832245
DLT/BTC,1621072065555,2021-05-15T09:47:45.555Z,sell,3.38e-06,106.0,0.00035828
DLT/BTC,1621072127636,2021-05-15T09:48:47.636Z,buy,3.39e-06,1964.0,0.00665796
DLT/BTC,1621072221346,2021-05-15T09:50:21.346Z,sell,3.38e-06,130.0,0.0004394
DLT/BTC,1621072297442,2021-05-15T09:51:37.442Z,sell,3.38e-06,316.0,0.00106808
DLT/BTC,1621072340176,2021-05-15T09:52:20.176Z,buy,3.39e-06,294.0,0.0009966600000000001
DLT/BTC,1621072548055,2021-05-15T09:55:48.055Z,buy,3.39e-06,989.0,0.00335271
DLT/BTC,1621072573241,2021-05-15T09:56:13.241Z,sell,3.38e-06,6111.0,0.02065518
DLT/BTC,1621072636371,2021-05-15T09:57:16.371Z,buy,3.38e-06,121.0,0.00040898
DLT/BTC,1621072948960,2021-05-15T10:02:28.960Z,sell,3.38e-06,519.0,0.00175422
DLT/BTC,1621073027051,2021-05-15T10:03:47.051Z,buy,3.38e-06,30.0,0.0001014
DLT/BTC,1621073031906,2021-05-15T10:03:51.906Z,sell,3.37e-06,36.0,0.00012132
DLT/BTC,1621073042493,2021-05-15T10:04:02.493Z,buy,3.38e-06,76.0,0.00025687999999999997
DLT/BTC,1621073062461,2021-05-15T10:04:22.461Z,sell,3.37e-06,450.0,0.0015165
DLT/BTC,1621073078846,2021-05-15T10:04:38.846Z,buy,3.38e-06,184.0,0.00062192
DLT/BTC,1621073382873,2021-05-15T10:09:42.873Z,buy,3.38e-06,2645.0,0.0089401
DLT/BTC,1621073415347,2021-05-15T10:10:15.347Z,sell,3.37e-06,17947.0,0.060481389999999996
DLT/BTC,1621073686075,2021-05-15T10:14:46.075Z,sell,3.36e-06,542.0,0.00182112
DLT/BTC,1621073686075,2021-05-15T10:14:46.075Z,sell,3.35e-06,2934.0,0.0098289
DLT/BTC,1621073686075,2021-05-15T10:14:46.075Z,sell,3.35e-06,1186.0,0.0039731
DLT/BTC,1621073832292,2021-05-15T10:17:12.292Z,sell,3.36e-06,363.0,0.0012196800000000001
DLT/BTC,1621073866274,2021-05-15T10:17:46.274Z,buy,3.37e-06,225.0,0.00075825
DLT/BTC,1621073866274,2021-05-15T10:17:46.274Z,buy,3.37e-06,225.0,0.00075825
DLT/BTC,1621074018137,2021-05-15T10:20:18.137Z,sell,3.36e-06,653.0,0.00219408
DLT/BTC,1621074020203,2021-05-15T10:20:20.203Z,sell,3.35e-06,3175.0,0.01063625
DLT/BTC,1621074195152,2021-05-15T10:23:15.152Z,buy,3.36e-06,5952.0,0.01999872
DLT/BTC,1621074210212,2021-05-15T10:23:30.212Z,sell,3.35e-06,65.0,0.00021775
DLT/BTC,1621074260534,2021-05-15T10:24:20.534Z,buy,3.36e-06,85983.0,0.28890288000000003
DLT/BTC,1621074273719,2021-05-15T10:24:33.719Z,buy,3.36e-06,12672.0,0.04257792
DLT/BTC,1621074305493,2021-05-15T10:25:05.493Z,sell,3.36e-06,162.0,0.00054432
DLT/BTC,1621074364471,2021-05-15T10:26:04.471Z,sell,3.35e-06,135.0,0.00045225
DLT/BTC,1621074693108,2021-05-15T10:31:33.108Z,sell,3.35e-06,1523.0,0.00510205
DLT/BTC,1621074727210,2021-05-15T10:32:07.210Z,buy,3.36e-06,1277.0,0.00429072
DLT/BTC,1621074939567,2021-05-15T10:35:39.567Z,buy,3.37e-06,593.0,0.00199841
DLT/BTC,1621074980590,2021-05-15T10:36:20.590Z,buy,3.37e-06,1353.0,0.0045596099999999995
DLT/BTC,1621075026807,2021-05-15T10:37:06.807Z,buy,3.37e-06,909.0,0.00306333
DLT/BTC,1621075026807,2021-05-15T10:37:06.807Z,buy,3.38e-06,741.0,0.0025045799999999997
DLT/BTC,1621075062353,2021-05-15T10:37:42.353Z,buy,3.38e-06,52.0,0.00017575999999999998
DLT/BTC,1621075062395,2021-05-15T10:37:42.395Z,buy,3.38e-06,2954.0,0.00998452
DLT/BTC,1621075062395,2021-05-15T10:37:42.395Z,buy,3.39e-06,1669.0,0.00565791
DLT/BTC,1621075062395,2021-05-15T10:37:42.395Z,buy,3.4e-06,1719.0,0.0058446
DLT/BTC,1621075079210,2021-05-15T10:37:59.210Z,sell,3.38e-06,103.0,0.00034814
DLT/BTC,1621075079210,2021-05-15T10:37:59.210Z,sell,3.36e-06,2495.0,0.0083832
DLT/BTC,1621075083349,2021-05-15T10:38:03.349Z,sell,3.36e-06,6336.0,0.02128896
DLT/BTC,1621075156289,2021-05-15T10:39:16.289Z,buy,3.38e-06,200.0,0.000676
DLT/BTC,1621075325997,2021-05-15T10:42:05.997Z,sell,3.37e-06,148.0,0.00049876
DLT/BTC,1621075325997,2021-05-15T10:42:05.997Z,sell,3.36e-06,41.0,0.00013776
DLT/BTC,1621075630348,2021-05-15T10:47:10.348Z,sell,3.36e-06,99.0,0.00033264
DLT/BTC,1621075677210,2021-05-15T10:47:57.210Z,sell,3.36e-06,182.0,0.00061152
DLT/BTC,1621075908982,2021-05-15T10:51:48.982Z,sell,3.36e-06,100.0,0.000336
DLT/BTC,1621076171306,2021-05-15T10:56:11.306Z,sell,3.36e-06,1719.0,0.00577584
DLT/BTC,1621076214482,2021-05-15T10:56:54.482Z,sell,3.36e-06,55.0,0.0001848
DLT/BTC,1621076438448,2021-05-15T11:00:38.448Z,sell,3.36e-06,4509.0,0.01515024
DLT/BTC,1621076640563,2021-05-15T11:04:00.563Z,buy,3.38e-06,1218.0,0.00411684
DLT/BTC,1621076645421,2021-05-15T11:04:05.421Z,sell,3.36e-06,462.0,0.00155232
DLT/BTC,1621076710620,2021-05-15T11:05:10.620Z,buy,3.38e-06,30.0,0.0001014
DLT/BTC,1621076904326,2021-05-15T11:08:24.326Z,buy,3.38e-06,294.0,0.00099372
DLT/BTC,1621076934334,2021-05-15T11:08:54.334Z,buy,3.38e-06,845.0,0.0028561
DLT/BTC,1621077118560,2021-05-15T11:11:58.560Z,sell,3.36e-06,100.0,0.000336
DLT/BTC,1621077428532,2021-05-15T11:17:08.532Z,sell,3.36e-06,50.0,0.000168
DLT/BTC,1621077428532,2021-05-15T11:17:08.532Z,sell,3.36e-06,50.0,0.000168
DLT/BTC,1621077524901,2021-05-15T11:18:44.901Z,sell,3.36e-06,30.0,0.0001008
DLT/BTC,1621077680121,2021-05-15T11:21:20.121Z,sell,3.36e-06,1146.0,0.00385056
DLT/BTC,1621077718388,2021-05-15T11:21:58.388Z,sell,3.36e-06,50.0,0.000168
DLT/BTC,1621077829077,2021-05-15T11:23:49.077Z,buy,3.37e-06,336.0,0.00113232
DLT/BTC,1621078105302,2021-05-15T11:28:25.302Z,sell,3.36e-06,56.0,0.00018816
DLT/BTC,1621078145915,2021-05-15T11:29:05.915Z,sell,3.36e-06,299.0,0.00100464
DLT/BTC,1621078532354,2021-05-15T11:35:32.354Z,buy,3.37e-06,903.0,0.00304311
DLT/BTC,1621078532354,2021-05-15T11:35:32.354Z,buy,3.38e-06,6324.0,0.021375119999999997
DLT/BTC,1621078743738,2021-05-15T11:39:03.738Z,sell,3.36e-06,291.0,0.00097776
DLT/BTC,1621078773747,2021-05-15T11:39:33.747Z,buy,3.39e-06,50.0,0.0001695
DLT/BTC,1621078806050,2021-05-15T11:40:06.050Z,sell,3.38e-06,76.0,0.00025687999999999997
DLT/BTC,1621079131704,2021-05-15T11:45:31.704Z,sell,3.36e-06,782.0,0.00262752
DLT/BTC,1621079155015,2021-05-15T11:45:55.015Z,sell,3.36e-06,189.0,0.00063504
DLT/BTC,1621079225281,2021-05-15T11:47:05.281Z,sell,3.36e-06,2985.0,0.0100296
DLT/BTC,1621079314485,2021-05-15T11:48:34.485Z,buy,3.38e-06,2288.0,0.007733439999999999
DLT/BTC,1621079445108,2021-05-15T11:50:45.108Z,buy,3.38e-06,591.0,0.00199758
DLT/BTC,1621079478120,2021-05-15T11:51:18.120Z,buy,3.38e-06,154.0,0.00052052
DLT/BTC,1621079516717,2021-05-15T11:51:56.717Z,sell,3.36e-06,6279.0,0.02109744
DLT/BTC,1621079730714,2021-05-15T11:55:30.714Z,sell,3.35e-06,432.0,0.0014472
DLT/BTC,1621079829077,2021-05-15T11:57:09.077Z,sell,3.35e-06,9828.0,0.0329238
DLT/BTC,1621079955797,2021-05-15T11:59:15.797Z,buy,3.36e-06,37.0,0.00012432
DLT/BTC,1621079993943,2021-05-15T11:59:53.943Z,buy,3.36e-06,1213.0,0.00407568
DLT/BTC,1621080163975,2021-05-15T12:02:43.975Z,buy,3.36e-06,1844.0,0.00619584
DLT/BTC,1621080238866,2021-05-15T12:03:58.866Z,buy,3.36e-06,94.0,0.00031584
DLT/BTC,1621080352846,2021-05-15T12:05:52.846Z,buy,3.36e-06,981.0,0.00329616
DLT/BTC,1621080383407,2021-05-15T12:06:23.407Z,sell,3.35e-06,68.0,0.0002278
DLT/BTC,1621080389857,2021-05-15T12:06:29.857Z,buy,3.36e-06,6749.0,0.02267664
DLT/BTC,1621080528597,2021-05-15T12:08:48.597Z,sell,3.35e-06,141.0,0.00047235
DLT/BTC,1621080651643,2021-05-15T12:10:51.643Z,buy,3.36e-06,1460.0,0.0049056
DLT/BTC,1621080916896,2021-05-15T12:15:16.896Z,sell,3.35e-06,106.0,0.0003551
DLT/BTC,1621080927436,2021-05-15T12:15:27.436Z,buy,3.36e-06,6433.0,0.02161488
DLT/BTC,1621080927436,2021-05-15T12:15:27.436Z,buy,3.36e-06,6433.0,0.02161488
DLT/BTC,1621081036750,2021-05-15T12:17:16.750Z,buy,3.36e-06,4384.0,0.01473024
DLT/BTC,1621081037243,2021-05-15T12:17:17.243Z,buy,3.37e-06,400.0,0.001348
