symbol,timestamp,datetime,side,price,amount,btc_volume
EDO/BTC,1585065634850,2020-03-24T16:00:34.850Z,buy,1.301e-05,38.0,0.00049438
EDO/BTC,1585065634850,2020-03-24T16:00:34.850Z,buy,1.307e-05,383.0,0.00500581
EDO/BTC,1585065634850,2020-03-24T16:00:34.850Z,buy,1.308e-05,167.0,0.00218436
EDO/BTC,1585065685811,2020-03-24T16:01:25.811Z,buy,1.309e-05,56.0,0.00073304
EDO/BTC,1585065906512,2020-03-24T16:05:06.512Z,sell,1.302e-05,38.0,0.00049476
EDO/BTC,1585065910734,2020-03-24T16:05:10.734Z,sell,1.302e-05,6.0,7.812e-05
EDO/BTC,1585066061403,2020-03-24T16:07:41.403Z,sell,1.295e-05,332.0,0.0042994
EDO/BTC,1585066063422,2020-03-24T16:07:43.422Z,buy,1.295e-05,4.0,5.18e-05
EDO/BTC,1585066107290,2020-03-24T16:08:27.290Z,buy,1.302e-05,2094.0,0.02726388
EDO/BTC,1585066107290,2020-03-24T16:08:27.290Z,buy,1.303e-05,640.0,0.0083392
EDO/BTC,1585066107290,2020-03-24T16:08:27.290Z,buy,1.304e-05,637.0,0.00830648
EDO/BTC,1585066107290,2020-03-24T16:08:27.290Z,buy,1.305e-05,330.0,0.0043065
EDO/BTC,1585066107290,2020-03-24T16:08:27.290Z,buy,1.308e-05,3170.0,0.0414636
EDO/BTC,1585066107290,2020-03-24T16:08:27.290Z,buy,1.309e-05,3625.0,0.04745125
EDO/BTC,1585066107301,2020-03-24T16:08:27.301Z,sell,1.309e-05,19.0,0.00024871
EDO/BTC,1585066107474,2020-03-24T16:08:27.474Z,sell,1.309e-05,202.0,0.00264418
EDO/BTC,1585066109584,2020-03-24T16:08:29.584Z,sell,1.309e-05,250.0,0.0032725
EDO/BTC,1585066110481,2020-03-24T16:08:30.481Z,sell,1.309e-05,420.0,0.0054978
EDO/BTC,1585066122470,2020-03-24T16:08:42.470Z,buy,1.311e-05,196.0,0.00256956
EDO/BTC,1585066122470,2020-03-24T16:08:42.470Z,buy,1.312e-05,1382.0,0.01813184
EDO/BTC,1585066122470,2020-03-24T16:08:42.470Z,buy,1.313e-05,2956.0,0.03881228
EDO/BTC,1585066122470,2020-03-24T16:08:42.470Z,buy,1.314e-05,6531.0,0.08581733999999999
EDO/BTC,1585066122470,2020-03-24T16:08:42.470Z,buy,1.315e-05,2347.0,0.03086305
EDO/BTC,1585066122470,2020-03-24T16:08:42.470Z,buy,1.316e-05,6220.0,0.0818552
EDO/BTC,1585066122486,2020-03-24T16:08:42.486Z,sell,1.316e-05,69.0,0.0009080399999999999
EDO/BTC,1585066122985,2020-03-24T16:08:42.985Z,sell,1.316e-05,250.0,0.00329
EDO/BTC,1585066123037,2020-03-24T16:08:43.037Z,sell,1.316e-05,419.0,0.00551404
EDO/BTC,1585066123473,2020-03-24T16:08:43.473Z,sell,1.316e-05,250.0,0.00329
EDO/BTC,1585066123491,2020-03-24T16:08:43.491Z,sell,1.316e-05,573.0,0.007540679999999999
EDO/BTC,1585066124287,2020-03-24T16:08:44.287Z,sell,1.316e-05,2003.0,0.026359479999999998
EDO/BTC,1585066124710,2020-03-24T16:08:44.710Z,sell,1.316e-05,216.0,0.00284256
EDO/BTC,1585066124962,2020-03-24T16:08:44.962Z,sell,1.316e-05,205.0,0.0026977999999999998
EDO/BTC,1585066199946,2020-03-24T16:09:59.946Z,buy,1.319e-05,1996.0,0.026327240000000002
EDO/BTC,1585066202784,2020-03-24T16:10:02.784Z,buy,1.319e-05,12130.0,0.15999470000000002
EDO/BTC,1585066203811,2020-03-24T16:10:03.811Z,sell,1.309e-05,207.0,0.00270963
EDO/BTC,1585066206108,2020-03-24T16:10:06.108Z,buy,1.32e-05,272.0,0.0035904
EDO/BTC,1585066206108,2020-03-24T16:10:06.108Z,buy,1.321e-05,3223.0,0.04257583
EDO/BTC,1585066211431,2020-03-24T16:10:11.431Z,sell,1.31e-05,377.0,0.0049387
EDO/BTC,1585066211431,2020-03-24T16:10:11.431Z,sell,1.308e-05,670.0,0.0087636
EDO/BTC,1585066211431,2020-03-24T16:10:11.431Z,sell,1.305e-05,105.0,0.00137025
EDO/BTC,1585066236291,2020-03-24T16:10:36.291Z,buy,1.318e-05,377.0,0.004968859999999999
EDO/BTC,1585066236649,2020-03-24T16:10:36.649Z,sell,1.318e-05,1157.0,0.015249259999999999
EDO/BTC,1585066239469,2020-03-24T16:10:39.469Z,buy,1.319e-05,1150.0,0.015168500000000001
EDO/BTC,1585066243649,2020-03-24T16:10:43.649Z,buy,1.319e-05,1725.0,0.022752750000000002
EDO/BTC,1585066247976,2020-03-24T16:10:47.976Z,buy,1.319e-05,431.0,0.005684890000000001
EDO/BTC,1585066250988,2020-03-24T16:10:50.988Z,buy,1.319e-05,647.0,0.00853393
EDO/BTC,1585066255891,2020-03-24T16:10:55.891Z,buy,1.318e-05,161.0,0.00212198
EDO/BTC,1585066260419,2020-03-24T16:11:00.419Z,buy,1.318e-05,486.0,0.00640548
EDO/BTC,1585066423159,2020-03-24T16:13:43.159Z,buy,1.318e-05,17.0,0.00022406
EDO/BTC,1585066457446,2020-03-24T16:14:17.446Z,buy,1.318e-05,6.0,7.908e-05
EDO/BTC,1585066458719,2020-03-24T16:14:18.719Z,sell,1.318e-05,546.0,0.007196279999999999
EDO/BTC,1585066459270,2020-03-24T16:14:19.270Z,sell,1.309e-05,250.0,0.0032725
EDO/BTC,1585066459310,2020-03-24T16:14:19.310Z,sell,1.309e-05,397.0,0.00519673
EDO/BTC,1585066459310,2020-03-24T16:14:19.310Z,sell,1.308e-05,23.0,0.00030084
EDO/BTC,1585066471859,2020-03-24T16:14:31.859Z,sell,1.308e-05,127.0,0.00166116
EDO/BTC,1585066525554,2020-03-24T16:15:25.554Z,buy,1.319e-05,155.0,0.00204445
EDO/BTC,1585066632204,2020-03-24T16:17:12.204Z,buy,1.32e-05,647.0,0.0085404
EDO/BTC,1585066632204,2020-03-24T16:17:12.204Z,buy,1.321e-05,5758.0,0.07606318000000001
EDO/BTC,1585066639154,2020-03-24T16:17:19.154Z,buy,1.321e-05,4931.0,0.06513851
EDO/BTC,1585066639154,2020-03-24T16:17:19.154Z,buy,1.323e-05,624.0,0.00825552
EDO/BTC,1585066652428,2020-03-24T16:17:32.428Z,sell,1.31e-05,381.0,0.0049911
EDO/BTC,1585066652428,2020-03-24T16:17:32.428Z,sell,1.308e-05,39.0,0.00051012
EDO/BTC,1585066652437,2020-03-24T16:17:32.437Z,sell,1.308e-05,250.0,0.00327
EDO/BTC,1585066690679,2020-03-24T16:18:10.679Z,sell,1.31e-05,420.0,0.005502
EDO/BTC,1585066690680,2020-03-24T16:18:10.680Z,sell,1.31e-05,250.0,0.003275
EDO/BTC,1585066691867,2020-03-24T16:18:11.867Z,sell,1.31e-05,75.0,0.0009825
EDO/BTC,1585066691867,2020-03-24T16:18:11.867Z,sell,1.308e-05,345.0,0.0045126
EDO/BTC,1585066691920,2020-03-24T16:18:11.920Z,sell,1.308e-05,250.0,0.00327
EDO/BTC,1585066976440,2020-03-24T16:22:56.440Z,buy,1.32e-05,249.0,0.0032868000000000003
EDO/BTC,1585067114592,2020-03-24T16:25:14.592Z,buy,1.32e-05,8.0,0.0001056
EDO/BTC,1585067177804,2020-03-24T16:26:17.804Z,buy,1.32e-05,9.0,0.0001188
EDO/BTC,1585067244565,2020-03-24T16:27:24.565Z,buy,1.32e-05,8.0,0.0001056
EDO/BTC,1585067284009,2020-03-24T16:28:04.009Z,buy,1.32e-05,188.0,0.0024816
EDO/BTC,1585067284029,2020-03-24T16:28:04.029Z,sell,1.32e-05,166.0,0.0021912
EDO/BTC,1585067284097,2020-03-24T16:28:04.097Z,sell,1.32e-05,215.0,0.0028380000000000002
EDO/BTC,1585067284505,2020-03-24T16:28:04.505Z,sell,1.32e-05,704.0,0.0092928
EDO/BTC,1585067466021,2020-03-24T16:31:06.021Z,buy,1.319e-05,8.0,0.00010552
EDO/BTC,1585067544688,2020-03-24T16:32:24.688Z,buy,1.319e-05,8.0,0.00010552
EDO/BTC,1585067544811,2020-03-24T16:32:24.811Z,buy,1.319e-05,47.0,0.0006199300000000001
EDO/BTC,1585067796868,2020-03-24T16:36:36.868Z,buy,1.319e-05,1108.0,0.01461452
EDO/BTC,1585067851639,2020-03-24T16:37:31.639Z,sell,1.312e-05,194.0,0.00254528
EDO/BTC,1585067851639,2020-03-24T16:37:31.639Z,sell,1.31e-05,226.0,0.0029606
EDO/BTC,1585067851639,2020-03-24T16:37:31.639Z,sell,1.31e-05,50.0,0.000655
EDO/BTC,1585067851674,2020-03-24T16:37:31.674Z,sell,1.31e-05,250.0,0.003275
EDO/BTC,1585068112130,2020-03-24T16:41:52.130Z,sell,1.311e-05,8.0,0.00010488
EDO/BTC,1585068112130,2020-03-24T16:41:52.130Z,sell,1.308e-05,36.0,0.00047088
EDO/BTC,1585068435927,2020-03-24T16:47:15.927Z,buy,1.315e-05,8.0,0.0001052
EDO/BTC,1585068511103,2020-03-24T16:48:31.103Z,sell,1.308e-05,59.0,0.00077172
EDO/BTC,1585068735740,2020-03-24T16:52:15.740Z,buy,1.314e-05,8.0,0.00010512
EDO/BTC,1585068750503,2020-03-24T16:52:30.503Z,buy,1.314e-05,1086.0,0.01427004
EDO/BTC,1585068761719,2020-03-24T16:52:41.719Z,sell,1.308e-05,12.0,0.00015696
EDO/BTC,1585068761719,2020-03-24T16:52:41.719Z,sell,1.303e-05,1298.0,0.01691294
EDO/BTC,1585068918955,2020-03-24T16:55:18.955Z,sell,1.304e-05,22.0,0.00028688
EDO/BTC,1585068918955,2020-03-24T16:55:18.955Z,sell,1.303e-05,48.0,0.00062544
EDO/BTC,1585069035802,2020-03-24T16:57:15.802Z,buy,1.314e-05,8.0,0.00010512
EDO/BTC,1585069073629,2020-03-24T16:57:53.629Z,sell,1.303e-05,152.0,0.00198056
EDO/BTC,1585069073629,2020-03-24T16:57:53.629Z,sell,1.303e-05,152.0,0.00198056
EDO/BTC,1585069232339,2020-03-24T17:00:32.339Z,buy,1.314e-05,554.0,0.00727956
EDO/BTC,1585069233702,2020-03-24T17:00:33.702Z,sell,1.314e-05,213.0,0.00279882
EDO/BTC,1585069233702,2020-03-24T17:00:33.702Z,sell,1.31e-05,37.0,0.0004847
EDO/BTC,1585069261460,2020-03-24T17:01:01.460Z,buy,1.315e-05,53.0,0.00069695
EDO/BTC,1585069262589,2020-03-24T17:01:02.589Z,sell,1.315e-05,21.0,0.00027614999999999996
EDO/BTC,1585069284662,2020-03-24T17:01:24.662Z,buy,1.319e-05,1374.0,0.01812306
EDO/BTC,1585069286231,2020-03-24T17:01:26.231Z,sell,1.319e-05,250.0,0.0032975
EDO/BTC,1585069286471,2020-03-24T17:01:26.471Z,sell,1.319e-05,2701.0,0.03562619
EDO/BTC,1585069289219,2020-03-24T17:01:29.219Z,buy,1.318e-05,85.0,0.0011202999999999999
EDO/BTC,1585069298820,2020-03-24T17:01:38.820Z,buy,1.318e-05,1301.0,0.017147179999999998
EDO/BTC,1585069298844,2020-03-24T17:01:38.844Z,sell,1.318e-05,716.0,0.00943688
EDO/BTC,1585069299960,2020-03-24T17:01:39.960Z,sell,1.318e-05,250.0,0.0032949999999999998
EDO/BTC,1585069322491,2020-03-24T17:02:02.491Z,sell,1.318e-05,250.0,0.0032949999999999998
EDO/BTC,1585069336045,2020-03-24T17:02:16.045Z,buy,1.32e-05,8.0,0.0001056
EDO/BTC,1585069364792,2020-03-24T17:02:44.792Z,sell,1.318e-05,15.0,0.00019769999999999998
EDO/BTC,1585069365053,2020-03-24T17:02:45.053Z,sell,1.318e-05,5055.0,0.0666249
EDO/BTC,1585069473698,2020-03-24T17:04:33.698Z,sell,1.312e-05,115.0,0.0015088
EDO/BTC,1585069474317,2020-03-24T17:04:34.317Z,sell,1.312e-05,115.0,0.0015088
EDO/BTC,1585069474952,2020-03-24T17:04:34.952Z,sell,1.312e-05,115.0,0.0015088
EDO/BTC,1585069487871,2020-03-24T17:04:47.871Z,sell,1.312e-05,15.0,0.00019679999999999999
EDO/BTC,1585069636103,2020-03-24T17:07:16.103Z,buy,1.313e-05,8.0,0.00010504
EDO/BTC,1585069749975,2020-03-24T17:09:09.975Z,sell,1.312e-05,15.0,0.00019679999999999999
EDO/BTC,1585069935712,2020-03-24T17:12:15.712Z,buy,1.321e-05,8.0,0.00010568
EDO/BTC,1585070209528,2020-03-24T17:16:49.528Z,buy,1.32e-05,5654.0,0.0746328
EDO/BTC,1585070236219,2020-03-24T17:17:16.219Z,buy,1.32e-05,8.0,0.0001056
EDO/BTC,1585070408721,2020-03-24T17:20:08.721Z,buy,1.32e-05,51.0,0.0006732
EDO/BTC,1585070536495,2020-03-24T17:22:16.495Z,buy,1.32e-05,8.0,0.0001056
EDO/BTC,1585070610551,2020-03-24T17:23:30.551Z,sell,1.313e-05,330.0,0.0043329
EDO/BTC,1585070642842,2020-03-24T17:24:02.842Z,sell,1.313e-05,388.0,0.0050944399999999996
EDO/BTC,1585070642842,2020-03-24T17:24:02.842Z,sell,1.312e-05,2857.0,0.03748384
EDO/BTC,1585070642844,2020-03-24T17:24:02.844Z,sell,1.312e-05,85.0,0.0011152
EDO/BTC,1585070642849,2020-03-24T17:24:02.849Z,sell,1.307e-05,1756.0,0.02295092
EDO/BTC,1585070642904,2020-03-24T17:24:02.904Z,buy,1.312e-05,83.0,0.00108896
EDO/BTC,1585070836019,2020-03-24T17:27:16.019Z,buy,1.312e-05,8.0,0.00010496
EDO/BTC,1585070891975,2020-03-24T17:28:11.975Z,buy,1.312e-05,283.0,0.00371296
EDO/BTC,1585070939249,2020-03-24T17:28:59.249Z,buy,1.312e-05,155.0,0.0020336
EDO/BTC,1585070939249,2020-03-24T17:28:59.249Z,buy,1.313e-05,112.0,0.0014705599999999999
EDO/BTC,1585070939249,2020-03-24T17:28:59.249Z,buy,1.314e-05,113.0,0.00148482
EDO/BTC,1585071145335,2020-03-24T17:32:25.335Z,buy,1.314e-05,8.0,0.00010512
EDO/BTC,1585071292243,2020-03-24T17:34:52.243Z,buy,1.314e-05,1635.0,0.0214839
EDO/BTC,1585071292243,2020-03-24T17:34:52.243Z,buy,1.316e-05,693.0,0.00911988
EDO/BTC,1585071440482,2020-03-24T17:37:20.482Z,buy,1.316e-05,8.0,0.00010528
EDO/BTC,1585071507292,2020-03-24T17:38:27.292Z,buy,1.316e-05,8.0,0.00010528
EDO/BTC,1585071507308,2020-03-24T17:38:27.308Z,sell,1.316e-05,1545.0,0.020332199999999998
EDO/BTC,1585071507309,2020-03-24T17:38:27.309Z,sell,1.316e-05,21.0,0.00027635999999999996
EDO/BTC,1585071621002,2020-03-24T17:40:21.002Z,sell,1.31e-05,264.0,0.0034584
EDO/BTC,1585071621002,2020-03-24T17:40:21.002Z,sell,1.306e-05,145.0,0.0018937000000000001
EDO/BTC,1585071621002,2020-03-24T17:40:21.002Z,sell,1.305e-05,602.0,0.0078561
EDO/BTC,1585071621002,2020-03-24T17:40:21.002Z,sell,1.304e-05,563.0,0.007341520000000001
EDO/BTC,1585071636121,2020-03-24T17:40:36.121Z,buy,1.316e-05,16.0,0.00021056
EDO/BTC,1585071744526,2020-03-24T17:42:24.526Z,buy,1.315e-05,8.0,0.0001052
EDO/BTC,1585071788271,2020-03-24T17:43:08.271Z,buy,1.315e-05,8.0,0.0001052
EDO/BTC,1585071963912,2020-03-24T17:46:03.912Z,sell,1.306e-05,101.0,0.00131906
EDO/BTC,1585071963912,2020-03-24T17:46:03.912Z,sell,1.304e-05,128.0,0.00166912
EDO/BTC,1585071963912,2020-03-24T17:46:03.912Z,sell,1.303e-05,539.0,0.0070231700000000005
EDO/BTC,1585072043761,2020-03-24T17:47:23.761Z,buy,1.315e-05,8.0,0.0001052
EDO/BTC,1585072144088,2020-03-24T17:49:04.088Z,sell,1.304e-05,375.0,0.00489
EDO/BTC,1585072144088,2020-03-24T17:49:04.088Z,sell,1.303e-05,656.0,0.00854768
EDO/BTC,1585072144114,2020-03-24T17:49:04.114Z,buy,1.303e-05,1287.0,0.01676961
EDO/BTC,1585072166560,2020-03-24T17:49:26.560Z,buy,1.304e-05,21.0,0.00027384
EDO/BTC,1585072166826,2020-03-24T17:49:26.826Z,buy,1.304e-05,598.0,0.007797920000000001
EDO/BTC,1585072340099,2020-03-24T17:52:20.099Z,buy,1.311e-05,8.0,0.00010488
EDO/BTC,1585072340099,2020-03-24T17:52:20.099Z,buy,1.311e-05,8.0,0.00010488
EDO/BTC,1585072937485,2020-03-24T18:02:17.485Z,buy,1.31e-05,8.0,0.0001048
EDO/BTC,1585072940258,2020-03-24T18:02:20.258Z,buy,1.31e-05,8.0,0.0001048
EDO/BTC,1585073036024,2020-03-24T18:03:56.024Z,sell,1.302e-05,132.0,0.00171864
EDO/BTC,1585073073582,2020-03-24T18:04:33.582Z,buy,1.31e-05,1031.0,0.0135061
EDO/BTC,1585073238163,2020-03-24T18:07:18.163Z,buy,1.31e-05,8.0,0.0001048
EDO/BTC,1585073519679,2020-03-24T18:11:59.679Z,buy,1.309e-05,121.0,0.00158389
EDO/BTC,1585073519679,2020-03-24T18:11:59.679Z,buy,1.31e-05,254.0,0.0033274
EDO/BTC,1585073606583,2020-03-24T18:13:26.583Z,sell,1.31e-05,32.0,0.0004192
EDO/BTC,1585073836785,2020-03-24T18:17:16.785Z,buy,1.31e-05,8.0,0.0001048
EDO/BTC,1585074135469,2020-03-24T18:22:15.469Z,buy,1.31e-05,8.0,0.0001048
EDO/BTC,1585074267404,2020-03-24T18:24:27.404Z,buy,1.31e-05,8.0,0.0001048
EDO/BTC,1585074543052,2020-03-24T18:29:03.052Z,sell,1.305e-05,16.0,0.0002088
EDO/BTC,1585074543052,2020-03-24T18:29:03.052Z,sell,1.302e-05,8.0,0.00010416
EDO/BTC,1585074543052,2020-03-24T18:29:03.052Z,sell,1.301e-05,192.0,0.0024979200000000003
EDO/BTC,1585074543052,2020-03-24T18:29:03.052Z,sell,1.301e-05,1195.0,0.01554695
EDO/BTC,1585074728087,2020-03-24T18:32:08.087Z,sell,1.301e-05,1655.0,0.02153155
EDO/BTC,1585074728087,2020-03-24T18:32:08.087Z,sell,1.3e-05,671.0,0.008723
EDO/BTC,1585075230443,2020-03-24T18:40:30.443Z,sell,1.301e-05,384.0,0.0049958400000000005
EDO/BTC,1585075230443,2020-03-24T18:40:30.443Z,sell,1.3e-05,1735.0,0.022555
EDO/BTC,1585075230462,2020-03-24T18:40:30.462Z,buy,1.3e-05,3473.0,0.045148999999999995
EDO/BTC,1585075264757,2020-03-24T18:41:04.757Z,buy,1.309e-05,86.0,0.00112574
EDO/BTC,1585075692837,2020-03-24T18:48:12.837Z,buy,1.309e-05,8.0,0.00010472
EDO/BTC,1585075698271,2020-03-24T18:48:18.271Z,buy,1.312e-05,8.0,0.00010496
EDO/BTC,1585075749388,2020-03-24T18:49:09.388Z,buy,1.316e-05,8.0,0.00010528
EDO/BTC,1585075768920,2020-03-24T18:49:28.920Z,buy,1.316e-05,697.0,0.00917252
EDO/BTC,1585075768920,2020-03-24T18:49:28.920Z,buy,1.317e-05,1376.0,0.01812192
EDO/BTC,1585075769151,2020-03-24T18:49:29.151Z,buy,1.318e-05,495.0,0.0065241
EDO/BTC,1585075771454,2020-03-24T18:49:31.454Z,sell,1.317e-05,79.0,0.00104043
EDO/BTC,1585075771694,2020-03-24T18:49:31.694Z,sell,1.317e-05,19.0,0.00025023
EDO/BTC,1585075776680,2020-03-24T18:49:36.680Z,buy,1.319e-05,1033.0,0.01362527
EDO/BTC,1585075779633,2020-03-24T18:49:39.633Z,sell,1.318e-05,229.0,0.00301822
EDO/BTC,1585075783789,2020-03-24T18:49:43.789Z,buy,1.317e-05,85.0,0.00111945
EDO/BTC,1585075783789,2020-03-24T18:49:43.789Z,buy,1.317e-05,85.0,0.00111945
EDO/BTC,1585076017616,2020-03-24T18:53:37.616Z,buy,1.319e-05,227.0,0.0029941300000000002
EDO/BTC,1585076017616,2020-03-24T18:53:37.616Z,buy,1.321e-05,514.0,0.00678994
EDO/BTC,1585076053296,2020-03-24T18:54:13.296Z,buy,1.32e-05,8.0,0.0001056
EDO/BTC,1585076106676,2020-03-24T18:55:06.676Z,buy,1.32e-05,86.0,0.0011352
EDO/BTC,1585076106676,2020-03-24T18:55:06.676Z,buy,1.321e-05,40.0,0.0005284
EDO/BTC,1585076288627,2020-03-24T18:58:08.627Z,sell,1.311e-05,125.0,0.00163875
EDO/BTC,1585076347934,2020-03-24T18:59:07.934Z,buy,1.318e-05,125.0,0.0016474999999999999
EDO/BTC,1585076366819,2020-03-24T18:59:26.819Z,buy,1.318e-05,6080.0,0.0801344
EDO/BTC,1585076535583,2020-03-24T19:02:15.583Z,buy,1.32e-05,8.0,0.0001056
EDO/BTC,1585076566652,2020-03-24T19:02:46.652Z,sell,1.312e-05,125.0,0.00164
EDO/BTC,1585076590257,2020-03-24T19:03:10.257Z,sell,1.313e-05,3148.0,0.04133324
EDO/BTC,1585076729100,2020-03-24T19:05:29.100Z,sell,1.313e-05,8.0,0.00010504
EDO/BTC,1585076835358,2020-03-24T19:07:15.358Z,buy,1.319e-05,8.0,0.00010552
EDO/BTC,1585077135519,2020-03-24T19:12:15.519Z,buy,1.319e-05,8.0,0.00010552
EDO/BTC,1585077152487,2020-03-24T19:12:32.487Z,sell,1.312e-05,4368.0,0.05730816
EDO/BTC,1585077665345,2020-03-24T19:21:05.345Z,buy,1.319e-05,394.0,0.00519686
EDO/BTC,1585077665420,2020-03-24T19:21:05.420Z,buy,1.319e-05,1957.0,0.025812830000000002
EDO/BTC,1585077665420,2020-03-24T19:21:05.420Z,buy,1.322e-05,745.0,0.0098489
EDO/BTC,1585077665420,2020-03-24T19:21:05.420Z,buy,1.323e-05,1258.0,0.01664334
EDO/BTC,1585077665424,2020-03-24T19:21:05.424Z,buy,1.323e-05,1014.0,0.01341522
EDO/BTC,1585077665424,2020-03-24T19:21:05.424Z,buy,1.324e-05,966.0,0.01278984
EDO/BTC,1585077665982,2020-03-24T19:21:05.982Z,buy,1.324e-05,279.0,0.00369396
EDO/BTC,1585077665982,2020-03-24T19:21:05.982Z,buy,1.325e-05,1109.0,0.01469425
EDO/BTC,1585077665982,2020-03-24T19:21:05.982Z,buy,1.327e-05,4661.0,0.06185147
EDO/BTC,1585077665982,2020-03-24T19:21:05.982Z,buy,1.328e-05,8.0,0.00010624
EDO/BTC,1585077665982,2020-03-24T19:21:05.982Z,buy,1.329e-05,939.0,0.01247931
EDO/BTC,1585077665982,2020-03-24T19:21:05.982Z,buy,1.33e-05,463.0,0.0061579
EDO/BTC,1585077665982,2020-03-24T19:21:05.982Z,buy,1.331e-05,1220.0,0.0162382
EDO/BTC,1585077665982,2020-03-24T19:21:05.982Z,buy,1.332e-05,8228.0,0.10959696
EDO/BTC,1585077665982,2020-03-24T19:21:05.982Z,buy,1.334e-05,1446.0,0.01928964
EDO/BTC,1585077665982,2020-03-24T19:21:05.982Z,buy,1.335e-05,10158.0,0.1356093
EDO/BTC,1585077665982,2020-03-24T19:21:05.982Z,buy,1.339e-05,1042.0,0.01395238
EDO/BTC,1585077665982,2020-03-24T19:21:05.982Z,buy,1.34e-05,96.0,0.0012864
EDO/BTC,1585077665982,2020-03-24T19:21:05.982Z,buy,1.341e-05,1693.0,0.022703130000000002
EDO/BTC,1585077665982,2020-03-24T19:21:05.982Z,buy,1.342e-05,187.0,0.00250954
EDO/BTC,1585077665982,2020-03-24T19:21:05.982Z,buy,1.344e-05,483.0,0.00649152
EDO/BTC,1585077665982,2020-03-24T19:21:05.982Z,buy,1.345e-05,230.0,0.0030935
EDO/BTC,1585077665982,2020-03-24T19:21:05.982Z,buy,1.346e-05,124.0,0.0016690399999999999
EDO/BTC,1585077665982,2020-03-24T19:21:05.982Z,buy,1.347e-05,1800.0,0.024246
EDO/BTC,1585077666393,2020-03-24T19:21:06.393Z,buy,1.335e-05,2162.0,0.028862699999999998
EDO/BTC,1585077668730,2020-03-24T19:21:08.730Z,sell,1.329e-05,204.0,0.00271116
EDO/BTC,1585077714276,2020-03-24T19:21:54.276Z,sell,1.329e-05,158.0,0.00209982
EDO/BTC,1585077714290,2020-03-24T19:21:54.290Z,sell,1.329e-05,46.0,0.00061134
EDO/BTC,1585077714290,2020-03-24T19:21:54.290Z,sell,1.328e-05,206.0,0.00273568
EDO/BTC,1585077753136,2020-03-24T19:22:33.136Z,buy,1.343e-05,8.0,0.00010744
EDO/BTC,1585077756266,2020-03-24T19:22:36.266Z,sell,1.341e-05,8.0,0.00010728
EDO/BTC,1585077769209,2020-03-24T19:22:49.209Z,buy,1.342e-05,410.0,0.0055022000000000005
EDO/BTC,1585077769209,2020-03-24T19:22:49.209Z,buy,1.343e-05,1546.0,0.02076278
EDO/BTC,1585077769209,2020-03-24T19:22:49.209Z,buy,1.344e-05,125.0,0.00168
EDO/BTC,1585077769235,2020-03-24T19:22:49.235Z,sell,1.344e-05,41.0,0.00055104
EDO/BTC,1585077777962,2020-03-24T19:22:57.962Z,buy,1.346e-05,15.0,0.0002019
EDO/BTC,1585077777962,2020-03-24T19:22:57.962Z,buy,1.347e-05,667.0,0.00898449
EDO/BTC,1585077777962,2020-03-24T19:22:57.962Z,buy,1.348e-05,27.0,0.00036396
EDO/BTC,1585077777962,2020-03-24T19:22:57.962Z,buy,1.349e-05,1435.0,0.01935815
EDO/BTC,1585077777981,2020-03-24T19:22:57.981Z,sell,1.349e-05,84.0,0.00113316
EDO/BTC,1585077778028,2020-03-24T19:22:58.028Z,sell,1.349e-05,41.0,0.00055309
EDO/BTC,1585077787221,2020-03-24T19:23:07.221Z,buy,1.349e-05,2377.0,0.03206573
EDO/BTC,1585077787221,2020-03-24T19:23:07.221Z,buy,1.351e-05,1306.0,0.01764406
EDO/BTC,1585077798363,2020-03-24T19:23:18.363Z,sell,1.341e-05,73.0,0.00097893
EDO/BTC,1585077799698,2020-03-24T19:23:19.698Z,buy,1.351e-05,8.0,0.00010808
EDO/BTC,1585077804997,2020-03-24T19:23:24.997Z,buy,1.351e-05,501.0,0.006768509999999999
EDO/BTC,1585077833452,2020-03-24T19:23:53.452Z,sell,1.349e-05,8.0,0.00010792
EDO/BTC,1585077990689,2020-03-24T19:26:30.689Z,sell,1.346e-05,8.0,0.00010768
EDO/BTC,1585077990689,2020-03-24T19:26:30.689Z,sell,1.336e-05,374.0,0.00499664
EDO/BTC,1585077990689,2020-03-24T19:26:30.689Z,sell,1.332e-05,119.0,0.00158508
EDO/BTC,1585078111372,2020-03-24T19:28:31.372Z,sell,1.334e-05,21.0,0.00028014
EDO/BTC,1585078111386,2020-03-24T19:28:31.386Z,buy,1.332e-05,21.0,0.00027972
EDO/BTC,1585078115542,2020-03-24T19:28:35.542Z,sell,1.332e-05,31.0,0.00041292
EDO/BTC,1585078187669,2020-03-24T19:29:47.669Z,buy,1.344e-05,8.0,0.00010752
EDO/BTC,1585078238955,2020-03-24T19:30:38.955Z,sell,1.334e-05,157.0,0.00209438
EDO/BTC,1585078238955,2020-03-24T19:30:38.955Z,sell,1.331e-05,263.0,0.00350053
EDO/BTC,1585078239020,2020-03-24T19:30:39.020Z,sell,1.331e-05,97.0,0.00129107
EDO/BTC,1585078239020,2020-03-24T19:30:39.020Z,sell,1.33e-05,153.0,0.0020349
EDO/BTC,1585078331138,2020-03-24T19:32:11.138Z,buy,1.338e-05,2.0,2.676e-05
EDO/BTC,1585078725863,2020-03-24T19:38:45.863Z,buy,1.336e-05,516.0,0.0068937600000000005
EDO/BTC,1585078725863,2020-03-24T19:38:45.863Z,buy,1.338e-05,477.0,0.006382260000000001
EDO/BTC,1585078725863,2020-03-24T19:38:45.863Z,buy,1.339e-05,874.0,0.01170286
EDO/BTC,1585078725863,2020-03-24T19:38:45.863Z,buy,1.336e-05,516.0,0.0068937600000000005
EDO/BTC,1585078725863,2020-03-24T19:38:45.863Z,buy,1.338e-05,477.0,0.006382260000000001
EDO/BTC,1585078725863,2020-03-24T19:38:45.863Z,buy,1.339e-05,874.0,0.01170286
EDO/BTC,1585079502639,2020-03-24T19:51:42.639Z,buy,1.332e-05,19.0,0.00025308
EDO/BTC,1585079506494,2020-03-24T19:51:46.494Z,sell,1.33e-05,130.0,0.001729
EDO/BTC,1585079695167,2020-03-24T19:54:55.167Z,sell,1.331e-05,250.0,0.0033274999999999997
EDO/BTC,1585079726503,2020-03-24T19:55:26.503Z,sell,1.331e-05,149.0,0.00198319
EDO/BTC,1585079787680,2020-03-24T19:56:27.680Z,sell,1.331e-05,293.0,0.00389983
EDO/BTC,1585079909382,2020-03-24T19:58:29.382Z,sell,1.331e-05,91.0,0.0012112099999999999
EDO/BTC,1585080080077,2020-03-24T20:01:20.077Z,sell,1.331e-05,3651.0,0.048594809999999995
EDO/BTC,1585080080077,2020-03-24T20:01:20.077Z,sell,1.33e-05,3621.0,0.0481593
EDO/BTC,1585080235439,2020-03-24T20:03:55.439Z,buy,1.336e-05,250.0,0.00334
EDO/BTC,1585080235472,2020-03-24T20:03:55.472Z,buy,1.336e-05,420.0,0.0056112
EDO/BTC,1585080235616,2020-03-24T20:03:55.616Z,buy,1.336e-05,1926.0,0.02573136
EDO/BTC,1585080236614,2020-03-24T20:03:56.614Z,buy,1.336e-05,1924.0,0.02570464
EDO/BTC,1585080236614,2020-03-24T20:03:56.614Z,buy,1.337e-05,1725.0,0.02306325
EDO/BTC,1585080236614,2020-03-24T20:03:56.614Z,buy,1.338e-05,86.0,0.00115068
EDO/BTC,1585080237213,2020-03-24T20:03:57.213Z,buy,1.34e-05,250.0,0.00335
EDO/BTC,1585080238504,2020-03-24T20:03:58.504Z,buy,1.34e-05,250.0,0.00335
EDO/BTC,1585080240892,2020-03-24T20:04:00.892Z,buy,1.34e-05,250.0,0.00335
EDO/BTC,1585080241306,2020-03-24T20:04:01.306Z,sell,1.339e-05,8.0,0.00010712
EDO/BTC,1585080243512,2020-03-24T20:04:03.512Z,buy,1.34e-05,250.0,0.00335
EDO/BTC,1585080244313,2020-03-24T20:04:04.313Z,buy,1.34e-05,250.0,0.00335
EDO/BTC,1585080246446,2020-03-24T20:04:06.446Z,buy,1.34e-05,250.0,0.00335
EDO/BTC,1585080273243,2020-03-24T20:04:33.243Z,buy,1.34e-05,190.0,0.002546
EDO/BTC,1585080273243,2020-03-24T20:04:33.243Z,buy,1.342e-05,60.0,0.0008052000000000001
EDO/BTC,1585080288592,2020-03-24T20:04:48.592Z,buy,1.342e-05,1376.0,0.01846592
EDO/BTC,1585080288592,2020-03-24T20:04:48.592Z,buy,1.344e-05,85.0,0.0011424
EDO/BTC,1585080288592,2020-03-24T20:04:48.592Z,buy,1.345e-05,85.0,0.00114325
EDO/BTC,1585080288592,2020-03-24T20:04:48.592Z,buy,1.347e-05,15.0,0.00020205
EDO/BTC,1585080288592,2020-03-24T20:04:48.592Z,buy,1.349e-05,377.0,0.00508573
EDO/BTC,1585080312777,2020-03-24T20:05:12.777Z,buy,1.346e-05,8.0,0.00010768
EDO/BTC,1585080329707,2020-03-24T20:05:29.707Z,sell,1.339e-05,22.0,0.00029458
EDO/BTC,1585080424537,2020-03-24T20:07:04.537Z,buy,1.348e-05,1734.0,0.02337432
EDO/BTC,1585080424537,2020-03-24T20:07:04.537Z,buy,1.349e-05,202.0,0.00272498
EDO/BTC,1585080491563,2020-03-24T20:08:11.563Z,sell,1.343e-05,8.0,0.00010744
EDO/BTC,1585080520295,2020-03-24T20:08:40.295Z,sell,1.34e-05,8.0,0.0001072
EDO/BTC,1585080520295,2020-03-24T20:08:40.295Z,sell,1.339e-05,85.0,0.00113815
EDO/BTC,1585080520295,2020-03-24T20:08:40.295Z,sell,1.336e-05,8.0,0.00010688
EDO/BTC,1585080520295,2020-03-24T20:08:40.295Z,sell,1.332e-05,149.0,0.00198468
EDO/BTC,1585080520295,2020-03-24T20:08:40.295Z,sell,1.33e-05,203.0,0.0026999
EDO/BTC,1585080612345,2020-03-24T20:10:12.345Z,sell,1.338e-05,8.0,0.00010704
EDO/BTC,1585080614452,2020-03-24T20:10:14.452Z,buy,1.332e-05,181.0,0.00241092
EDO/BTC,1585080679882,2020-03-24T20:11:19.882Z,buy,1.333e-05,197.0,0.00262601
EDO/BTC,1585080824710,2020-03-24T20:13:44.710Z,sell,1.33e-05,62.0,0.0008246
EDO/BTC,1585080824710,2020-03-24T20:13:44.710Z,sell,1.325e-05,8.0,0.000106
EDO/BTC,1585080828751,2020-03-24T20:13:48.751Z,sell,1.323e-05,79.0,0.00104517
EDO/BTC,1585080829477,2020-03-24T20:13:49.477Z,sell,1.323e-05,30.0,0.0003969
EDO/BTC,1585080848513,2020-03-24T20:14:08.513Z,buy,1.324e-05,8.0,0.00010592
EDO/BTC,1585081035245,2020-03-24T20:17:15.245Z,buy,1.323e-05,8.0,0.00010584
EDO/BTC,1585081206649,2020-03-24T20:20:06.649Z,sell,1.318e-05,21.0,0.00027677999999999996
EDO/BTC,1585081206649,2020-03-24T20:20:06.649Z,sell,1.317e-05,229.0,0.00301593
EDO/BTC,1585081206688,2020-03-24T20:20:06.688Z,sell,1.317e-05,414.0,0.00545238
EDO/BTC,1585081206713,2020-03-24T20:20:06.713Z,sell,1.317e-05,1937.0,0.025510289999999998
EDO/BTC,1585081209477,2020-03-24T20:20:09.477Z,sell,1.317e-05,117.0,0.0015408899999999998
EDO/BTC,1585081213047,2020-03-24T20:20:13.047Z,sell,1.317e-05,133.0,0.0017516099999999998
EDO/BTC,1585081215142,2020-03-24T20:20:15.142Z,sell,1.317e-05,129.0,0.00169893
EDO/BTC,1585081335143,2020-03-24T20:22:15.143Z,buy,1.323e-05,8.0,0.00010584
EDO/BTC,1585081513606,2020-03-24T20:25:13.606Z,buy,1.323e-05,362.0,0.00478926
EDO/BTC,1585081579151,2020-03-24T20:26:19.151Z,buy,1.324e-05,9.0,0.00011916
EDO/BTC,1585081633530,2020-03-24T20:27:13.530Z,sell,1.323e-05,1331.0,0.01760913
EDO/BTC,1585081905288,2020-03-24T20:31:45.288Z,sell,1.323e-05,425.0,0.00562275
EDO/BTC,1585081908783,2020-03-24T20:31:48.783Z,sell,1.323e-05,126.0,0.00166698
EDO/BTC,1585081932249,2020-03-24T20:32:12.249Z,buy,1.324e-05,107.0,0.00141668
EDO/BTC,1585081944678,2020-03-24T20:32:24.678Z,buy,1.33e-05,8.0,0.0001064
EDO/BTC,1585082182055,2020-03-24T20:36:22.055Z,sell,1.325e-05,824.0,0.010918
EDO/BTC,1585082184215,2020-03-24T20:36:24.215Z,sell,1.325e-05,659.0,0.00873175
EDO/BTC,1585082228333,2020-03-24T20:37:08.333Z,sell,1.325e-05,1727.0,0.02288275
EDO/BTC,1585082228333,2020-03-24T20:37:08.333Z,sell,1.323e-05,4289.0,0.056743470000000004
EDO/BTC,1585082242023,2020-03-24T20:37:22.023Z,buy,1.328e-05,8.0,0.00010624
EDO/BTC,1585082290296,2020-03-24T20:38:10.296Z,sell,1.323e-05,1805.0,0.02388015
EDO/BTC,1585082314174,2020-03-24T20:38:34.174Z,sell,1.318e-05,150.0,0.001977
EDO/BTC,1585082314174,2020-03-24T20:38:34.174Z,sell,1.315e-05,5225.0,0.06870875
EDO/BTC,1585082314181,2020-03-24T20:38:34.181Z,buy,1.315e-05,885.0,0.011637749999999999
EDO/BTC,1585082314181,2020-03-24T20:38:34.181Z,buy,1.315e-05,885.0,0.011637749999999999
EDO/BTC,1585082455551,2020-03-24T20:40:55.551Z,sell,1.318e-05,156.0,0.00205608
EDO/BTC,1585082537310,2020-03-24T20:42:17.310Z,buy,1.327e-05,8.0,0.00010616
EDO/BTC,1585082540939,2020-03-24T20:42:20.939Z,sell,1.319e-05,413.0,0.00544747
EDO/BTC,1585082540939,2020-03-24T20:42:20.939Z,sell,1.318e-05,646.0,0.008514279999999999
EDO/BTC,1585082540939,2020-03-24T20:42:20.939Z,sell,1.317e-05,1841.0,0.02424597
EDO/BTC,1585082686607,2020-03-24T20:44:46.607Z,buy,1.327e-05,2.0,2.654e-05
EDO/BTC,1585082987138,2020-03-24T20:49:47.138Z,buy,1.327e-05,8.0,0.00010616
EDO/BTC,1585083364303,2020-03-24T20:56:04.303Z,sell,1.325e-05,8.0,0.000106
EDO/BTC,1585083435471,2020-03-24T20:57:15.471Z,buy,1.325e-05,8.0,0.000106
EDO/BTC,1585083494338,2020-03-24T20:58:14.338Z,buy,1.325e-05,8.0,0.000106
EDO/BTC,1585083735818,2020-03-24T21:02:15.818Z,buy,1.325e-05,8.0,0.000106
EDO/BTC,1585083972638,2020-03-24T21:06:12.638Z,sell,1.322e-05,8.0,0.00010576
EDO/BTC,1585083972638,2020-03-24T21:06:12.638Z,sell,1.316e-05,521.0,0.00685636
EDO/BTC,1585083972638,2020-03-24T21:06:12.638Z,sell,1.315e-05,716.0,0.009415399999999999
EDO/BTC,1585083972638,2020-03-24T21:06:12.638Z,sell,1.314e-05,1755.0,0.0230607
EDO/BTC,1585083972638,2020-03-24T21:06:12.638Z,sell,1.313e-05,3104.0,0.040755519999999996
EDO/BTC,1585083972638,2020-03-24T21:06:12.638Z,sell,1.31e-05,1586.0,0.0207766
EDO/BTC,1585083973466,2020-03-24T21:06:13.466Z,sell,1.31e-05,40.0,0.0005239999999999999
EDO/BTC,1585083973712,2020-03-24T21:06:13.712Z,sell,1.31e-05,40.0,0.0005239999999999999
EDO/BTC,1585083974970,2020-03-24T21:06:14.970Z,buy,1.321e-05,21.0,0.00027741
EDO/BTC,1585084035146,2020-03-24T21:07:15.146Z,buy,1.32e-05,8.0,0.0001056
EDO/BTC,1585084101421,2020-03-24T21:08:21.421Z,buy,1.32e-05,124.0,0.0016368
EDO/BTC,1585084175455,2020-03-24T21:09:35.455Z,buy,1.32e-05,779.0,0.0102828
EDO/BTC,1585084335255,2020-03-24T21:12:15.255Z,buy,1.32e-05,8.0,0.0001056
EDO/BTC,1585084352948,2020-03-24T21:12:32.948Z,sell,1.319e-05,8.0,0.00010552
EDO/BTC,1585084356403,2020-03-24T21:12:36.403Z,sell,1.31e-05,142.0,0.0018602
EDO/BTC,1585084639693,2020-03-24T21:17:19.693Z,buy,1.319e-05,8.0,0.00010552
EDO/BTC,1585084939605,2020-03-24T21:22:19.605Z,buy,1.318e-05,8.0,0.00010544
EDO/BTC,1585085159842,2020-03-24T21:25:59.842Z,sell,1.316e-05,311.0,0.00409276
EDO/BTC,1585085167306,2020-03-24T21:26:07.306Z,buy,1.315e-05,2.0,2.63e-05
EDO/BTC,1585085167609,2020-03-24T21:26:07.609Z,buy,1.315e-05,8.0,0.0001052
EDO/BTC,1585085168775,2020-03-24T21:26:08.775Z,buy,1.315e-05,2.0,2.63e-05
EDO/BTC,1585085173336,2020-03-24T21:26:13.336Z,buy,1.315e-05,2.0,2.63e-05
EDO/BTC,1585085177840,2020-03-24T21:26:17.840Z,buy,1.315e-05,2.0,2.63e-05
EDO/BTC,1585085179783,2020-03-24T21:26:19.783Z,buy,1.315e-05,2.0,2.63e-05
EDO/BTC,1585085183565,2020-03-24T21:26:23.565Z,buy,1.315e-05,2.0,2.63e-05
EDO/BTC,1585085187995,2020-03-24T21:26:27.995Z,buy,1.315e-05,2.0,2.63e-05
EDO/BTC,1585085193319,2020-03-24T21:26:33.319Z,buy,1.315e-05,2.0,2.63e-05
EDO/BTC,1585085195619,2020-03-24T21:26:35.619Z,buy,1.315e-05,2.0,2.63e-05
EDO/BTC,1585085197505,2020-03-24T21:26:37.505Z,buy,1.315e-05,2.0,2.63e-05
EDO/BTC,1585085206606,2020-03-24T21:26:46.606Z,buy,1.315e-05,2.0,2.63e-05
EDO/BTC,1585085207841,2020-03-24T21:26:47.841Z,buy,1.315e-05,2.0,2.63e-05
EDO/BTC,1585085208142,2020-03-24T21:26:48.142Z,buy,1.315e-05,2.0,2.63e-05
EDO/BTC,1585085218732,2020-03-24T21:26:58.732Z,buy,1.315e-05,2.0,2.63e-05
EDO/BTC,1585085220731,2020-03-24T21:27:00.731Z,buy,1.315e-05,2.0,2.63e-05
EDO/BTC,1585085221440,2020-03-24T21:27:01.440Z,buy,1.315e-05,2.0,2.63e-05
EDO/BTC,1585085228874,2020-03-24T21:27:08.874Z,buy,1.315e-05,2.0,2.63e-05
EDO/BTC,1585085229852,2020-03-24T21:27:09.852Z,buy,1.315e-05,2.0,2.63e-05
EDO/BTC,1585085232056,2020-03-24T21:27:12.056Z,buy,1.315e-05,2.0,2.63e-05
EDO/BTC,1585085239662,2020-03-24T21:27:19.662Z,buy,1.315e-05,8.0,0.0001052
EDO/BTC,1585085241882,2020-03-24T21:27:21.882Z,buy,1.315e-05,2.0,2.63e-05
EDO/BTC,1585085244912,2020-03-24T21:27:24.912Z,buy,1.315e-05,2.0,2.63e-05
EDO/BTC,1585085246778,2020-03-24T21:27:26.778Z,buy,1.315e-05,2.0,2.63e-05
EDO/BTC,1585085252843,2020-03-24T21:27:32.843Z,buy,1.315e-05,2.0,2.63e-05
EDO/BTC,1585085256859,2020-03-24T21:27:36.859Z,buy,1.315e-05,2.0,2.63e-05
EDO/BTC,1585085259124,2020-03-24T21:27:39.124Z,buy,1.315e-05,2.0,2.63e-05
EDO/BTC,1585085263365,2020-03-24T21:27:43.365Z,buy,1.315e-05,2.0,2.63e-05
EDO/BTC,1585085265966,2020-03-24T21:27:45.966Z,buy,1.315e-05,2.0,2.63e-05
EDO/BTC,1585085270888,2020-03-24T21:27:50.888Z,buy,1.315e-05,2.0,2.63e-05
EDO/BTC,1585085272902,2020-03-24T21:27:52.902Z,buy,1.315e-05,2.0,2.63e-05
EDO/BTC,1585085274022,2020-03-24T21:27:54.022Z,buy,1.315e-05,2.0,2.63e-05
EDO/BTC,1585085283330,2020-03-24T21:28:03.330Z,buy,1.315e-05,2.0,2.63e-05
EDO/BTC,1585085283991,2020-03-24T21:28:03.991Z,buy,1.315e-05,2.0,2.63e-05
EDO/BTC,1585085285357,2020-03-24T21:28:05.357Z,buy,1.315e-05,2.0,2.63e-05
EDO/BTC,1585085292669,2020-03-24T21:28:12.669Z,buy,1.315e-05,2.0,2.63e-05
EDO/BTC,1585085293007,2020-03-24T21:28:13.007Z,buy,1.315e-05,2.0,2.63e-05
EDO/BTC,1585085294735,2020-03-24T21:28:14.735Z,buy,1.315e-05,2.0,2.63e-05
EDO/BTC,1585085301730,2020-03-24T21:28:21.730Z,buy,1.315e-05,2.0,2.63e-05
EDO/BTC,1585085302045,2020-03-24T21:28:22.045Z,buy,1.315e-05,2.0,2.63e-05
EDO/BTC,1585085303249,2020-03-24T21:28:23.249Z,buy,1.315e-05,2.0,2.63e-05
EDO/BTC,1585085310985,2020-03-24T21:28:30.985Z,buy,1.315e-05,2.0,2.63e-05
EDO/BTC,1585085312065,2020-03-24T21:28:32.065Z,buy,1.315e-05,2.0,2.63e-05
EDO/BTC,1585085318048,2020-03-24T21:28:38.048Z,buy,1.315e-05,2.0,2.63e-05
EDO/BTC,1585085320736,2020-03-24T21:28:40.736Z,buy,1.315e-05,2.0,2.63e-05
EDO/BTC,1585085321148,2020-03-24T21:28:41.148Z,buy,1.315e-05,2.0,2.63e-05
EDO/BTC,1585085327173,2020-03-24T21:28:47.173Z,buy,1.315e-05,2.0,2.63e-05
EDO/BTC,1585085330304,2020-03-24T21:28:50.304Z,buy,1.315e-05,2.0,2.63e-05
EDO/BTC,1585085330345,2020-03-24T21:28:50.345Z,buy,1.315e-05,2.0,2.63e-05
EDO/BTC,1585085345256,2020-03-24T21:29:05.256Z,buy,1.315e-05,2.0,2.63e-05
EDO/BTC,1585085347142,2020-03-24T21:29:07.142Z,buy,1.315e-05,2.0,2.63e-05
EDO/BTC,1585085349115,2020-03-24T21:29:09.115Z,buy,1.315e-05,2.0,2.63e-05
EDO/BTC,1585085355185,2020-03-24T21:29:15.185Z,buy,1.315e-05,2.0,2.63e-05
EDO/BTC,1585085361453,2020-03-24T21:29:21.453Z,buy,1.315e-05,2.0,2.63e-05
EDO/BTC,1585085363259,2020-03-24T21:29:23.259Z,buy,1.315e-05,2.0,2.63e-05
EDO/BTC,1585085370048,2020-03-24T21:29:30.048Z,buy,1.315e-05,2.0,2.63e-05
EDO/BTC,1585085371670,2020-03-24T21:29:31.670Z,buy,1.315e-05,2.0,2.63e-05
EDO/BTC,1585085378871,2020-03-24T21:29:38.871Z,buy,1.315e-05,2.0,2.63e-05
EDO/BTC,1585085380749,2020-03-24T21:29:40.749Z,buy,1.315e-05,2.0,2.63e-05
EDO/BTC,1585085386215,2020-03-24T21:29:46.215Z,buy,1.315e-05,2.0,2.63e-05
EDO/BTC,1585085389989,2020-03-24T21:29:49.989Z,buy,1.315e-05,2.0,2.63e-05
EDO/BTC,1585085395256,2020-03-24T21:29:55.256Z,buy,1.315e-05,2.0,2.63e-05
EDO/BTC,1585085400126,2020-03-24T21:30:00.126Z,buy,1.315e-05,2.0,2.63e-05
EDO/BTC,1585085407739,2020-03-24T21:30:07.739Z,buy,1.315e-05,2.0,2.63e-05
EDO/BTC,1585085410150,2020-03-24T21:30:10.150Z,buy,1.315e-05,2.0,2.63e-05
EDO/BTC,1585085411908,2020-03-24T21:30:11.908Z,buy,1.315e-05,2.0,2.63e-05
EDO/BTC,1585085416768,2020-03-24T21:30:16.768Z,buy,1.315e-05,2.0,2.63e-05
EDO/BTC,1585085419306,2020-03-24T21:30:19.306Z,buy,1.315e-05,2.0,2.63e-05
EDO/BTC,1585085422990,2020-03-24T21:30:22.990Z,buy,1.315e-05,2.0,2.63e-05
EDO/BTC,1585085431768,2020-03-24T21:30:31.768Z,buy,1.315e-05,2.0,2.63e-05
EDO/BTC,1585085435169,2020-03-24T21:30:35.169Z,buy,1.315e-05,2.0,2.63e-05
EDO/BTC,1585085436547,2020-03-24T21:30:36.547Z,buy,1.315e-05,2.0,2.63e-05
EDO/BTC,1585085441791,2020-03-24T21:30:41.791Z,buy,1.315e-05,2.0,2.63e-05
EDO/BTC,1585085444206,2020-03-24T21:30:44.206Z,buy,1.315e-05,2.0,2.63e-05
EDO/BTC,1585085444871,2020-03-24T21:30:44.871Z,buy,1.315e-05,2.0,2.63e-05
EDO/BTC,1585085450819,2020-03-24T21:30:50.819Z,buy,1.315e-05,2.0,2.63e-05
EDO/BTC,1585085453593,2020-03-24T21:30:53.593Z,buy,1.315e-05,2.0,2.63e-05
EDO/BTC,1585085454013,2020-03-24T21:30:54.013Z,buy,1.315e-05,2.0,2.63e-05
EDO/BTC,1585085459247,2020-03-24T21:30:59.247Z,buy,1.315e-05,2.0,2.63e-05
EDO/BTC,1585085462107,2020-03-24T21:31:02.107Z,buy,1.315e-05,2.0,2.63e-05
EDO/BTC,1585085463906,2020-03-24T21:31:03.906Z,sell,1.315e-05,27.0,0.00035505
EDO/BTC,1585085463906,2020-03-24T21:31:03.906Z,sell,1.314e-05,8.0,0.00010512
EDO/BTC,1585085465435,2020-03-24T21:31:05.435Z,buy,1.312e-05,490.0,0.0064288
EDO/BTC,1585085537407,2020-03-24T21:32:17.407Z,buy,1.312e-05,8.0,0.00010496
EDO/BTC,1585085769170,2020-03-24T21:36:09.170Z,sell,1.312e-05,8.0,0.00010496
EDO/BTC,1585085769170,2020-03-24T21:36:09.170Z,sell,1.311e-05,677.0,0.00887547
EDO/BTC,1585085769170,2020-03-24T21:36:09.170Z,sell,1.309e-05,17.0,0.00022253
EDO/BTC,1585085769170,2020-03-24T21:36:09.170Z,sell,1.312e-05,8.0,0.00010496
EDO/BTC,1585085769170,2020-03-24T21:36:09.170Z,sell,1.311e-05,677.0,0.00887547
EDO/BTC,1585085769170,2020-03-24T21:36:09.170Z,sell,1.309e-05,17.0,0.00022253
EDO/BTC,1585086071421,2020-03-24T21:41:11.421Z,buy,1.318e-05,8.0,0.00010544
EDO/BTC,1585086135301,2020-03-24T21:42:15.301Z,buy,1.318e-05,8.0,0.00010544
EDO/BTC,1585086230189,2020-03-24T21:43:50.189Z,sell,1.31e-05,60.0,0.000786
EDO/BTC,1585086435948,2020-03-24T21:47:15.948Z,buy,1.317e-05,8.0,0.00010536
EDO/BTC,1585086512820,2020-03-24T21:48:32.820Z,buy,1.317e-05,489.0,0.00644013
EDO/BTC,1585086512820,2020-03-24T21:48:32.820Z,buy,1.318e-05,80.0,0.0010544
EDO/BTC,1585086805602,2020-03-24T21:53:25.602Z,sell,1.315e-05,21.0,0.00027614999999999996
EDO/BTC,1585086951454,2020-03-24T21:55:51.454Z,sell,1.311e-05,669.0,0.00877059
EDO/BTC,1585086951454,2020-03-24T21:55:51.454Z,sell,1.31e-05,2827.0,0.0370337
EDO/BTC,1585086951454,2020-03-24T21:55:51.454Z,sell,1.309e-05,2053.0,0.02687377
EDO/BTC,1585086957146,2020-03-24T21:55:57.146Z,sell,1.31e-05,80.0,0.0010479999999999999
EDO/BTC,1585086957695,2020-03-24T21:55:57.695Z,sell,1.31e-05,64.0,0.0008384
EDO/BTC,1585086974691,2020-03-24T21:56:14.691Z,sell,1.31e-05,87.0,0.0011397
EDO/BTC,1585086975723,2020-03-24T21:56:15.723Z,sell,1.309e-05,767.0,0.01004003
EDO/BTC,1585087035330,2020-03-24T21:57:15.330Z,buy,1.311e-05,8.0,0.00010488
EDO/BTC,1585087335812,2020-03-24T22:02:15.812Z,buy,1.311e-05,8.0,0.00010488
EDO/BTC,1585087635098,2020-03-24T22:07:15.098Z,buy,1.315e-05,8.0,0.0001052
EDO/BTC,1585087934761,2020-03-24T22:12:14.761Z,buy,1.315e-05,8.0,0.0001052
EDO/BTC,1585087989310,2020-03-24T22:13:09.310Z,buy,1.315e-05,437.0,0.00574655
EDO/BTC,1585088280060,2020-03-24T22:18:00.060Z,sell,1.315e-05,12.0,0.0001578
EDO/BTC,1585088280363,2020-03-24T22:18:00.363Z,sell,1.315e-05,8.0,0.0001052
EDO/BTC,1585088449513,2020-03-24T22:20:49.513Z,buy,1.316e-05,8.0,0.00010528
EDO/BTC,1585088484387,2020-03-24T22:21:24.387Z,buy,1.316e-05,46.0,0.00060536
EDO/BTC,1585088535792,2020-03-24T22:22:15.792Z,buy,1.316e-05,8.0,0.00010528
EDO/BTC,1585089097367,2020-03-24T22:31:37.367Z,buy,1.316e-05,106.0,0.00139496
EDO/BTC,1585089135889,2020-03-24T22:32:15.889Z,buy,1.316e-05,8.0,0.00010528
EDO/BTC,1585089248215,2020-03-24T22:34:08.215Z,buy,1.316e-05,669.0,0.008804039999999999
EDO/BTC,1585089248215,2020-03-24T22:34:08.215Z,buy,1.316e-05,669.0,0.008804039999999999
EDO/BTC,1585089435508,2020-03-24T22:37:15.508Z,buy,1.318e-05,8.0,0.00010544
EDO/BTC,1585089736029,2020-03-24T22:42:16.029Z,buy,1.318e-05,8.0,0.00010544
EDO/BTC,1585090335291,2020-03-24T22:52:15.291Z,buy,1.318e-05,8.0,0.00010544
EDO/BTC,1585090902454,2020-03-24T23:01:42.454Z,buy,1.318e-05,230.0,0.0030313999999999996
EDO/BTC,1585090902454,2020-03-24T23:01:42.454Z,buy,1.323e-05,55.0,0.00072765
EDO/BTC,1585090902454,2020-03-24T23:01:42.454Z,buy,1.324e-05,1734.0,0.022958160000000002
EDO/BTC,1585090935418,2020-03-24T23:02:15.418Z,buy,1.325e-05,8.0,0.000106
EDO/BTC,1585091028983,2020-03-24T23:03:48.983Z,sell,1.318e-05,400.0,0.005272
EDO/BTC,1585091199031,2020-03-24T23:06:39.031Z,sell,1.316e-05,119.0,0.0015660399999999999
EDO/BTC,1585091209503,2020-03-24T23:06:49.503Z,sell,1.316e-05,493.0,0.00648788
EDO/BTC,1585091349778,2020-03-24T23:09:09.778Z,sell,1.315e-05,750.0,0.0098625
EDO/BTC,1585091472487,2020-03-24T23:11:12.487Z,buy,1.32e-05,8.0,0.0001056
EDO/BTC,1585091533350,2020-03-24T23:12:13.350Z,buy,1.32e-05,8.0,0.0001056
EDO/BTC,1585091589976,2020-03-24T23:13:09.976Z,buy,1.32e-05,8.0,0.0001056
EDO/BTC,1585091651939,2020-03-24T23:14:11.939Z,buy,1.32e-05,8.0,0.0001056
EDO/BTC,1585091839566,2020-03-24T23:17:19.566Z,buy,1.321e-05,8.0,0.00010568
EDO/BTC,1585092138307,2020-03-24T23:22:18.307Z,buy,1.321e-05,8.0,0.00010568
EDO/BTC,1585092151138,2020-03-24T23:22:31.138Z,sell,1.318e-05,8.0,0.00010544
EDO/BTC,1585092151138,2020-03-24T23:22:31.138Z,sell,1.317e-05,547.0,0.0072039899999999995
EDO/BTC,1585092151138,2020-03-24T23:22:31.138Z,sell,1.315e-05,19.0,0.00024985
EDO/BTC,1585092443675,2020-03-24T23:27:23.675Z,buy,1.323e-05,8.0,0.00010584
EDO/BTC,1585092743267,2020-03-24T23:32:23.267Z,buy,1.323e-05,8.0,0.00010584
EDO/BTC,1585092743267,2020-03-24T23:32:23.267Z,buy,1.323e-05,8.0,0.00010584
EDO/BTC,1585093041419,2020-03-24T23:37:21.419Z,buy,1.323e-05,8.0,0.00010584
EDO/BTC,1585093283231,2020-03-24T23:41:23.231Z,sell,1.317e-05,583.0,0.007678109999999999
EDO/BTC,1585093335358,2020-03-24T23:42:15.358Z,buy,1.323e-05,8.0,0.00010584
EDO/BTC,1585093354095,2020-03-24T23:42:34.095Z,sell,1.317e-05,2745.0,0.03615165
EDO/BTC,1585093354095,2020-03-24T23:42:34.095Z,sell,1.315e-05,366.0,0.0048129
EDO/BTC,1585093376396,2020-03-24T23:42:56.396Z,sell,1.315e-05,394.0,0.0051811
EDO/BTC,1585093376396,2020-03-24T23:42:56.396Z,sell,1.313e-05,2717.0,0.03567421
EDO/BTC,1585093432159,2020-03-24T23:43:52.159Z,sell,1.313e-05,320.0,0.0042016
EDO/BTC,1585093432159,2020-03-24T23:43:52.159Z,sell,1.312e-05,152.0,0.00199424
EDO/BTC,1585093592838,2020-03-24T23:46:32.838Z,sell,1.308e-05,152.0,0.00198816
EDO/BTC,1585094004644,2020-03-24T23:53:24.644Z,buy,1.321e-05,479.0,0.00632759
EDO/BTC,1585094004644,2020-03-24T23:53:24.644Z,buy,1.322e-05,513.0,0.006781860000000001
EDO/BTC,1585094004644,2020-03-24T23:53:24.644Z,buy,1.323e-05,303.0,0.0040086900000000005
EDO/BTC,1585094004644,2020-03-24T23:53:24.644Z,buy,1.325e-05,648.0,0.008586
EDO/BTC,1585094172919,2020-03-24T23:56:12.919Z,buy,1.325e-05,15.0,0.00019875
EDO/BTC,1585094172919,2020-03-24T23:56:12.919Z,buy,1.328e-05,179.0,0.00237712
EDO/BTC,1585094172919,2020-03-24T23:56:12.919Z,buy,1.329e-05,109.0,0.00144861
EDO/BTC,1585094172919,2020-03-24T23:56:12.919Z,buy,1.33e-05,109.0,0.0014497
EDO/BTC,1585094172919,2020-03-24T23:56:12.919Z,buy,1.332e-05,8.0,0.00010656
EDO/BTC,1585094172973,2020-03-24T23:56:12.973Z,buy,1.332e-05,250.0,0.00333
EDO/BTC,1585094173144,2020-03-24T23:56:13.144Z,buy,1.331e-05,69.0,0.0009183899999999999
EDO/BTC,1585094173144,2020-03-24T23:56:13.144Z,buy,1.332e-05,1878.0,0.02501496
EDO/BTC,1585094174390,2020-03-24T23:56:14.390Z,buy,1.331e-05,40.0,0.0005323999999999999
EDO/BTC,1585094174418,2020-03-24T23:56:14.418Z,buy,1.331e-05,210.0,0.0027951
EDO/BTC,1585094175357,2020-03-24T23:56:15.357Z,buy,1.332e-05,250.0,0.00333
EDO/BTC,1585094175404,2020-03-24T23:56:15.404Z,buy,1.332e-05,288.0,0.00383616
EDO/BTC,1585094176316,2020-03-24T23:56:16.316Z,buy,1.333e-05,3542.0,0.04721486
EDO/BTC,1585094176316,2020-03-24T23:56:16.316Z,buy,1.334e-05,109.0,0.0014540599999999999
EDO/BTC,1585094176316,2020-03-24T23:56:16.316Z,buy,1.335e-05,103.0,0.0013750499999999998
EDO/BTC,1585094176316,2020-03-24T23:56:16.316Z,buy,1.336e-05,109.0,0.0014562400000000001
EDO/BTC,1585094176316,2020-03-24T23:56:16.316Z,buy,1.337e-05,1205.0,0.01611085
EDO/BTC,1585094176316,2020-03-24T23:56:16.316Z,buy,1.348e-05,754.0,0.01016392
EDO/BTC,1585094176706,2020-03-24T23:56:16.706Z,buy,1.348e-05,250.0,0.0033699999999999997
EDO/BTC,1585094177611,2020-03-24T23:56:17.611Z,buy,1.348e-05,2693.0,0.036301639999999996
EDO/BTC,1585094177990,2020-03-24T23:56:17.990Z,buy,1.349e-05,250.0,0.0033725
EDO/BTC,1585094178942,2020-03-24T23:56:18.942Z,buy,1.349e-05,1815.0,0.02448435
EDO/BTC,1585094178942,2020-03-24T23:56:18.942Z,buy,1.351e-05,250.0,0.0033775
EDO/BTC,1585094179302,2020-03-24T23:56:19.302Z,buy,1.351e-05,250.0,0.0033775
EDO/BTC,1585094179408,2020-03-24T23:56:19.408Z,buy,1.351e-05,237.0,0.00320187
EDO/BTC,1585094179408,2020-03-24T23:56:19.408Z,buy,1.352e-05,1701.0,0.02299752
EDO/BTC,1585094188439,2020-03-24T23:56:28.439Z,sell,1.338e-05,507.0,0.00678366
EDO/BTC,1585094192085,2020-03-24T23:56:32.085Z,sell,1.34e-05,506.0,0.006780400000000001
EDO/BTC,1585094198927,2020-03-24T23:56:38.927Z,sell,1.339e-05,506.0,0.00677534
EDO/BTC,1585094201410,2020-03-24T23:56:41.410Z,buy,1.349e-05,250.0,0.0033725
EDO/BTC,1585094203802,2020-03-24T23:56:43.802Z,sell,1.339e-05,510.0,0.006828900000000001
EDO/BTC,1585094205799,2020-03-24T23:56:45.799Z,buy,1.348e-05,405.0,0.0054594
EDO/BTC,1585094251752,2020-03-24T23:57:31.752Z,buy,1.341e-05,250.0,0.0033525
EDO/BTC,1585094251828,2020-03-24T23:57:31.828Z,buy,1.341e-05,240.0,0.0032184
EDO/BTC,1585094403744,2020-03-25T00:00:03.744Z,sell,1.328e-05,249.0,0.00330672
EDO/BTC,1585094482182,2020-03-25T00:01:22.182Z,buy,1.339e-05,200.0,0.0026780000000000003
EDO/BTC,1585094526283,2020-03-25T00:02:06.283Z,sell,1.327e-05,250.0,0.0033175
EDO/BTC,1585094648452,2020-03-25T00:04:08.452Z,sell,1.33e-05,41.0,0.0005453
EDO/BTC,1585094648452,2020-03-25T00:04:08.452Z,sell,1.329e-05,209.0,0.00277761
EDO/BTC,1585094769742,2020-03-25T00:06:09.742Z,buy,1.336e-05,307.0,0.00410152
EDO/BTC,1585094769742,2020-03-25T00:06:09.742Z,buy,1.337e-05,179.0,0.00239323
EDO/BTC,1585094769742,2020-03-25T00:06:09.742Z,buy,1.338e-05,9.0,0.00012042
EDO/BTC,1585094772237,2020-03-25T00:06:12.237Z,sell,1.329e-05,73.0,0.00097017
EDO/BTC,1585094892741,2020-03-25T00:08:12.741Z,sell,1.329e-05,98.0,0.0013024199999999999
EDO/BTC,1585095282876,2020-03-25T00:14:42.876Z,buy,1.338e-05,2.0,2.676e-05
EDO/BTC,1585095395669,2020-03-25T00:16:35.669Z,buy,1.338e-05,8.0,0.00010704
EDO/BTC,1585095536804,2020-03-25T00:18:56.804Z,sell,1.331e-05,20.0,0.00026619999999999997
EDO/BTC,1585095536804,2020-03-25T00:18:56.804Z,sell,1.33e-05,659.0,0.0087647
EDO/BTC,1585095536804,2020-03-25T00:18:56.804Z,sell,1.329e-05,597.0,0.00793413
EDO/BTC,1585095536804,2020-03-25T00:18:56.804Z,sell,1.326e-05,674.0,0.00893724
EDO/BTC,1585095536804,2020-03-25T00:18:56.804Z,sell,1.324e-05,694.0,0.00918856
EDO/BTC,1585095735282,2020-03-25T00:22:15.282Z,buy,1.333e-05,8.0,0.00010664
EDO/BTC,1585096061797,2020-03-25T00:27:41.797Z,sell,1.332e-05,44.0,0.00058608
EDO/BTC,1585096061797,2020-03-25T00:27:41.797Z,sell,1.332e-05,44.0,0.00058608
EDO/BTC,1585096447620,2020-03-25T00:34:07.620Z,sell,1.332e-05,156.0,0.00207792
EDO/BTC,1585096493735,2020-03-25T00:34:53.735Z,sell,1.33e-05,250.0,0.003325
EDO/BTC,1585096519500,2020-03-25T00:35:19.500Z,buy,1.33e-05,8.0,0.0001064
EDO/BTC,1585096521181,2020-03-25T00:35:21.181Z,buy,1.328e-05,8.0,0.00010624
EDO/BTC,1585096546136,2020-03-25T00:35:46.136Z,buy,1.328e-05,21.0,0.00027888
EDO/BTC,1585096635281,2020-03-25T00:37:15.281Z,buy,1.328e-05,8.0,0.00010624
EDO/BTC,1585096718450,2020-03-25T00:38:38.450Z,buy,1.327e-05,249.0,0.00330423
EDO/BTC,1585096718450,2020-03-25T00:38:38.450Z,buy,1.328e-05,469.0,0.00622832
EDO/BTC,1585096718450,2020-03-25T00:38:38.450Z,buy,1.329e-05,1807.0,0.02401503
EDO/BTC,1585096718450,2020-03-25T00:38:38.450Z,buy,1.33e-05,4002.0,0.0532266
EDO/BTC,1585096935159,2020-03-25T00:42:15.159Z,buy,1.33e-05,8.0,0.0001064
EDO/BTC,1585096948477,2020-03-25T00:42:28.477Z,buy,1.33e-05,8.0,0.0001064
EDO/BTC,1585096948598,2020-03-25T00:42:28.598Z,buy,1.33e-05,19.0,0.0002527
EDO/BTC,1585096999956,2020-03-25T00:43:19.956Z,buy,1.33e-05,8.0,0.0001064
EDO/BTC,1585097000118,2020-03-25T00:43:20.118Z,buy,1.33e-05,21.0,0.0002793
EDO/BTC,1585097216827,2020-03-25T00:46:56.827Z,buy,1.33e-05,107.0,0.0014231
EDO/BTC,1585097216845,2020-03-25T00:46:56.845Z,buy,1.33e-05,107.0,0.0014231
EDO/BTC,1585097216859,2020-03-25T00:46:56.859Z,buy,1.33e-05,107.0,0.0014231
EDO/BTC,1585097216874,2020-03-25T00:46:56.874Z,buy,1.33e-05,107.0,0.0014231
EDO/BTC,1585097216887,2020-03-25T00:46:56.887Z,buy,1.33e-05,107.0,0.0014231
EDO/BTC,1585097216903,2020-03-25T00:46:56.903Z,buy,1.33e-05,107.0,0.0014231
EDO/BTC,1585097216918,2020-03-25T00:46:56.918Z,buy,1.33e-05,107.0,0.0014231
EDO/BTC,1585097216932,2020-03-25T00:46:56.932Z,buy,1.33e-05,35.0,0.0004655
EDO/BTC,1585097235129,2020-03-25T00:47:15.129Z,buy,1.33e-05,8.0,0.0001064
EDO/BTC,1585097257999,2020-03-25T00:47:37.999Z,buy,1.33e-05,113.0,0.0015029
EDO/BTC,1585097258060,2020-03-25T00:47:38.060Z,buy,1.33e-05,113.0,0.0015029
EDO/BTC,1585097258095,2020-03-25T00:47:38.095Z,buy,1.33e-05,113.0,0.0015029
EDO/BTC,1585097258237,2020-03-25T00:47:38.237Z,buy,1.33e-05,23.0,0.0003059
EDO/BTC,1585097258249,2020-03-25T00:47:38.249Z,buy,1.33e-05,37.0,0.0004921
EDO/BTC,1585097258749,2020-03-25T00:47:38.749Z,buy,1.33e-05,369.0,0.0049077
EDO/BTC,1585097261533,2020-03-25T00:47:41.533Z,buy,1.33e-05,70.0,0.000931
EDO/BTC,1585097403296,2020-03-25T00:50:03.296Z,buy,1.33e-05,1783.0,0.0237139
EDO/BTC,1585097541342,2020-03-25T00:52:21.342Z,buy,1.33e-05,8.0,0.0001064
EDO/BTC,1585097786279,2020-03-25T00:56:26.279Z,buy,1.33e-05,1712.0,0.0227696
EDO/BTC,1585097835413,2020-03-25T00:57:15.413Z,buy,1.33e-05,8.0,0.0001064
EDO/BTC,1585098135167,2020-03-25T01:02:15.167Z,buy,1.33e-05,8.0,0.0001064
EDO/BTC,1585098150836,2020-03-25T01:02:30.836Z,buy,1.33e-05,5054.0,0.06721819999999999
EDO/BTC,1585098150836,2020-03-25T01:02:30.836Z,buy,1.332e-05,138.0,0.00183816
EDO/BTC,1585098150836,2020-03-25T01:02:30.836Z,buy,1.333e-05,19.0,0.00025327
EDO/BTC,1585098150836,2020-03-25T01:02:30.836Z,buy,1.337e-05,107.0,0.00143059
EDO/BTC,1585098150836,2020-03-25T01:02:30.836Z,buy,1.338e-05,107.0,0.00143166
EDO/BTC,1585098150836,2020-03-25T01:02:30.836Z,buy,1.339e-05,766.0,0.01025674
EDO/BTC,1585098150836,2020-03-25T01:02:30.836Z,buy,1.341e-05,1671.0,0.022408110000000002
EDO/BTC,1585098172049,2020-03-25T01:02:52.049Z,sell,1.336e-05,21.0,0.00028056
EDO/BTC,1585098258486,2020-03-25T01:04:18.486Z,buy,1.336e-05,8.0,0.00010688
EDO/BTC,1585098264031,2020-03-25T01:04:24.031Z,sell,1.34e-05,181.0,0.0024254000000000003
EDO/BTC,1585098264031,2020-03-25T01:04:24.031Z,sell,1.339e-05,122.0,0.0016335800000000001
EDO/BTC,1585098264763,2020-03-25T01:04:24.763Z,sell,1.34e-05,302.0,0.0040468
EDO/BTC,1585098265403,2020-03-25T01:04:25.403Z,sell,1.34e-05,172.0,0.0023048
EDO/BTC,1585098265403,2020-03-25T01:04:25.403Z,sell,1.339e-05,131.0,0.00175409
EDO/BTC,1585098378615,2020-03-25T01:06:18.615Z,buy,1.339e-05,8.0,0.00010712
EDO/BTC,1585098435496,2020-03-25T01:07:15.496Z,buy,1.339e-05,8.0,0.00010712
EDO/BTC,1585098530226,2020-03-25T01:08:50.226Z,buy,1.339e-05,106.0,0.00141934
EDO/BTC,1585098530226,2020-03-25T01:08:50.226Z,buy,1.34e-05,17.0,0.0002278
EDO/BTC,1585098530229,2020-03-25T01:08:50.229Z,buy,1.34e-05,134.0,0.0017956
EDO/BTC,1585098530230,2020-03-25T01:08:50.230Z,buy,1.34e-05,331.0,0.0044354
EDO/BTC,1585098530230,2020-03-25T01:08:50.230Z,buy,1.341e-05,302.0,0.00404982
EDO/BTC,1585098530230,2020-03-25T01:08:50.230Z,buy,1.343e-05,301.0,0.00404243
EDO/BTC,1585098530230,2020-03-25T01:08:50.230Z,buy,1.344e-05,301.0,0.00404544
EDO/BTC,1585098530230,2020-03-25T01:08:50.230Z,buy,1.346e-05,8.0,0.00010768
EDO/BTC,1585098530230,2020-03-25T01:08:50.230Z,buy,1.352e-05,443.0,0.00598936
EDO/BTC,1585098812193,2020-03-25T01:13:32.193Z,sell,1.341e-05,19.0,0.00025479
EDO/BTC,1585098812193,2020-03-25T01:13:32.193Z,sell,1.341e-05,19.0,0.00025479
EDO/BTC,1585099923921,2020-03-25T01:32:03.921Z,sell,1.344e-05,21.0,0.00028224
EDO/BTC,1585099935048,2020-03-25T01:32:15.048Z,buy,1.352e-05,8.0,0.00010816
EDO/BTC,1585100629438,2020-03-25T01:43:49.438Z,sell,1.344e-05,549.0,0.00737856
EDO/BTC,1585100635152,2020-03-25T01:43:55.152Z,sell,1.344e-05,19.0,0.00025536
EDO/BTC,1585101666631,2020-03-25T02:01:06.631Z,buy,1.346e-05,268.0,0.00360728
EDO/BTC,1585101735594,2020-03-25T02:02:15.594Z,buy,1.347e-05,8.0,0.00010776
EDO/BTC,1585102035299,2020-03-25T02:07:15.299Z,buy,1.351e-05,8.0,0.00010808
EDO/BTC,1585102397570,2020-03-25T02:13:17.570Z,buy,1.351e-05,8.0,0.00010808
EDO/BTC,1585102397570,2020-03-25T02:13:17.570Z,buy,1.351e-05,8.0,0.00010808
EDO/BTC,1585102732405,2020-03-25T02:18:52.405Z,sell,1.346e-05,2995.0,0.0403127
EDO/BTC,1585103370913,2020-03-25T02:29:30.913Z,sell,1.342e-05,653.0,0.00876326
EDO/BTC,1585103370913,2020-03-25T02:29:30.913Z,sell,1.341e-05,2782.0,0.03730662
EDO/BTC,1585103379130,2020-03-25T02:29:39.130Z,sell,1.341e-05,226.0,0.00303066
EDO/BTC,1585103525778,2020-03-25T02:32:05.778Z,sell,1.343e-05,21.0,0.00028203
EDO/BTC,1585103870199,2020-03-25T02:37:50.199Z,sell,1.343e-05,85.0,0.00114155
EDO/BTC,1585103948179,2020-03-25T02:39:08.179Z,buy,1.344e-05,163.0,0.00219072
EDO/BTC,1585104153553,2020-03-25T02:42:33.553Z,buy,1.344e-05,8.0,0.00010752
EDO/BTC,1585104544803,2020-03-25T02:49:04.803Z,sell,1.343e-05,3000.0,0.04029
EDO/BTC,1585105624097,2020-03-25T03:07:04.097Z,sell,1.343e-05,446.0,0.00598978
EDO/BTC,1585105636785,2020-03-25T03:07:16.785Z,buy,1.345e-05,100.0,0.001345
EDO/BTC,1585105636785,2020-03-25T03:07:16.785Z,buy,1.348e-05,81.0,0.00109188
EDO/BTC,1585105636785,2020-03-25T03:07:16.785Z,buy,1.349e-05,81.0,0.00109269
EDO/BTC,1585105636785,2020-03-25T03:07:16.785Z,buy,1.35e-05,81.0,0.0010934999999999999
EDO/BTC,1585105638130,2020-03-25T03:07:18.130Z,sell,1.35e-05,36.0,0.000486
EDO/BTC,1585105668207,2020-03-25T03:07:48.207Z,buy,1.351e-05,3.0,4.053e-05
EDO/BTC,1585105676894,2020-03-25T03:07:56.894Z,buy,1.352e-05,343.0,0.00463736
EDO/BTC,1585105676894,2020-03-25T03:07:56.894Z,buy,1.353e-05,15.0,0.00020295
EDO/BTC,1585105676894,2020-03-25T03:07:56.894Z,buy,1.354e-05,72.0,0.00097488
EDO/BTC,1585105751209,2020-03-25T03:09:11.209Z,buy,1.354e-05,8.0,0.00010832
EDO/BTC,1585105996050,2020-03-25T03:13:16.050Z,sell,1.35e-05,607.0,0.0081945
EDO/BTC,1585105996050,2020-03-25T03:13:16.050Z,sell,1.35e-05,607.0,0.0081945
EDO/BTC,1585106161352,2020-03-25T03:16:01.352Z,sell,1.35e-05,1783.0,0.024070499999999998
EDO/BTC,1585106162851,2020-03-25T03:16:02.851Z,sell,1.35e-05,68.0,0.000918
EDO/BTC,1585106169705,2020-03-25T03:16:09.705Z,sell,1.343e-05,8.0,0.00010744
EDO/BTC,1585106169705,2020-03-25T03:16:09.705Z,sell,1.342e-05,272.0,0.00365024
EDO/BTC,1585106169705,2020-03-25T03:16:09.705Z,sell,1.341e-05,1322.0,0.01772802
EDO/BTC,1585106169705,2020-03-25T03:16:09.705Z,sell,1.332e-05,8.0,0.00010656
EDO/BTC,1585106169705,2020-03-25T03:16:09.705Z,sell,1.331e-05,208.0,0.00276848
EDO/BTC,1585107082670,2020-03-25T03:31:22.670Z,sell,1.34e-05,4201.0,0.0562934
EDO/BTC,1585107258246,2020-03-25T03:34:18.246Z,sell,1.339e-05,137.0,0.0018344300000000002
EDO/BTC,1585107258925,2020-03-25T03:34:18.925Z,sell,1.339e-05,137.0,0.0018344300000000002
EDO/BTC,1585107259897,2020-03-25T03:34:19.897Z,sell,1.339e-05,138.0,0.00184782
EDO/BTC,1585107436041,2020-03-25T03:37:16.041Z,buy,1.34e-05,8.0,0.0001072
EDO/BTC,1585107735910,2020-03-25T03:42:15.910Z,buy,1.34e-05,8.0,0.0001072
EDO/BTC,1585108012030,2020-03-25T03:46:52.030Z,buy,1.34e-05,142.0,0.0019028
EDO/BTC,1585108012030,2020-03-25T03:46:52.030Z,buy,1.342e-05,137.0,0.00183854
EDO/BTC,1585108012030,2020-03-25T03:46:52.030Z,buy,1.344e-05,137.0,0.00184128
EDO/BTC,1585108012030,2020-03-25T03:46:52.030Z,buy,1.345e-05,137.0,0.00184265
EDO/BTC,1585108012030,2020-03-25T03:46:52.030Z,buy,1.347e-05,223.0,0.00300381
EDO/BTC,1585108012030,2020-03-25T03:46:52.030Z,buy,1.348e-05,262.0,0.00353176
EDO/BTC,1585108012030,2020-03-25T03:46:52.030Z,buy,1.349e-05,2966.0,0.04001134
EDO/BTC,1585108012030,2020-03-25T03:46:52.030Z,buy,1.35e-05,496.0,0.006696
EDO/BTC,1585108012030,2020-03-25T03:46:52.030Z,buy,1.351e-05,27.0,0.00036477
EDO/BTC,1585108012030,2020-03-25T03:46:52.030Z,buy,1.354e-05,382.0,0.0051722800000000005
EDO/BTC,1585108012030,2020-03-25T03:46:52.030Z,buy,1.355e-05,1592.0,0.0215716
EDO/BTC,1585108012030,2020-03-25T03:46:52.030Z,buy,1.357e-05,188.0,0.0025511600000000002
EDO/BTC,1585108012030,2020-03-25T03:46:52.030Z,buy,1.359e-05,2338.0,0.031773420000000004
EDO/BTC,1585108012030,2020-03-25T03:46:52.030Z,buy,1.36e-05,897.0,0.0121992
EDO/BTC,1585108012030,2020-03-25T03:46:52.030Z,buy,1.361e-05,4373.0,0.05951653
EDO/BTC,1585108012030,2020-03-25T03:46:52.030Z,buy,1.362e-05,156.0,0.00212472
EDO/BTC,1585108012030,2020-03-25T03:46:52.030Z,buy,1.363e-05,254.0,0.00346202
EDO/BTC,1585108012030,2020-03-25T03:46:52.030Z,buy,1.364e-05,769.0,0.010489159999999999
EDO/BTC,1585108012030,2020-03-25T03:46:52.030Z,buy,1.366e-05,3524.0,0.04813784
EDO/BTC,1585108012030,2020-03-25T03:46:52.030Z,buy,1.367e-05,462.0,0.00631554
EDO/BTC,1585108012030,2020-03-25T03:46:52.030Z,buy,1.369e-05,16593.0,0.22715817
EDO/BTC,1585108012030,2020-03-25T03:46:52.030Z,buy,1.37e-05,2122.0,0.029071399999999997
EDO/BTC,1585108012030,2020-03-25T03:46:52.030Z,buy,1.371e-05,178.0,0.00244038
EDO/BTC,1585108012030,2020-03-25T03:46:52.030Z,buy,1.372e-05,2338.0,0.03207736
EDO/BTC,1585108012030,2020-03-25T03:46:52.030Z,buy,1.373e-05,4446.0,0.06104358
EDO/BTC,1585108012030,2020-03-25T03:46:52.030Z,buy,1.375e-05,38.0,0.0005225000000000001
EDO/BTC,1585108012030,2020-03-25T03:46:52.030Z,buy,1.377e-05,27.0,0.00037179
EDO/BTC,1585108012030,2020-03-25T03:46:52.030Z,buy,1.38e-05,5803.0,0.0800814
EDO/BTC,1585108012030,2020-03-25T03:46:52.030Z,buy,1.383e-05,2546.0,0.03521118
EDO/BTC,1585108012030,2020-03-25T03:46:52.030Z,buy,1.384e-05,28.0,0.00038752
EDO/BTC,1585108012030,2020-03-25T03:46:52.030Z,buy,1.389e-05,569.0,0.007903410000000001
EDO/BTC,1585108012030,2020-03-25T03:46:52.030Z,buy,1.392e-05,27.0,0.00037584
EDO/BTC,1585108012030,2020-03-25T03:46:52.030Z,buy,1.393e-05,3182.0,0.04432526
EDO/BTC,1585108012030,2020-03-25T03:46:52.030Z,buy,1.396e-05,141.0,0.00196836
EDO/BTC,1585108012030,2020-03-25T03:46:52.030Z,buy,1.398e-05,10.0,0.0001398
EDO/BTC,1585108012030,2020-03-25T03:46:52.030Z,buy,1.399e-05,27.0,0.00037773
EDO/BTC,1585108012030,2020-03-25T03:46:52.030Z,buy,1.4e-05,5420.0,0.07588
EDO/BTC,1585108012030,2020-03-25T03:46:52.030Z,buy,1.406e-05,28.0,0.00039368
EDO/BTC,1585108012030,2020-03-25T03:46:52.030Z,buy,1.407e-05,135.0,0.00189945
EDO/BTC,1585108012030,2020-03-25T03:46:52.030Z,buy,1.41e-05,540.0,0.007614
EDO/BTC,1585108012030,2020-03-25T03:46:52.030Z,buy,1.413e-05,1242.0,0.01754946
EDO/BTC,1585108012030,2020-03-25T03:46:52.030Z,buy,1.414e-05,6205.0,0.0877387
EDO/BTC,1585108012030,2020-03-25T03:46:52.030Z,buy,1.419e-05,1655.0,0.02348445
EDO/BTC,1585108012030,2020-03-25T03:46:52.030Z,buy,1.42e-05,5075.0,0.072065
EDO/BTC,1585108012030,2020-03-25T03:46:52.030Z,buy,1.422e-05,3917.0,0.05569974
EDO/BTC,1585108012030,2020-03-25T03:46:52.030Z,buy,1.427e-05,2287.0,0.03263549
EDO/BTC,1585108012030,2020-03-25T03:46:52.030Z,buy,1.428e-05,27.0,0.00038556
EDO/BTC,1585108012030,2020-03-25T03:46:52.030Z,buy,1.43e-05,3601.0,0.0514943
EDO/BTC,1585108012030,2020-03-25T03:46:52.030Z,buy,1.433e-05,3238.0,0.04640054
EDO/BTC,1585108012030,2020-03-25T03:46:52.030Z,buy,1.435e-05,1888.0,0.0270928
EDO/BTC,1585108012030,2020-03-25T03:46:52.030Z,buy,1.436e-05,766.0,0.010999759999999999
EDO/BTC,1585108012030,2020-03-25T03:46:52.030Z,buy,1.441e-05,3236.0,0.04663076
EDO/BTC,1585108012030,2020-03-25T03:46:52.030Z,buy,1.442e-05,26.0,0.00037492
EDO/BTC,1585108012030,2020-03-25T03:46:52.030Z,buy,1.444e-05,6528.0,0.09426432
EDO/BTC,1585108012030,2020-03-25T03:46:52.030Z,buy,1.445e-05,1146.0,0.0165597
EDO/BTC,1585108012030,2020-03-25T03:46:52.030Z,buy,1.446e-05,3871.0,0.05597466
EDO/BTC,1585108012030,2020-03-25T03:46:52.030Z,buy,1.447e-05,923.0,0.013355810000000001
EDO/BTC,1585108012030,2020-03-25T03:46:52.030Z,buy,1.448e-05,731.0,0.01058488
EDO/BTC,1585108012030,2020-03-25T03:46:52.030Z,buy,1.449e-05,23398.0,0.33903702
EDO/BTC,1585108012030,2020-03-25T03:46:52.030Z,buy,1.45e-05,59675.0,0.8652875
EDO/BTC,1585108012030,2020-03-25T03:46:52.030Z,buy,1.454e-05,41739.0,0.60688506
EDO/BTC,1585108012030,2020-03-25T03:46:52.030Z,buy,1.455e-05,3643.0,0.05300565
EDO/BTC,1585108012030,2020-03-25T03:46:52.030Z,buy,1.456e-05,26.0,0.00037856
EDO/BTC,1585108012030,2020-03-25T03:46:52.030Z,buy,1.459e-05,91.0,0.0013276899999999999
EDO/BTC,1585108012030,2020-03-25T03:46:52.030Z,buy,1.463e-05,96.0,0.00140448
EDO/BTC,1585108012030,2020-03-25T03:46:52.030Z,buy,1.464e-05,26.0,0.00038064
EDO/BTC,1585108012030,2020-03-25T03:46:52.030Z,buy,1.469e-05,3538.0,0.05197322
EDO/BTC,1585108012030,2020-03-25T03:46:52.030Z,buy,1.47e-05,622.0,0.0091434
EDO/BTC,1585108012030,2020-03-25T03:46:52.030Z,sell,1.47e-05,741.0,0.0108927
EDO/BTC,1585108012030,2020-03-25T03:46:52.030Z,sell,1.47e-05,15403.0,0.2264241
EDO/BTC,1585108012059,2020-03-25T03:46:52.059Z,sell,1.47e-05,18565.0,0.2729055
EDO/BTC,1585108012203,2020-03-25T03:46:52.203Z,sell,1.47e-05,24.0,0.0003528
EDO/BTC,1585108012355,2020-03-25T03:46:52.355Z,sell,1.47e-05,700.0,0.01029
EDO/BTC,1585108012370,2020-03-25T03:46:52.370Z,sell,1.47e-05,80.0,0.001176
EDO/BTC,1585108012388,2020-03-25T03:46:52.388Z,sell,1.47e-05,1271.0,0.0186837
EDO/BTC,1585108012519,2020-03-25T03:46:52.519Z,sell,1.47e-05,250.0,0.003675
EDO/BTC,1585108012590,2020-03-25T03:46:52.590Z,sell,1.47e-05,418.0,0.0061446
EDO/BTC,1585108012676,2020-03-25T03:46:52.676Z,sell,1.47e-05,64.0,0.0009408
EDO/BTC,1585108012711,2020-03-25T03:46:52.711Z,sell,1.47e-05,77.0,0.0011319
EDO/BTC,1585108013072,2020-03-25T03:46:53.072Z,sell,1.47e-05,60.0,0.000882
EDO/BTC,1585108013072,2020-03-25T03:46:53.072Z,sell,1.47e-05,170.0,0.002499
EDO/BTC,1585108013092,2020-03-25T03:46:53.092Z,sell,1.47e-05,250.0,0.003675
EDO/BTC,1585108013102,2020-03-25T03:46:53.102Z,sell,1.47e-05,474.0,0.0069678
EDO/BTC,1585108013176,2020-03-25T03:46:53.176Z,sell,1.47e-05,654.0,0.0096138
EDO/BTC,1585108013265,2020-03-25T03:46:53.265Z,sell,1.47e-05,419.0,0.0061593
EDO/BTC,1585108013464,2020-03-25T03:46:53.464Z,sell,1.47e-05,40.0,0.000588
EDO/BTC,1585108013510,2020-03-25T03:46:53.510Z,sell,1.47e-05,210.0,0.003087
EDO/BTC,1585108013841,2020-03-25T03:46:53.841Z,sell,1.47e-05,251.0,0.0036896999999999998
EDO/BTC,1585108013895,2020-03-25T03:46:53.895Z,sell,1.47e-05,362.0,0.0053214
EDO/BTC,1585108014090,2020-03-25T03:46:54.090Z,sell,1.47e-05,40.0,0.000588
EDO/BTC,1585108015059,2020-03-25T03:46:55.059Z,sell,1.47e-05,858.0,0.0126126
EDO/BTC,1585108018487,2020-03-25T03:46:58.487Z,buy,1.471e-05,74.0,0.00108854
EDO/BTC,1585108021613,2020-03-25T03:47:01.613Z,sell,1.47e-05,884.0,0.012994799999999999
EDO/BTC,1585108021698,2020-03-25T03:47:01.698Z,sell,1.47e-05,192.0,0.0028224
EDO/BTC,1585108021736,2020-03-25T03:47:01.736Z,sell,1.47e-05,191.0,0.0028076999999999998
EDO/BTC,1585108021929,2020-03-25T03:47:01.929Z,sell,1.47e-05,8.0,0.0001176
EDO/BTC,1585108022155,2020-03-25T03:47:02.155Z,sell,1.47e-05,191.0,0.0028076999999999998
EDO/BTC,1585108022658,2020-03-25T03:47:02.658Z,sell,1.446e-05,192.0,0.00277632
EDO/BTC,1585108026021,2020-03-25T03:47:06.021Z,buy,1.469e-05,20.0,0.0002938
EDO/BTC,1585108028139,2020-03-25T03:47:08.139Z,sell,1.452e-05,8.0,0.00011616
EDO/BTC,1585108029269,2020-03-25T03:47:09.269Z,sell,1.453e-05,16.0,0.00023248
EDO/BTC,1585108030300,2020-03-25T03:47:10.300Z,sell,1.453e-05,7.0,0.00010171
EDO/BTC,1585108034838,2020-03-25T03:47:14.838Z,sell,1.455e-05,749.0,0.01089795
EDO/BTC,1585108034838,2020-03-25T03:47:14.838Z,sell,1.454e-05,406.0,0.00590324
EDO/BTC,1585108035316,2020-03-25T03:47:15.316Z,sell,1.443e-05,749.0,0.010808070000000001
EDO/BTC,1585108035316,2020-03-25T03:47:15.316Z,sell,1.442e-05,50.0,0.000721
EDO/BTC,1585108036835,2020-03-25T03:47:16.835Z,sell,1.44e-05,90.0,0.0012959999999999998
EDO/BTC,1585108037661,2020-03-25T03:47:17.661Z,buy,1.45e-05,14.0,0.000203
EDO/BTC,1585108038564,2020-03-25T03:47:18.564Z,sell,1.44e-05,174.0,0.0025055999999999998
EDO/BTC,1585108041187,2020-03-25T03:47:21.187Z,sell,1.441e-05,568.0,0.00818488
EDO/BTC,1585108046358,2020-03-25T03:47:26.358Z,buy,1.449e-05,71.0,0.00102879
EDO/BTC,1585108046358,2020-03-25T03:47:26.358Z,buy,1.45e-05,265.0,0.0038425
EDO/BTC,1585108046358,2020-03-25T03:47:26.358Z,buy,1.454e-05,411.0,0.00597594
EDO/BTC,1585108046358,2020-03-25T03:47:26.358Z,buy,1.464e-05,406.0,0.005943840000000001
EDO/BTC,1585108046358,2020-03-25T03:47:26.358Z,buy,1.467e-05,50.0,0.0007335
EDO/BTC,1585108046358,2020-03-25T03:47:26.358Z,buy,1.468e-05,66.0,0.00096888
EDO/BTC,1585108047610,2020-03-25T03:47:27.610Z,sell,1.445e-05,495.0,0.00715275
EDO/BTC,1585108053539,2020-03-25T03:47:33.539Z,buy,1.466e-05,633.0,0.00927978
EDO/BTC,1585108056179,2020-03-25T03:47:36.179Z,buy,1.467e-05,308.0,0.00451836
EDO/BTC,1585108058235,2020-03-25T03:47:38.235Z,sell,1.466e-05,7.0,0.00010262
EDO/BTC,1585108058986,2020-03-25T03:47:38.986Z,buy,1.466e-05,150.0,0.002199
EDO/BTC,1585108063162,2020-03-25T03:47:43.162Z,sell,1.464e-05,7.0,0.00010248000000000001
EDO/BTC,1585108065548,2020-03-25T03:47:45.548Z,buy,1.46e-05,1.0,1.46e-05
EDO/BTC,1585108067740,2020-03-25T03:47:47.740Z,sell,1.465e-05,9.0,0.00013185
EDO/BTC,1585108067740,2020-03-25T03:47:47.740Z,sell,1.461e-05,7.0,0.00010227000000000001
EDO/BTC,1585108067740,2020-03-25T03:47:47.740Z,sell,1.455e-05,233.0,0.0033901499999999998
EDO/BTC,1585108072126,2020-03-25T03:47:52.126Z,buy,1.463e-05,393.0,0.005749590000000001
EDO/BTC,1585108072579,2020-03-25T03:47:52.579Z,buy,1.463e-05,72.0,0.0010533600000000001
EDO/BTC,1585108074877,2020-03-25T03:47:54.877Z,buy,1.464e-05,36.0,0.00052704
EDO/BTC,1585108076263,2020-03-25T03:47:56.263Z,buy,1.462e-05,36.0,0.00052632
EDO/BTC,1585108079957,2020-03-25T03:47:59.957Z,buy,1.461e-05,21.0,0.00030681
EDO/BTC,1585108083681,2020-03-25T03:48:03.681Z,sell,1.458e-05,7.0,0.00010206
EDO/BTC,1585108083698,2020-03-25T03:48:03.698Z,buy,1.457e-05,20.0,0.0002914
EDO/BTC,1585108083705,2020-03-25T03:48:03.705Z,buy,1.457e-05,1881.0,0.02740617
EDO/BTC,1585108083759,2020-03-25T03:48:03.759Z,buy,1.457e-05,19.0,0.00027683
EDO/BTC,1585108086069,2020-03-25T03:48:06.069Z,buy,1.457e-05,21.0,0.00030596999999999997
EDO/BTC,1585108087465,2020-03-25T03:48:07.465Z,sell,1.456e-05,462.0,0.006726719999999999
EDO/BTC,1585108098227,2020-03-25T03:48:18.227Z,sell,1.455e-05,7.0,0.00010185
EDO/BTC,1585108111321,2020-03-25T03:48:31.321Z,buy,1.454e-05,192.0,0.00279168
EDO/BTC,1585108111321,2020-03-25T03:48:31.321Z,buy,1.455e-05,194.0,0.0028227
EDO/BTC,1585108111649,2020-03-25T03:48:31.649Z,sell,1.453e-05,93.0,0.00135129
EDO/BTC,1585108114301,2020-03-25T03:48:34.301Z,buy,1.455e-05,18.0,0.00026189999999999997
EDO/BTC,1585108114301,2020-03-25T03:48:34.301Z,buy,1.456e-05,4.0,5.824e-05
EDO/BTC,1585108115170,2020-03-25T03:48:35.170Z,buy,1.456e-05,19.0,0.00027664
EDO/BTC,1585108116165,2020-03-25T03:48:36.165Z,buy,1.456e-05,867.0,0.01262352
EDO/BTC,1585108119148,2020-03-25T03:48:39.148Z,buy,1.456e-05,3012.0,0.04385472
EDO/BTC,1585108119148,2020-03-25T03:48:39.148Z,buy,1.457e-05,2289.0,0.03335073
EDO/BTC,1585108119148,2020-03-25T03:48:39.148Z,buy,1.463e-05,85.0,0.00124355
EDO/BTC,1585108119148,2020-03-25T03:48:39.148Z,buy,1.464e-05,2605.0,0.0381372
EDO/BTC,1585108122109,2020-03-25T03:48:42.109Z,sell,1.464e-05,122.0,0.00178608
EDO/BTC,1585108130704,2020-03-25T03:48:50.704Z,sell,1.464e-05,100.0,0.001464
EDO/BTC,1585108131199,2020-03-25T03:48:51.199Z,sell,1.464e-05,314.0,0.00459696
EDO/BTC,1585108189691,2020-03-25T03:49:49.691Z,buy,1.459e-05,93.0,0.0013568699999999998
EDO/BTC,1585108189691,2020-03-25T03:49:49.691Z,buy,1.46e-05,297.0,0.0043362
EDO/BTC,1585108190212,2020-03-25T03:49:50.212Z,buy,1.46e-05,56.0,0.0008176
EDO/BTC,1585108195266,2020-03-25T03:49:55.266Z,buy,1.46e-05,1440.0,0.021024
EDO/BTC,1585108198421,2020-03-25T03:49:58.421Z,buy,1.453e-05,1440.0,0.0209232
EDO/BTC,1585108198466,2020-03-25T03:49:58.466Z,buy,1.453e-05,417.0,0.00605901
EDO/BTC,1585108209763,2020-03-25T03:50:09.763Z,sell,1.453e-05,1391.0,0.02021123
EDO/BTC,1585108209780,2020-03-25T03:50:09.780Z,buy,1.453e-05,200.0,0.002906
EDO/BTC,1585108212226,2020-03-25T03:50:12.226Z,sell,1.452e-05,7.0,0.00010164
EDO/BTC,1585108212226,2020-03-25T03:50:12.226Z,sell,1.448e-05,51.0,0.00073848
EDO/BTC,1585108212226,2020-03-25T03:50:12.226Z,sell,1.44e-05,161.0,0.0023184
EDO/BTC,1585108228100,2020-03-25T03:50:28.100Z,sell,1.448e-05,7.0,0.00010136
EDO/BTC,1585108236135,2020-03-25T03:50:36.135Z,sell,1.445e-05,7.0,0.00010115
EDO/BTC,1585108236135,2020-03-25T03:50:36.135Z,sell,1.437e-05,385.0,0.0055324499999999995
EDO/BTC,1585108236147,2020-03-25T03:50:36.147Z,sell,1.437e-05,61.0,0.00087657
EDO/BTC,1585108236147,2020-03-25T03:50:36.147Z,sell,1.433e-05,798.0,0.01143534
EDO/BTC,1585108236147,2020-03-25T03:50:36.147Z,sell,1.429e-05,327.0,0.00467283
EDO/BTC,1585108236147,2020-03-25T03:50:36.147Z,sell,1.428e-05,26.0,0.00037128000000000004
EDO/BTC,1585108236147,2020-03-25T03:50:36.147Z,sell,1.425e-05,783.0,0.011157750000000001
EDO/BTC,1585108236147,2020-03-25T03:50:36.147Z,sell,1.421e-05,26.0,0.00036946
EDO/BTC,1585108236147,2020-03-25T03:50:36.147Z,sell,1.42e-05,1531.0,0.021740199999999998
EDO/BTC,1585108236147,2020-03-25T03:50:36.147Z,sell,1.419e-05,427.0,0.00605913
EDO/BTC,1585108236147,2020-03-25T03:50:36.147Z,sell,1.418e-05,123.0,0.00174414
EDO/BTC,1585108236147,2020-03-25T03:50:36.147Z,sell,1.415e-05,714.0,0.0101031
EDO/BTC,1585108236404,2020-03-25T03:50:36.404Z,buy,1.427e-05,783.0,0.01117341
EDO/BTC,1585108236675,2020-03-25T03:50:36.675Z,sell,1.417e-05,71.0,0.00100607
EDO/BTC,1585108236715,2020-03-25T03:50:36.715Z,sell,1.417e-05,40.0,0.0005668
EDO/BTC,1585108238362,2020-03-25T03:50:38.362Z,sell,1.421e-05,239.0,0.00339619
EDO/BTC,1585108238801,2020-03-25T03:50:38.801Z,buy,1.433e-05,7.0,0.00010031
EDO/BTC,1585108239213,2020-03-25T03:50:39.213Z,sell,1.424e-05,21.0,0.00029904
EDO/BTC,1585108239592,2020-03-25T03:50:39.592Z,sell,1.421e-05,21.0,0.00029841
EDO/BTC,1585108240102,2020-03-25T03:50:40.102Z,sell,1.421e-05,20.0,0.00028419999999999997
EDO/BTC,1585108240624,2020-03-25T03:50:40.624Z,sell,1.423e-05,21.0,0.00029883
EDO/BTC,1585108240652,2020-03-25T03:50:40.652Z,sell,1.423e-05,22.0,0.00031306
EDO/BTC,1585108241621,2020-03-25T03:50:41.621Z,sell,1.423e-05,22.0,0.00031306
EDO/BTC,1585108241676,2020-03-25T03:50:41.676Z,sell,1.423e-05,22.0,0.00031306
EDO/BTC,1585108241709,2020-03-25T03:50:41.709Z,sell,1.423e-05,247.0,0.0035148099999999997
EDO/BTC,1585108241727,2020-03-25T03:50:41.727Z,sell,1.422e-05,492.0,0.00699624
EDO/BTC,1585108242106,2020-03-25T03:50:42.106Z,sell,1.421e-05,21.0,0.00029841
EDO/BTC,1585108243110,2020-03-25T03:50:43.110Z,sell,1.417e-05,21.0,0.00029757
EDO/BTC,1585108243174,2020-03-25T03:50:43.174Z,sell,1.417e-05,21.0,0.00029757
EDO/BTC,1585108247374,2020-03-25T03:50:47.374Z,sell,1.416e-05,19.0,0.00026904
EDO/BTC,1585108247458,2020-03-25T03:50:47.458Z,sell,1.416e-05,17.0,0.00024071999999999999
EDO/BTC,1585108247601,2020-03-25T03:50:47.601Z,sell,1.416e-05,20.0,0.0002832
EDO/BTC,1585108252494,2020-03-25T03:50:52.494Z,buy,1.426e-05,2.0,2.852e-05
EDO/BTC,1585108254275,2020-03-25T03:50:54.275Z,sell,1.415e-05,539.0,0.00762685
EDO/BTC,1585108254275,2020-03-25T03:50:54.275Z,sell,1.414e-05,26.0,0.00036764
EDO/BTC,1585108254275,2020-03-25T03:50:54.275Z,sell,1.413e-05,350.0,0.0049455
EDO/BTC,1585108254324,2020-03-25T03:50:54.324Z,buy,1.41e-05,21.0,0.0002961
EDO/BTC,1585108254747,2020-03-25T03:50:54.747Z,sell,1.407e-05,43.0,0.00060501
EDO/BTC,1585108254747,2020-03-25T03:50:54.747Z,sell,1.404e-05,7.0,9.828e-05
EDO/BTC,1585108255480,2020-03-25T03:50:55.480Z,buy,1.407e-05,338.0,0.00475566
EDO/BTC,1585108260366,2020-03-25T03:51:00.366Z,sell,1.4e-05,26.0,0.000364
EDO/BTC,1585108263240,2020-03-25T03:51:03.240Z,sell,1.393e-05,26.0,0.00036218000000000003
EDO/BTC,1585108263240,2020-03-25T03:51:03.240Z,sell,1.386e-05,27.0,0.00037422
EDO/BTC,1585108263240,2020-03-25T03:51:03.240Z,sell,1.379e-05,447.0,0.00616413
EDO/BTC,1585108263690,2020-03-25T03:51:03.690Z,sell,1.38e-05,50.0,0.00069
EDO/BTC,1585108264183,2020-03-25T03:51:04.183Z,sell,1.381e-05,50.0,0.0006905
EDO/BTC,1585108268721,2020-03-25T03:51:08.721Z,sell,1.381e-05,430.0,0.0059383
EDO/BTC,1585108269247,2020-03-25T03:51:09.247Z,buy,1.387e-05,700.0,0.009708999999999999
EDO/BTC,1585108270317,2020-03-25T03:51:10.317Z,buy,1.386e-05,350.0,0.004850999999999999
EDO/BTC,1585108270317,2020-03-25T03:51:10.317Z,buy,1.387e-05,610.0,0.0084607
EDO/BTC,1585108270317,2020-03-25T03:51:10.317Z,buy,1.388e-05,350.0,0.0048579999999999995
EDO/BTC,1585108271396,2020-03-25T03:51:11.396Z,buy,1.386e-05,123.0,0.00170478
EDO/BTC,1585108271396,2020-03-25T03:51:11.396Z,buy,1.388e-05,523.0,0.007259239999999999
EDO/BTC,1585108272722,2020-03-25T03:51:12.722Z,buy,1.383e-05,427.0,0.00590541
EDO/BTC,1585108272846,2020-03-25T03:51:12.846Z,buy,1.387e-05,1284.0,0.017809079999999998
EDO/BTC,1585108272846,2020-03-25T03:51:12.846Z,buy,1.388e-05,798.0,0.01107624
EDO/BTC,1585108272852,2020-03-25T03:51:12.852Z,sell,1.392e-05,1831.0,0.02548752
EDO/BTC,1585108272861,2020-03-25T03:51:12.861Z,sell,1.392e-05,335.0,0.0046632
EDO/BTC,1585108273027,2020-03-25T03:51:13.027Z,buy,1.386e-05,700.0,0.009701999999999999
EDO/BTC,1585108275486,2020-03-25T03:51:15.486Z,buy,1.391e-05,732.0,0.010182120000000001
EDO/BTC,1585108282032,2020-03-25T03:51:22.032Z,sell,1.395e-05,340.0,0.004743
EDO/BTC,1585108282032,2020-03-25T03:51:22.032Z,sell,1.394e-05,66.0,0.00092004
EDO/BTC,1585108282070,2020-03-25T03:51:22.070Z,buy,1.393e-05,376.0,0.00523768
EDO/BTC,1585108298014,2020-03-25T03:51:38.014Z,sell,1.389e-05,74.0,0.00102786
EDO/BTC,1585108303150,2020-03-25T03:51:43.150Z,buy,1.394e-05,2.0,2.788e-05
EDO/BTC,1585108307329,2020-03-25T03:51:47.329Z,sell,1.389e-05,19.0,0.00026391
EDO/BTC,1585108309029,2020-03-25T03:51:49.029Z,sell,1.389e-05,119.0,0.00165291
EDO/BTC,1585108309029,2020-03-25T03:51:49.029Z,sell,1.388e-05,1284.0,0.017821919999999998
EDO/BTC,1585108314317,2020-03-25T03:51:54.317Z,sell,1.383e-05,710.0,0.0098193
EDO/BTC,1585108317183,2020-03-25T03:51:57.183Z,sell,1.384e-05,128.0,0.00177152
EDO/BTC,1585108325249,2020-03-25T03:52:05.249Z,buy,1.394e-05,2.0,2.788e-05
EDO/BTC,1585108341052,2020-03-25T03:52:21.052Z,buy,1.394e-05,52.0,0.00072488
EDO/BTC,1585108356777,2020-03-25T03:52:36.777Z,buy,1.393e-05,143.0,0.00199199
EDO/BTC,1585108356883,2020-03-25T03:52:36.883Z,buy,1.393e-05,1906.0,0.02655058
EDO/BTC,1585108367745,2020-03-25T03:52:47.745Z,buy,1.394e-05,489.0,0.00681666
EDO/BTC,1585108394110,2020-03-25T03:53:14.110Z,sell,1.39e-05,625.0,0.0086875
EDO/BTC,1585108446589,2020-03-25T03:54:06.589Z,buy,1.393e-05,24.0,0.00033432000000000004
EDO/BTC,1585108446589,2020-03-25T03:54:06.589Z,buy,1.394e-05,788.0,0.01098472
EDO/BTC,1585108455556,2020-03-25T03:54:15.556Z,buy,1.401e-05,2.0,2.802e-05
EDO/BTC,1585108461533,2020-03-25T03:54:21.533Z,buy,1.402e-05,115.0,0.0016122999999999999
EDO/BTC,1585108474548,2020-03-25T03:54:34.548Z,sell,1.402e-05,11.0,0.00015422
EDO/BTC,1585108488615,2020-03-25T03:54:48.615Z,buy,1.403e-05,2.0,2.806e-05
EDO/BTC,1585108495417,2020-03-25T03:54:55.417Z,sell,1.396e-05,11.0,0.00015356000000000001
EDO/BTC,1585108495417,2020-03-25T03:54:55.417Z,sell,1.395e-05,240.0,0.0033480000000000003
EDO/BTC,1585108495417,2020-03-25T03:54:55.417Z,sell,1.394e-05,218.0,0.00303892
EDO/BTC,1585108512373,2020-03-25T03:55:12.373Z,buy,1.403e-05,11.0,0.00015433
EDO/BTC,1585108512373,2020-03-25T03:55:12.373Z,buy,1.411e-05,24.0,0.00033864
EDO/BTC,1585108523949,2020-03-25T03:55:23.949Z,buy,1.411e-05,119.0,0.00167909
EDO/BTC,1585108525143,2020-03-25T03:55:25.143Z,sell,1.411e-05,18.0,0.00025398
EDO/BTC,1585108535379,2020-03-25T03:55:35.379Z,buy,1.419e-05,351.0,0.00498069
EDO/BTC,1585108535379,2020-03-25T03:55:35.379Z,buy,1.42e-05,26.0,0.0003692
EDO/BTC,1585108535503,2020-03-25T03:55:35.503Z,sell,1.42e-05,21.0,0.0002982
EDO/BTC,1585108536742,2020-03-25T03:55:36.742Z,sell,1.42e-05,19.0,0.0002698
EDO/BTC,1585108537454,2020-03-25T03:55:37.454Z,sell,1.42e-05,8.0,0.0001136
EDO/BTC,1585108557562,2020-03-25T03:55:57.562Z,sell,1.42e-05,51.0,0.0007241999999999999
EDO/BTC,1585108574380,2020-03-25T03:56:14.380Z,buy,1.428e-05,26.0,0.00037128000000000004
EDO/BTC,1585108574582,2020-03-25T03:56:14.582Z,sell,1.428e-05,20.0,0.0002856
EDO/BTC,1585108574732,2020-03-25T03:56:14.732Z,sell,1.428e-05,20.0,0.0002856
EDO/BTC,1585108576977,2020-03-25T03:56:16.977Z,sell,1.428e-05,11.0,0.00015708
EDO/BTC,1585108615675,2020-03-25T03:56:55.675Z,sell,1.417e-05,218.0,0.00308906
EDO/BTC,1585108615690,2020-03-25T03:56:55.690Z,sell,1.417e-05,249.0,0.00352833
EDO/BTC,1585108615690,2020-03-25T03:56:55.690Z,sell,1.416e-05,1163.0,0.01646808
EDO/BTC,1585108629134,2020-03-25T03:57:09.134Z,sell,1.413e-05,339.0,0.0047900700000000004
EDO/BTC,1585108629134,2020-03-25T03:57:09.134Z,sell,1.411e-05,244.0,0.00344284
EDO/BTC,1585108638669,2020-03-25T03:57:18.669Z,sell,1.394e-05,1272.0,0.01773168
EDO/BTC,1585108640837,2020-03-25T03:57:20.837Z,buy,1.394e-05,19.0,0.00026486
EDO/BTC,1585108641157,2020-03-25T03:57:21.157Z,buy,1.394e-05,356.0,0.00496264
EDO/BTC,1585108641707,2020-03-25T03:57:21.707Z,buy,1.401e-05,1908.0,0.02673108
EDO/BTC,1585108654635,2020-03-25T03:57:34.635Z,buy,1.398e-05,1730.0,0.0241854
EDO/BTC,1585108654635,2020-03-25T03:57:34.635Z,buy,1.399e-05,1272.0,0.01779528
EDO/BTC,1585108654635,2020-03-25T03:57:34.635Z,buy,1.408e-05,446.0,0.00627968
EDO/BTC,1585108654635,2020-03-25T03:57:34.635Z,buy,1.41e-05,5371.0,0.07573110000000001
EDO/BTC,1585108681968,2020-03-25T03:58:01.968Z,buy,1.406e-05,1907.0,0.02681242
EDO/BTC,1585108690143,2020-03-25T03:58:10.143Z,buy,1.405e-05,130.0,0.0018265
EDO/BTC,1585108816343,2020-03-25T04:00:16.343Z,buy,1.403e-05,410.0,0.0057523
EDO/BTC,1585108827831,2020-03-25T04:00:27.831Z,sell,1.398e-05,15.0,0.0002097
EDO/BTC,1585108836839,2020-03-25T04:00:36.839Z,sell,1.407e-05,14.0,0.00019698
EDO/BTC,1585108836839,2020-03-25T04:00:36.839Z,sell,1.406e-05,344.0,0.00483664
EDO/BTC,1585108837761,2020-03-25T04:00:37.761Z,sell,1.407e-05,121.0,0.0017024700000000002
EDO/BTC,1585108838069,2020-03-25T04:00:38.069Z,sell,1.407e-05,124.0,0.0017446800000000002
EDO/BTC,1585108838404,2020-03-25T04:00:38.404Z,sell,1.407e-05,126.0,0.00177282
EDO/BTC,1585108845294,2020-03-25T04:00:45.294Z,sell,1.407e-05,143.0,0.0020120100000000003
EDO/BTC,1585108845650,2020-03-25T04:00:45.650Z,sell,1.407e-05,226.0,0.0031798200000000003
EDO/BTC,1585108846241,2020-03-25T04:00:46.241Z,sell,1.407e-05,75.0,0.00105525
EDO/BTC,1585108846773,2020-03-25T04:00:46.773Z,buy,1.406e-05,126.0,0.00177156
EDO/BTC,1585108864105,2020-03-25T04:01:04.105Z,buy,1.403e-05,2.0,2.806e-05
EDO/BTC,1585109011472,2020-03-25T04:03:31.472Z,sell,1.401e-05,78.0,0.00109278
EDO/BTC,1585109017918,2020-03-25T04:03:37.918Z,sell,1.401e-05,222.0,0.00311022
EDO/BTC,1585109027013,2020-03-25T04:03:47.013Z,buy,1.401e-05,8.0,0.00011208
EDO/BTC,1585109032613,2020-03-25T04:03:52.613Z,buy,1.401e-05,55.0,0.00077055
EDO/BTC,1585109036083,2020-03-25T04:03:56.083Z,buy,1.401e-05,111.0,0.00155511
EDO/BTC,1585109037476,2020-03-25T04:03:57.476Z,buy,1.401e-05,2.0,2.802e-05
EDO/BTC,1585109041670,2020-03-25T04:04:01.670Z,buy,1.401e-05,166.0,0.00232566
EDO/BTC,1585109048806,2020-03-25T04:04:08.806Z,sell,1.4e-05,2927.0,0.040978
EDO/BTC,1585109048830,2020-03-25T04:04:08.830Z,sell,1.396e-05,1311.0,0.01830156
EDO/BTC,1585109051249,2020-03-25T04:04:11.249Z,buy,1.398e-05,119.0,0.00166362
EDO/BTC,1585109051525,2020-03-25T04:04:11.525Z,sell,1.398e-05,95.0,0.0013281
EDO/BTC,1585109052011,2020-03-25T04:04:12.011Z,buy,1.397e-05,142.0,0.00198374
EDO/BTC,1585109056087,2020-03-25T04:04:16.087Z,buy,1.394e-05,55.0,0.0007667
EDO/BTC,1585109059167,2020-03-25T04:04:19.167Z,buy,1.393e-05,55.0,0.0007661500000000001
EDO/BTC,1585109062778,2020-03-25T04:04:22.778Z,buy,1.39e-05,42.0,0.0005838
EDO/BTC,1585109069310,2020-03-25T04:04:29.310Z,buy,1.387e-05,19.0,0.00026353
EDO/BTC,1585109070350,2020-03-25T04:04:30.350Z,sell,1.386e-05,26.0,0.00036036
EDO/BTC,1585109070350,2020-03-25T04:04:30.350Z,sell,1.385e-05,291.0,0.00403035
EDO/BTC,1585109070350,2020-03-25T04:04:30.350Z,sell,1.384e-05,34.0,0.00047055999999999997
EDO/BTC,1585109076068,2020-03-25T04:04:36.068Z,buy,1.386e-05,349.0,0.00483714
EDO/BTC,1585109076068,2020-03-25T04:04:36.068Z,buy,1.387e-05,547.0,0.00758689
EDO/BTC,1585109076068,2020-03-25T04:04:36.068Z,buy,1.388e-05,3424.0,0.04752512
EDO/BTC,1585109076068,2020-03-25T04:04:36.068Z,buy,1.389e-05,1162.0,0.01614018
EDO/BTC,1585109076068,2020-03-25T04:04:36.068Z,buy,1.4e-05,231.0,0.003234
EDO/BTC,1585109080677,2020-03-25T04:04:40.677Z,buy,1.399e-05,11.0,0.00015389
EDO/BTC,1585109080677,2020-03-25T04:04:40.677Z,buy,1.4e-05,61.0,0.0008539999999999999
EDO/BTC,1585109270490,2020-03-25T04:07:50.490Z,sell,1.393e-05,264.0,0.00367752
EDO/BTC,1585109342440,2020-03-25T04:09:02.440Z,sell,1.386e-05,437.0,0.00605682
EDO/BTC,1585109342440,2020-03-25T04:09:02.440Z,sell,1.384e-05,268.0,0.0037091199999999998
EDO/BTC,1585109342440,2020-03-25T04:09:02.440Z,sell,1.382e-05,899.0,0.01242418
EDO/BTC,1585109412124,2020-03-25T04:10:12.124Z,buy,1.395e-05,12.0,0.0001674
EDO/BTC,1585109412124,2020-03-25T04:10:12.124Z,buy,1.397e-05,205.0,0.00286385
EDO/BTC,1585109480847,2020-03-25T04:11:20.847Z,buy,1.395e-05,496.0,0.0069192
EDO/BTC,1585109480847,2020-03-25T04:11:20.847Z,buy,1.397e-05,401.0,0.00560197
EDO/BTC,1585109480847,2020-03-25T04:11:20.847Z,buy,1.398e-05,899.0,0.01256802
EDO/BTC,1585109480847,2020-03-25T04:11:20.847Z,buy,1.399e-05,108.0,0.00151092
EDO/BTC,1585109480940,2020-03-25T04:11:20.940Z,sell,1.399e-05,19.0,0.00026581
EDO/BTC,1585109490806,2020-03-25T04:11:30.806Z,sell,1.4e-05,315.0,0.00441
EDO/BTC,1585109491972,2020-03-25T04:11:31.972Z,sell,1.4e-05,386.0,0.005404
EDO/BTC,1585109492065,2020-03-25T04:11:32.065Z,buy,1.4e-05,397.0,0.005558
EDO/BTC,1585109495424,2020-03-25T04:11:35.424Z,buy,1.4e-05,421.0,0.005894
EDO/BTC,1585109502863,2020-03-25T04:11:42.863Z,sell,1.399e-05,285.0,0.00398715
EDO/BTC,1585109506075,2020-03-25T04:11:46.075Z,sell,1.399e-05,17037.0,0.23834763
EDO/BTC,1585109508278,2020-03-25T04:11:48.278Z,buy,1.405e-05,107.0,0.0015033499999999999
EDO/BTC,1585109539070,2020-03-25T04:12:19.070Z,buy,1.405e-05,7.0,9.834999999999999e-05
EDO/BTC,1585109539070,2020-03-25T04:12:19.070Z,buy,1.405e-05,7.0,9.834999999999999e-05
EDO/BTC,1585109599878,2020-03-25T04:13:19.878Z,buy,1.405e-05,7.0,9.834999999999999e-05
EDO/BTC,1585109702566,2020-03-25T04:15:02.566Z,sell,1.4e-05,396.0,0.005544
EDO/BTC,1585109728248,2020-03-25T04:15:28.248Z,sell,1.4e-05,396.0,0.005544
EDO/BTC,1585109771344,2020-03-25T04:16:11.344Z,sell,1.4e-05,619.0,0.008666
EDO/BTC,1585109771344,2020-03-25T04:16:11.344Z,sell,1.399e-05,86.0,0.00120314
EDO/BTC,1585109780170,2020-03-25T04:16:20.170Z,sell,1.399e-05,505.0,0.0070649499999999995
EDO/BTC,1585109929442,2020-03-25T04:18:49.442Z,buy,1.405e-05,9.0,0.00012644999999999998
EDO/BTC,1585109964793,2020-03-25T04:19:24.793Z,buy,1.405e-05,2.0,2.81e-05
EDO/BTC,1585110052482,2020-03-25T04:20:52.482Z,sell,1.4e-05,204.0,0.002856
EDO/BTC,1585110111880,2020-03-25T04:21:51.880Z,buy,1.41e-05,3674.0,0.0518034
EDO/BTC,1585110148816,2020-03-25T04:22:28.816Z,buy,1.41e-05,346.0,0.0048786
EDO/BTC,1585110148860,2020-03-25T04:22:28.860Z,sell,1.41e-05,17.0,0.0002397
EDO/BTC,1585110149180,2020-03-25T04:22:29.180Z,sell,1.41e-05,355.0,0.0050055
EDO/BTC,1585110149235,2020-03-25T04:22:29.235Z,sell,1.41e-05,68.0,0.0009588
EDO/BTC,1585110149235,2020-03-25T04:22:29.235Z,sell,1.401e-05,182.0,0.00254982
EDO/BTC,1585110348142,2020-03-25T04:25:48.142Z,sell,1.401e-05,129.0,0.00180729
EDO/BTC,1585110348142,2020-03-25T04:25:48.142Z,sell,1.4e-05,727.0,0.010178
EDO/BTC,1585110357200,2020-03-25T04:25:57.200Z,buy,1.41e-05,193.0,0.0027213000000000003
EDO/BTC,1585110387853,2020-03-25T04:26:27.853Z,buy,1.411e-05,849.0,0.011979390000000001
EDO/BTC,1585110467068,2020-03-25T04:27:47.068Z,buy,1.411e-05,1103.0,0.01556333
EDO/BTC,1585110508673,2020-03-25T04:28:28.673Z,buy,1.411e-05,409.0,0.00577099
EDO/BTC,1585110508673,2020-03-25T04:28:28.673Z,buy,1.413e-05,2359.0,0.03333267
EDO/BTC,1585110508710,2020-03-25T04:28:28.710Z,sell,1.413e-05,19.0,0.00026847
EDO/BTC,1585110515842,2020-03-25T04:28:35.842Z,buy,1.428e-05,25.0,0.000357
EDO/BTC,1585110515842,2020-03-25T04:28:35.842Z,buy,1.435e-05,25.0,0.00035875
EDO/BTC,1585110515842,2020-03-25T04:28:35.842Z,buy,1.442e-05,25.0,0.0003605
EDO/BTC,1585110515842,2020-03-25T04:28:35.842Z,buy,1.444e-05,80.0,0.0011552
EDO/BTC,1585110516094,2020-03-25T04:28:36.094Z,sell,1.435e-05,21.0,0.00030135
EDO/BTC,1585110517128,2020-03-25T04:28:37.128Z,sell,1.435e-05,158.0,0.0022673
EDO/BTC,1585110518078,2020-03-25T04:28:38.078Z,sell,1.435e-05,29.0,0.00041615
EDO/BTC,1585110521539,2020-03-25T04:28:41.539Z,buy,1.43e-05,35.0,0.0005005
EDO/BTC,1585110521539,2020-03-25T04:28:41.539Z,buy,1.445e-05,41.0,0.00059245
EDO/BTC,1585110523972,2020-03-25T04:28:43.972Z,buy,1.445e-05,37.0,0.00053465
EDO/BTC,1585110525617,2020-03-25T04:28:45.617Z,buy,1.445e-05,18.0,0.00026010000000000003
EDO/BTC,1585110526772,2020-03-25T04:28:46.772Z,buy,1.445e-05,18.0,0.00026010000000000003
EDO/BTC,1585110558189,2020-03-25T04:29:18.189Z,buy,1.442e-05,106.0,0.00152852
EDO/BTC,1585110558189,2020-03-25T04:29:18.189Z,buy,1.443e-05,121.0,0.0017460300000000002
EDO/BTC,1585110593206,2020-03-25T04:29:53.206Z,buy,1.442e-05,631.0,0.00909902
EDO/BTC,1585110593365,2020-03-25T04:29:53.365Z,sell,1.442e-05,20.0,0.00028839999999999996
EDO/BTC,1585110594177,2020-03-25T04:29:54.177Z,sell,1.442e-05,42.0,0.00060564
EDO/BTC,1585110600863,2020-03-25T04:30:00.863Z,sell,1.442e-05,734.0,0.01058428
EDO/BTC,1585110601186,2020-03-25T04:30:01.186Z,sell,1.442e-05,8.0,0.00011536
EDO/BTC,1585110609524,2020-03-25T04:30:09.524Z,buy,1.443e-05,39.0,0.00056277
EDO/BTC,1585110639114,2020-03-25T04:30:39.114Z,buy,1.443e-05,614.0,0.00886002
EDO/BTC,1585110639114,2020-03-25T04:30:39.114Z,buy,1.444e-05,64.0,0.00092416
EDO/BTC,1585110666756,2020-03-25T04:31:06.756Z,buy,1.444e-05,138.0,0.00199272
EDO/BTC,1585110673388,2020-03-25T04:31:13.388Z,buy,1.444e-05,338.0,0.00488072
EDO/BTC,1585110676322,2020-03-25T04:31:16.322Z,buy,1.444e-05,338.0,0.00488072
EDO/BTC,1585110782712,2020-03-25T04:33:02.712Z,buy,1.442e-05,3353.0,0.04835026
EDO/BTC,1585110782712,2020-03-25T04:33:02.712Z,buy,1.444e-05,804.0,0.01160976
EDO/BTC,1585110857357,2020-03-25T04:34:17.357Z,buy,1.444e-05,7.0,0.00010108
EDO/BTC,1585110976565,2020-03-25T04:36:16.565Z,sell,1.44e-05,862.0,0.0124128
EDO/BTC,1585110996512,2020-03-25T04:36:36.512Z,sell,1.434e-05,470.0,0.0067398
EDO/BTC,1585110997196,2020-03-25T04:36:37.196Z,sell,1.434e-05,71.0,0.00101814
EDO/BTC,1585111023213,2020-03-25T04:37:03.213Z,sell,1.431e-05,370.0,0.0052947
EDO/BTC,1585111023213,2020-03-25T04:37:03.213Z,sell,1.43e-05,188.0,0.0026884
EDO/BTC,1585111047350,2020-03-25T04:37:27.350Z,sell,1.426e-05,41.0,0.00058466
EDO/BTC,1585111047350,2020-03-25T04:37:27.350Z,sell,1.425e-05,1372.0,0.019551000000000002
EDO/BTC,1585111058386,2020-03-25T04:37:38.386Z,sell,1.425e-05,112.0,0.0015960000000000002
EDO/BTC,1585111104181,2020-03-25T04:38:24.181Z,sell,1.425e-05,26.0,0.0003705
EDO/BTC,1585111446096,2020-03-25T04:44:06.096Z,sell,1.426e-05,309.0,0.00440634
EDO/BTC,1585111470898,2020-03-25T04:44:30.898Z,sell,1.423e-05,8.0,0.00011384
EDO/BTC,1585111470898,2020-03-25T04:44:30.898Z,sell,1.412e-05,343.0,0.00484316
EDO/BTC,1585111470898,2020-03-25T04:44:30.898Z,sell,1.411e-05,5235.0,0.07386585
EDO/BTC,1585111492963,2020-03-25T04:44:52.963Z,buy,1.423e-05,2.0,2.846e-05
EDO/BTC,1585111694260,2020-03-25T04:48:14.260Z,buy,1.417e-05,19.0,0.00026923
EDO/BTC,1585111697056,2020-03-25T04:48:17.056Z,buy,1.416e-05,8.0,0.00011328
EDO/BTC,1585111698410,2020-03-25T04:48:18.410Z,sell,1.413e-05,285.0,0.00402705
EDO/BTC,1585111698549,2020-03-25T04:48:18.549Z,buy,1.412e-05,21.0,0.00029652
EDO/BTC,1585111868737,2020-03-25T04:51:08.737Z,buy,1.412e-05,1.0,1.412e-05
EDO/BTC,1585111922599,2020-03-25T04:52:02.599Z,buy,1.416e-05,4.0,5.664e-05
EDO/BTC,1585111922599,2020-03-25T04:52:02.599Z,buy,1.422e-05,296.0,0.00420912
EDO/BTC,1585112401259,2020-03-25T05:00:01.259Z,buy,1.42e-05,341.0,0.0048422
EDO/BTC,1585112401259,2020-03-25T05:00:01.259Z,buy,1.421e-05,541.0,0.00768761
EDO/BTC,1585112401259,2020-03-25T05:00:01.259Z,buy,1.422e-05,674.0,0.009584279999999999
EDO/BTC,1585112417316,2020-03-25T05:00:17.316Z,buy,1.422e-05,1022.0,0.01453284
EDO/BTC,1585112455505,2020-03-25T05:00:55.505Z,sell,1.422e-05,2561.0,0.03641742
EDO/BTC,1585112823626,2020-03-25T05:07:03.626Z,buy,1.422e-05,224.0,0.00318528
EDO/BTC,1585112841808,2020-03-25T05:07:21.808Z,buy,1.422e-05,832.0,0.01183104
EDO/BTC,1585112841808,2020-03-25T05:07:21.808Z,buy,1.422e-05,832.0,0.01183104
EDO/BTC,1585113352442,2020-03-25T05:15:52.442Z,sell,1.412e-05,88.0,0.00124256
EDO/BTC,1585113352442,2020-03-25T05:15:52.442Z,sell,1.411e-05,1086.0,0.01532346
EDO/BTC,1585113352442,2020-03-25T05:15:52.442Z,sell,1.41e-05,1463.0,0.020628300000000002
EDO/BTC,1585113359723,2020-03-25T05:15:59.723Z,buy,1.422e-05,2.0,2.844e-05
EDO/BTC,1585113391066,2020-03-25T05:16:31.066Z,sell,1.411e-05,621.0,0.00876231
EDO/BTC,1585113391066,2020-03-25T05:16:31.066Z,sell,1.41e-05,224.0,0.0031584
EDO/BTC,1585113452240,2020-03-25T05:17:32.240Z,buy,1.418e-05,14.0,0.00019852
EDO/BTC,1585113452240,2020-03-25T05:17:32.240Z,buy,1.421e-05,196.0,0.00278516
EDO/BTC,1585113452242,2020-03-25T05:17:32.242Z,buy,1.421e-05,1755.0,0.02493855
EDO/BTC,1585113454230,2020-03-25T05:17:34.230Z,buy,1.422e-05,140.0,0.0019908
EDO/BTC,1585113454251,2020-03-25T05:17:34.251Z,buy,1.422e-05,427.0,0.00607194
EDO/BTC,1585113454262,2020-03-25T05:17:34.262Z,sell,1.424e-05,25.0,0.000356
EDO/BTC,1585113454275,2020-03-25T05:17:34.275Z,sell,1.424e-05,68.0,0.0009683199999999999
EDO/BTC,1585113454283,2020-03-25T05:17:34.283Z,buy,1.425e-05,2.0,2.85e-05
EDO/BTC,1585113455861,2020-03-25T05:17:35.861Z,buy,1.425e-05,283.0,0.00403275
EDO/BTC,1585113455861,2020-03-25T05:17:35.861Z,buy,1.426e-05,924.0,0.01317624
EDO/BTC,1585113459049,2020-03-25T05:17:39.049Z,buy,1.427e-05,379.0,0.00540833
EDO/BTC,1585113459049,2020-03-25T05:17:39.049Z,buy,1.43e-05,1553.0,0.0222079
EDO/BTC,1585113464392,2020-03-25T05:17:44.392Z,sell,1.43e-05,250.0,0.003575
EDO/BTC,1585113531607,2020-03-25T05:18:51.607Z,sell,1.433e-05,629.0,0.00901357
EDO/BTC,1585113531631,2020-03-25T05:18:51.631Z,sell,1.432e-05,1693.0,0.02424376
EDO/BTC,1585113539763,2020-03-25T05:18:59.763Z,buy,1.433e-05,55.0,0.00078815
EDO/BTC,1585113543176,2020-03-25T05:19:03.176Z,buy,1.433e-05,688.0,0.00985904
EDO/BTC,1585113583926,2020-03-25T05:19:43.926Z,buy,1.433e-05,697.0,0.00998801
EDO/BTC,1585113658425,2020-03-25T05:20:58.425Z,sell,1.432e-05,21.0,0.00030072
EDO/BTC,1585113689636,2020-03-25T05:21:29.636Z,buy,1.431e-05,65.0,0.00093015
EDO/BTC,1585113699438,2020-03-25T05:21:39.438Z,sell,1.43e-05,100.0,0.00143
EDO/BTC,1585113715884,2020-03-25T05:21:55.884Z,buy,1.433e-05,8.0,0.00011464
EDO/BTC,1585113715884,2020-03-25T05:21:55.884Z,buy,1.437e-05,1.0,1.437e-05
EDO/BTC,1585113739096,2020-03-25T05:22:19.096Z,sell,1.43e-05,24.0,0.0003432
EDO/BTC,1585113739096,2020-03-25T05:22:19.096Z,sell,1.429e-05,1741.0,0.02487889
EDO/BTC,1585113754306,2020-03-25T05:22:34.306Z,buy,1.427e-05,25.0,0.00035675
EDO/BTC,1585113763463,2020-03-25T05:22:43.463Z,buy,1.427e-05,44.0,0.00062788
EDO/BTC,1585113763463,2020-03-25T05:22:43.463Z,buy,1.428e-05,46.0,0.00065688
EDO/BTC,1585113763463,2020-03-25T05:22:43.463Z,buy,1.429e-05,34.0,0.00048586
EDO/BTC,1585113836985,2020-03-25T05:23:56.985Z,sell,1.428e-05,562.0,0.00802536
EDO/BTC,1585113846951,2020-03-25T05:24:06.951Z,sell,1.426e-05,427.0,0.0060890200000000005
EDO/BTC,1585113846951,2020-03-25T05:24:06.951Z,sell,1.425e-05,4396.0,0.062643
EDO/BTC,1585114114971,2020-03-25T05:28:34.971Z,sell,1.425e-05,2900.0,0.041325
EDO/BTC,1585114346911,2020-03-25T05:32:26.911Z,sell,1.425e-05,426.0,0.0060705
EDO/BTC,1585114374425,2020-03-25T05:32:54.425Z,sell,1.428e-05,366.0,0.00522648
EDO/BTC,1585114636155,2020-03-25T05:37:16.155Z,buy,1.436e-05,763.0,0.01095668
EDO/BTC,1585114724053,2020-03-25T05:38:44.053Z,buy,1.436e-05,8.0,0.00011488
EDO/BTC,1585114724053,2020-03-25T05:38:44.053Z,buy,1.438e-05,142.0,0.0020419599999999998
EDO/BTC,1585115001818,2020-03-25T05:43:21.818Z,sell,1.428e-05,42.0,0.0005997600000000001
EDO/BTC,1585115553806,2020-03-25T05:52:33.806Z,sell,1.428e-05,141.0,0.0020134800000000002
EDO/BTC,1585115787958,2020-03-25T05:56:27.958Z,sell,1.428e-05,271.0,0.00386988
EDO/BTC,1585115829091,2020-03-25T05:57:09.091Z,buy,1.438e-05,2136.0,0.03071568
EDO/BTC,1585115835869,2020-03-25T05:57:15.869Z,buy,1.443e-05,403.0,0.005815290000000001
EDO/BTC,1585115837533,2020-03-25T05:57:17.533Z,buy,1.443e-05,7.0,0.00010101000000000001
EDO/BTC,1585115853140,2020-03-25T05:57:33.140Z,sell,1.432e-05,345.0,0.0049404
EDO/BTC,1585115853140,2020-03-25T05:57:33.140Z,sell,1.431e-05,3154.0,0.04513374
EDO/BTC,1585116090276,2020-03-25T06:01:30.276Z,buy,1.435e-05,1057.0,0.01516795
EDO/BTC,1585116249306,2020-03-25T06:04:09.306Z,buy,1.434e-05,1132.0,0.01623288
EDO/BTC,1585116323040,2020-03-25T06:05:23.040Z,buy,1.432e-05,7.0,0.00010024
EDO/BTC,1585116358133,2020-03-25T06:05:58.133Z,buy,1.432e-05,250.0,0.00358
EDO/BTC,1585116402125,2020-03-25T06:06:42.125Z,buy,1.432e-05,116.0,0.00166112
EDO/BTC,1585116407267,2020-03-25T06:06:47.267Z,sell,1.432e-05,711.0,0.01018152
EDO/BTC,1585116407714,2020-03-25T06:06:47.714Z,buy,1.432e-05,250.0,0.00358
EDO/BTC,1585116434387,2020-03-25T06:07:14.387Z,buy,1.432e-05,713.0,0.01021016
EDO/BTC,1585116437883,2020-03-25T06:07:17.883Z,buy,1.438e-05,1519.0,0.02184322
EDO/BTC,1585116437883,2020-03-25T06:07:17.883Z,buy,1.439e-05,321.0,0.00461919
EDO/BTC,1585116437883,2020-03-25T06:07:17.883Z,buy,1.438e-05,1519.0,0.02184322
EDO/BTC,1585116437883,2020-03-25T06:07:17.883Z,buy,1.439e-05,321.0,0.00461919
EDO/BTC,1585116527792,2020-03-25T06:08:47.792Z,sell,1.431e-05,19.0,0.00027189
EDO/BTC,1585116527792,2020-03-25T06:08:47.792Z,sell,1.43e-05,7.0,0.00010010000000000001
EDO/BTC,1585116527802,2020-03-25T06:08:47.802Z,buy,1.429e-05,19.0,0.00027151
EDO/BTC,1585116674043,2020-03-25T06:11:14.043Z,buy,1.429e-05,250.0,0.0035725
EDO/BTC,1585116691311,2020-03-25T06:11:31.311Z,sell,1.428e-05,797.0,0.01138116
EDO/BTC,1585116691930,2020-03-25T06:11:31.930Z,buy,1.429e-05,729.0,0.01041741
EDO/BTC,1585116745993,2020-03-25T06:12:25.993Z,sell,1.426e-05,404.0,0.00576104
EDO/BTC,1585116745993,2020-03-25T06:12:25.993Z,sell,1.425e-05,140.0,0.0019950000000000002
EDO/BTC,1585116745993,2020-03-25T06:12:25.993Z,sell,1.424e-05,1682.0,0.02395168
EDO/BTC,1585116768514,2020-03-25T06:12:48.514Z,sell,1.425e-05,19.0,0.00027075
EDO/BTC,1585116768514,2020-03-25T06:12:48.514Z,sell,1.424e-05,253.0,0.00360272
EDO/BTC,1585116775013,2020-03-25T06:12:55.013Z,sell,1.424e-05,2105.0,0.029975199999999997
EDO/BTC,1585117180925,2020-03-25T06:19:40.925Z,sell,1.426e-05,212.0,0.0030231200000000002
EDO/BTC,1585117180925,2020-03-25T06:19:40.925Z,sell,1.424e-05,37424.0,0.53291776
EDO/BTC,1585117181143,2020-03-25T06:19:41.143Z,sell,1.422e-05,8.0,0.00011376
EDO/BTC,1585117216850,2020-03-25T06:20:16.850Z,sell,1.415e-05,11307.0,0.15999405
EDO/BTC,1585117223240,2020-03-25T06:20:23.240Z,sell,1.41e-05,1473.0,0.0207693
EDO/BTC,1585117224406,2020-03-25T06:20:24.406Z,buy,1.414e-05,99.0,0.00139986
EDO/BTC,1585117227002,2020-03-25T06:20:27.002Z,buy,1.412e-05,18.0,0.00025416
EDO/BTC,1585117241545,2020-03-25T06:20:41.545Z,sell,1.41e-05,590.0,0.008319
EDO/BTC,1585117244431,2020-03-25T06:20:44.431Z,buy,1.41e-05,588.0,0.008290800000000001
EDO/BTC,1585117267232,2020-03-25T06:21:07.232Z,sell,1.407e-05,470.0,0.0066129000000000005
EDO/BTC,1585117267232,2020-03-25T06:21:07.232Z,sell,1.406e-05,141.0,0.0019824599999999997
EDO/BTC,1585117267330,2020-03-25T06:21:07.330Z,buy,1.406e-05,94.0,0.00132164
EDO/BTC,1585117267441,2020-03-25T06:21:07.441Z,buy,1.406e-05,1816.0,0.025532959999999997
EDO/BTC,1585117267543,2020-03-25T06:21:07.543Z,buy,1.406e-05,8.0,0.00011248
EDO/BTC,1585117269013,2020-03-25T06:21:09.013Z,buy,1.406e-05,92.0,0.0012935199999999998
EDO/BTC,1585117277385,2020-03-25T06:21:17.385Z,buy,1.405e-05,96.0,0.0013487999999999998
EDO/BTC,1585117278483,2020-03-25T06:21:18.483Z,buy,1.405e-05,44.0,0.0006182
EDO/BTC,1585117279331,2020-03-25T06:21:19.331Z,sell,1.406e-05,36.0,0.00050616
EDO/BTC,1585117288775,2020-03-25T06:21:28.775Z,sell,1.403e-05,1264.0,0.01773392
EDO/BTC,1585117299699,2020-03-25T06:21:39.699Z,buy,1.413e-05,2.0,2.826e-05
EDO/BTC,1585117309208,2020-03-25T06:21:49.208Z,sell,1.403e-05,125.0,0.0017537499999999999
EDO/BTC,1585117313979,2020-03-25T06:21:53.979Z,sell,1.4e-05,38.0,0.000532
EDO/BTC,1585117313979,2020-03-25T06:21:53.979Z,sell,1.399e-05,1192.0,0.01667608
EDO/BTC,1585117314074,2020-03-25T06:21:54.074Z,sell,1.399e-05,37.0,0.00051763
EDO/BTC,1585117327290,2020-03-25T06:22:07.290Z,buy,1.403e-05,256.0,0.00359168
EDO/BTC,1585117350739,2020-03-25T06:22:30.739Z,sell,1.399e-05,378.0,0.00528822
EDO/BTC,1585117350739,2020-03-25T06:22:30.739Z,sell,1.394e-05,1272.0,0.01773168
EDO/BTC,1585117350746,2020-03-25T06:22:30.746Z,buy,1.394e-05,675.0,0.0094095
EDO/BTC,1585117443409,2020-03-25T06:24:03.409Z,sell,1.393e-05,422.0,0.00587846
EDO/BTC,1585117443409,2020-03-25T06:24:03.409Z,sell,1.392e-05,1274.0,0.01773408
EDO/BTC,1585117443409,2020-03-25T06:24:03.409Z,sell,1.389e-05,1672.0,0.02322408
EDO/BTC,1585117443409,2020-03-25T06:24:03.409Z,sell,1.387e-05,1675.0,0.02323225
EDO/BTC,1585117443409,2020-03-25T06:24:03.409Z,sell,1.386e-05,26.0,0.00036036
EDO/BTC,1585117443409,2020-03-25T06:24:03.409Z,sell,1.385e-05,433.0,0.005997049999999999
EDO/BTC,1585117443409,2020-03-25T06:24:03.409Z,sell,1.382e-05,1215.0,0.0167913
EDO/BTC,1585117443409,2020-03-25T06:24:03.409Z,sell,1.381e-05,6549.0,0.09044169
EDO/BTC,1585117443409,2020-03-25T06:24:03.409Z,sell,1.379e-05,1620.0,0.0223398
EDO/BTC,1585117443409,2020-03-25T06:24:03.409Z,sell,1.376e-05,2321.0,0.03193696
EDO/BTC,1585117443424,2020-03-25T06:24:03.424Z,buy,1.375e-05,139.0,0.00191125
EDO/BTC,1585117443424,2020-03-25T06:24:03.424Z,buy,1.375e-05,139.0,0.00191125
EDO/BTC,1585117443424,2020-03-25T06:24:03.424Z,buy,1.375e-05,122.0,0.0016775
EDO/BTC,1585117443424,2020-03-25T06:24:03.424Z,buy,1.376e-05,17.0,0.00023392
EDO/BTC,1585117443424,2020-03-25T06:24:03.424Z,buy,1.376e-05,122.0,0.00167872
EDO/BTC,1585117443441,2020-03-25T06:24:03.441Z,buy,1.379e-05,472.0,0.00650888
EDO/BTC,1585117443445,2020-03-25T06:24:03.445Z,buy,1.379e-05,314.0,0.00433006
EDO/BTC,1585117443476,2020-03-25T06:24:03.476Z,sell,1.382e-05,171.0,0.00236322
EDO/BTC,1585117443499,2020-03-25T06:24:03.499Z,sell,1.382e-05,301.0,0.00415982
EDO/BTC,1585117443529,2020-03-25T06:24:03.529Z,buy,1.381e-05,461.0,0.00636641
EDO/BTC,1585117443742,2020-03-25T06:24:03.742Z,buy,1.393e-05,8.0,0.00011144
EDO/BTC,1585117443883,2020-03-25T06:24:03.883Z,sell,1.376e-05,50.0,0.000688
EDO/BTC,1585117444025,2020-03-25T06:24:04.025Z,buy,1.386e-05,18.0,0.00024948
EDO/BTC,1585117444025,2020-03-25T06:24:04.025Z,buy,1.387e-05,231.0,0.00320397
EDO/BTC,1585117444793,2020-03-25T06:24:04.793Z,buy,1.387e-05,249.0,0.0034536299999999996
EDO/BTC,1585117452212,2020-03-25T06:24:12.212Z,buy,1.384e-05,181.0,0.00250504
EDO/BTC,1585117453231,2020-03-25T06:24:13.231Z,buy,1.384e-05,172.0,0.00238048
EDO/BTC,1585117453245,2020-03-25T06:24:13.245Z,sell,1.384e-05,547.0,0.00757048
EDO/BTC,1585117473042,2020-03-25T06:24:33.042Z,sell,1.384e-05,787.0,0.01089208
EDO/BTC,1585117508615,2020-03-25T06:25:08.615Z,sell,1.384e-05,1332.0,0.01843488
EDO/BTC,1585117508615,2020-03-25T06:25:08.615Z,sell,1.384e-05,1076.0,0.01489184
EDO/BTC,1585117508615,2020-03-25T06:25:08.615Z,sell,1.383e-05,215.0,0.00297345
EDO/BTC,1585117556233,2020-03-25T06:25:56.233Z,buy,1.385e-05,227.0,0.00314395
EDO/BTC,1585117556233,2020-03-25T06:25:56.233Z,buy,1.386e-05,374.0,0.00518364
EDO/BTC,1585117556233,2020-03-25T06:25:56.233Z,buy,1.386e-05,1.0,1.386e-05
EDO/BTC,1585117556239,2020-03-25T06:25:56.239Z,buy,1.387e-05,189.0,0.0026214299999999997
EDO/BTC,1585117556275,2020-03-25T06:25:56.275Z,buy,1.394e-05,140.0,0.0019516
EDO/BTC,1585117556508,2020-03-25T06:25:56.508Z,sell,1.387e-05,38.0,0.00052706
EDO/BTC,1585117560404,2020-03-25T06:26:00.404Z,buy,1.386e-05,270.0,0.0037421999999999998
EDO/BTC,1585117620314,2020-03-25T06:27:00.314Z,sell,1.383e-05,102.0,0.00141066
EDO/BTC,1585117748836,2020-03-25T06:29:08.836Z,buy,1.384e-05,22.0,0.00030448
EDO/BTC,1585117818708,2020-03-25T06:30:18.708Z,buy,1.384e-05,412.0,0.00570208
EDO/BTC,1585117892097,2020-03-25T06:31:32.097Z,sell,1.385e-05,1194.0,0.0165369
EDO/BTC,1585117941583,2020-03-25T06:32:21.583Z,sell,1.385e-05,292.0,0.0040441999999999995
EDO/BTC,1585118015158,2020-03-25T06:33:35.158Z,sell,1.386e-05,383.0,0.00530838
EDO/BTC,1585118081888,2020-03-25T06:34:41.888Z,sell,1.386e-05,1060.0,0.014691599999999999
EDO/BTC,1585118093618,2020-03-25T06:34:53.618Z,buy,1.386e-05,47.0,0.00065142
EDO/BTC,1585118137948,2020-03-25T06:35:37.948Z,sell,1.385e-05,192.0,0.0026592
EDO/BTC,1585118203839,2020-03-25T06:36:43.839Z,buy,1.386e-05,1206.0,0.01671516
EDO/BTC,1585118203839,2020-03-25T06:36:43.839Z,buy,1.387e-05,592.0,0.00821104
EDO/BTC,1585118203839,2020-03-25T06:36:43.839Z,buy,1.388e-05,1020.0,0.0141576
EDO/BTC,1585118203839,2020-03-25T06:36:43.839Z,buy,1.389e-05,2121.0,0.02946069
EDO/BTC,1585118203839,2020-03-25T06:36:43.839Z,buy,1.391e-05,692.0,0.00962572
EDO/BTC,1585118203839,2020-03-25T06:36:43.839Z,buy,1.394e-05,1453.0,0.02025482
EDO/BTC,1585118203839,2020-03-25T06:36:43.839Z,buy,1.399e-05,455.0,0.00636545
EDO/BTC,1585118203839,2020-03-25T06:36:43.839Z,buy,1.402e-05,1924.0,0.02697448
