symbol,timestamp,datetime,side,price,amount,btc_volume
EVX/BTC,1610053204203,2021-01-07T21:00:04.203Z,sell,1.058e-05,141.0,0.00149178
EVX/BTC,1610053205523,2021-01-07T21:00:05.523Z,buy,1.058e-05,584.0,0.00617872
EVX/BTC,1610053212720,2021-01-07T21:00:12.720Z,sell,1.056e-05,129.0,0.00136224
EVX/BTC,1610053212720,2021-01-07T21:00:12.720Z,sell,1.052e-05,789.0,0.00830028
EVX/BTC,1610053212720,2021-01-07T21:00:12.720Z,sell,1.051e-05,211.0,0.00221761
EVX/BTC,1610053212720,2021-01-07T21:00:12.720Z,sell,1.048e-05,192.0,0.00201216
EVX/BTC,1610053212720,2021-01-07T21:00:12.720Z,sell,1.047e-05,954.0,0.00998838
EVX/BTC,1610053212720,2021-01-07T21:00:12.720Z,sell,1.046e-05,192.0,0.00200832
EVX/BTC,1610053212720,2021-01-07T21:00:12.720Z,sell,1.044e-05,159.0,0.00165996
EVX/BTC,1610053212720,2021-01-07T21:00:12.720Z,sell,1.043e-05,617.0,0.00643531
EVX/BTC,1610053212720,2021-01-07T21:00:12.720Z,sell,1.042e-05,5681.0,0.05919602
EVX/BTC,1610053212720,2021-01-07T21:00:12.720Z,sell,1.042e-05,22.0,0.00022924
EVX/BTC,1610053215874,2021-01-07T21:00:15.874Z,sell,1.047e-05,477.0,0.00499419
EVX/BTC,1610053215874,2021-01-07T21:00:15.874Z,sell,1.043e-05,1241.0,0.01294363
EVX/BTC,1610053215874,2021-01-07T21:00:15.874Z,sell,1.041e-05,287.0,0.00298767
EVX/BTC,1610053215874,2021-01-07T21:00:15.874Z,sell,1.036e-05,392.0,0.0040611200000000005
EVX/BTC,1610053215874,2021-01-07T21:00:15.874Z,sell,1.034e-05,34.0,0.00035156
EVX/BTC,1610053216056,2021-01-07T21:00:16.056Z,sell,1.043e-05,34.0,0.00035462
EVX/BTC,1610053217204,2021-01-07T21:00:17.204Z,sell,1.034e-05,1334.0,0.01379356
EVX/BTC,1610053217204,2021-01-07T21:00:17.204Z,sell,1.033e-05,789.0,0.008150369999999999
EVX/BTC,1610053217204,2021-01-07T21:00:17.204Z,sell,1.032e-05,522.0,0.00538704
EVX/BTC,1610053217204,2021-01-07T21:00:17.204Z,sell,1.03e-05,352.0,0.0036255999999999997
EVX/BTC,1610053220315,2021-01-07T21:00:20.315Z,sell,1.031e-05,673.0,0.0069386299999999995
EVX/BTC,1610053220315,2021-01-07T21:00:20.315Z,sell,1.03e-05,1938.0,0.0199614
EVX/BTC,1610053220315,2021-01-07T21:00:20.315Z,sell,1.029e-05,566.0,0.00582414
EVX/BTC,1610053221044,2021-01-07T21:00:21.044Z,buy,1.045e-05,739.0,0.00772255
EVX/BTC,1610053221044,2021-01-07T21:00:21.044Z,buy,1.046e-05,141.0,0.00147486
EVX/BTC,1610053221044,2021-01-07T21:00:21.044Z,buy,1.047e-05,24.0,0.00025128
EVX/BTC,1610053221044,2021-01-07T21:00:21.044Z,buy,1.05e-05,464.0,0.004872
EVX/BTC,1610053230257,2021-01-07T21:00:30.257Z,buy,1.039e-05,94.0,0.00097666
EVX/BTC,1610053236315,2021-01-07T21:00:36.315Z,buy,1.032e-05,58.0,0.0005985599999999999
EVX/BTC,1610053236596,2021-01-07T21:00:36.596Z,sell,1.031e-05,236.0,0.0024331599999999998
EVX/BTC,1610053236640,2021-01-07T21:00:36.640Z,sell,1.031e-05,280.0,0.0028867999999999997
EVX/BTC,1610053236846,2021-01-07T21:00:36.846Z,buy,1.031e-05,96.0,0.00098976
EVX/BTC,1610053237334,2021-01-07T21:00:37.334Z,buy,1.031e-05,2759.0,0.028445289999999998
EVX/BTC,1610053237742,2021-01-07T21:00:37.742Z,buy,1.033e-05,44.0,0.00045452
EVX/BTC,1610053244883,2021-01-07T21:00:44.883Z,sell,1.034e-05,142.0,0.00146828
EVX/BTC,1610053244883,2021-01-07T21:00:44.883Z,sell,1.033e-05,161.0,0.0016631299999999999
EVX/BTC,1610053246318,2021-01-07T21:00:46.318Z,buy,1.042e-05,360.0,0.0037512
EVX/BTC,1610053249676,2021-01-07T21:00:49.676Z,sell,1.031e-05,405.0,0.00417555
EVX/BTC,1610053251462,2021-01-07T21:00:51.462Z,buy,1.041e-05,24.0,0.00024984
EVX/BTC,1610053273311,2021-01-07T21:01:13.311Z,buy,1.036e-05,386.0,0.00399896
EVX/BTC,1610053302629,2021-01-07T21:01:42.629Z,sell,1.035e-05,447.0,0.00462645
EVX/BTC,1610053302629,2021-01-07T21:01:42.629Z,sell,1.032e-05,499.0,0.005149679999999999
EVX/BTC,1610053302629,2021-01-07T21:01:42.629Z,sell,1.031e-05,1551.0,0.015990809999999998
EVX/BTC,1610053314706,2021-01-07T21:01:54.706Z,buy,1.033e-05,161.0,0.0016631299999999999
EVX/BTC,1610053315630,2021-01-07T21:01:55.630Z,sell,1.031e-05,5166.0,0.05326146
EVX/BTC,1610053326284,2021-01-07T21:02:06.284Z,buy,1.028e-05,718.0,0.00738104
EVX/BTC,1610053330347,2021-01-07T21:02:10.347Z,buy,1.027e-05,379.0,0.00389233
EVX/BTC,1610053332965,2021-01-07T21:02:12.965Z,sell,1.027e-05,486.0,0.00499122
EVX/BTC,1610053332965,2021-01-07T21:02:12.965Z,sell,1.026e-05,549.0,0.00563274
EVX/BTC,1610053358867,2021-01-07T21:02:38.867Z,sell,1.026e-05,2721.0,0.02791746
EVX/BTC,1610053361933,2021-01-07T21:02:41.933Z,sell,1.026e-05,9161.0,0.09399186
EVX/BTC,1610053370344,2021-01-07T21:02:50.344Z,buy,1.026e-05,5541.0,0.05685066
EVX/BTC,1610053389780,2021-01-07T21:03:09.780Z,sell,1.026e-05,355.0,0.0036423000000000002
EVX/BTC,1610053427062,2021-01-07T21:03:47.062Z,sell,1.026e-05,1315.0,0.0134919
EVX/BTC,1610053462490,2021-01-07T21:04:22.490Z,sell,1.026e-05,128.0,0.00131328
EVX/BTC,1610053490999,2021-01-07T21:04:50.999Z,buy,1.029e-05,1074.0,0.011051459999999999
EVX/BTC,1610053508393,2021-01-07T21:05:08.393Z,buy,1.028e-05,1284.0,0.01319952
EVX/BTC,1610053508800,2021-01-07T21:05:08.800Z,buy,1.028e-05,279.0,0.00286812
EVX/BTC,1610053516421,2021-01-07T21:05:16.421Z,sell,1.026e-05,2000.0,0.02052
EVX/BTC,1610053560090,2021-01-07T21:06:00.090Z,sell,1.026e-05,446.0,0.0045759600000000004
EVX/BTC,1610053560090,2021-01-07T21:06:00.090Z,sell,1.025e-05,19.0,0.00019475
EVX/BTC,1610053560090,2021-01-07T21:06:00.090Z,sell,1.024e-05,399.0,0.00408576
EVX/BTC,1610053560090,2021-01-07T21:06:00.090Z,sell,1.02e-05,490.0,0.004998000000000001
EVX/BTC,1610053560090,2021-01-07T21:06:00.090Z,sell,1.019e-05,2323.0,0.02367137
EVX/BTC,1610053575238,2021-01-07T21:06:15.238Z,buy,1.015e-05,96.0,0.0009743999999999999
EVX/BTC,1610053575648,2021-01-07T21:06:15.648Z,buy,1.016e-05,961.0,0.00976376
EVX/BTC,1610053575655,2021-01-07T21:06:15.655Z,sell,1.014e-05,96.0,0.0009734399999999999
EVX/BTC,1610053577145,2021-01-07T21:06:17.145Z,sell,1.014e-05,46.0,0.00046644
EVX/BTC,1610053577206,2021-01-07T21:06:17.206Z,buy,1.014e-05,147.0,0.00149058
EVX/BTC,1610053577290,2021-01-07T21:06:17.290Z,buy,1.015e-05,96.0,0.0009743999999999999
EVX/BTC,1610053597380,2021-01-07T21:06:37.380Z,buy,1.02e-05,545.0,0.005559000000000001
EVX/BTC,1610053665349,2021-01-07T21:07:45.349Z,sell,1.018e-05,1072.0,0.010912960000000001
EVX/BTC,1610053673264,2021-01-07T21:07:53.264Z,sell,1.018e-05,2000.0,0.020360000000000003
EVX/BTC,1610053700175,2021-01-07T21:08:20.175Z,buy,1.023e-05,322.0,0.00329406
EVX/BTC,1610053739554,2021-01-07T21:08:59.554Z,buy,1.023e-05,713.0,0.00729399
EVX/BTC,1610053740542,2021-01-07T21:09:00.542Z,buy,1.024e-05,2440.0,0.0249856
EVX/BTC,1610053741033,2021-01-07T21:09:01.033Z,buy,1.025e-05,7302.0,0.0748455
EVX/BTC,1610053743403,2021-01-07T21:09:03.403Z,buy,1.026e-05,77.0,0.00079002
EVX/BTC,1610053744661,2021-01-07T21:09:04.661Z,sell,1.026e-05,252.0,0.00258552
EVX/BTC,1610053744671,2021-01-07T21:09:04.671Z,sell,1.026e-05,100.0,0.001026
EVX/BTC,1610053771329,2021-01-07T21:09:31.329Z,buy,1.028e-05,556.0,0.00571568
EVX/BTC,1610053796022,2021-01-07T21:09:56.022Z,buy,1.04e-05,192.0,0.0019968
EVX/BTC,1610053796360,2021-01-07T21:09:56.360Z,sell,1.035e-05,94.0,0.0009729
EVX/BTC,1610053796543,2021-01-07T21:09:56.543Z,buy,1.038e-05,58.0,0.0006020400000000001
EVX/BTC,1610053798327,2021-01-07T21:09:58.327Z,sell,1.038e-05,38.0,0.00039444
EVX/BTC,1610053798327,2021-01-07T21:09:58.327Z,sell,1.035e-05,225.0,0.0023287499999999997
EVX/BTC,1610053798327,2021-01-07T21:09:58.327Z,sell,1.034e-05,2.0,2.068e-05
EVX/BTC,1610053829577,2021-01-07T21:10:29.577Z,sell,1.03e-05,141.0,0.0014523
EVX/BTC,1610053829577,2021-01-07T21:10:29.577Z,sell,1.029e-05,204.0,0.00209916
EVX/BTC,1610053856505,2021-01-07T21:10:56.505Z,sell,1.03e-05,14.0,0.00014419999999999998
EVX/BTC,1610053880684,2021-01-07T21:11:20.684Z,sell,1.034e-05,136.0,0.00140624
EVX/BTC,1610053880684,2021-01-07T21:11:20.684Z,sell,1.031e-05,713.0,0.00735103
EVX/BTC,1610053880684,2021-01-07T21:11:20.684Z,sell,1.03e-05,1236.0,0.012730799999999999
EVX/BTC,1610053880684,2021-01-07T21:11:20.684Z,sell,1.029e-05,949.0,0.00976521
EVX/BTC,1610053880684,2021-01-07T21:11:20.684Z,sell,1.028e-05,1397.0,0.01436116
EVX/BTC,1610053880684,2021-01-07T21:11:20.684Z,sell,1.024e-05,564.0,0.00577536
EVX/BTC,1610053958310,2021-01-07T21:12:38.310Z,sell,1.025e-05,236.0,0.002419
EVX/BTC,1610053974492,2021-01-07T21:12:54.492Z,sell,1.025e-05,232.0,0.002378
EVX/BTC,1610053989087,2021-01-07T21:13:09.087Z,sell,1.024e-05,43.0,0.00044032
EVX/BTC,1610054035488,2021-01-07T21:13:55.488Z,buy,1.026e-05,45.0,0.0004617
EVX/BTC,1610054072880,2021-01-07T21:14:32.880Z,buy,1.026e-05,352.0,0.00361152
EVX/BTC,1610054072880,2021-01-07T21:14:32.880Z,buy,1.027e-05,97.0,0.00099619
EVX/BTC,1610054092496,2021-01-07T21:14:52.496Z,buy,1.028e-05,22.0,0.00022616
EVX/BTC,1610054186546,2021-01-07T21:16:26.546Z,sell,1.026e-05,48.0,0.00049248
EVX/BTC,1610054190354,2021-01-07T21:16:30.354Z,sell,1.026e-05,123.0,0.00126198
EVX/BTC,1610054190354,2021-01-07T21:16:30.354Z,sell,1.025e-05,2247.0,0.02303175
EVX/BTC,1610054190354,2021-01-07T21:16:30.354Z,sell,1.024e-05,2072.0,0.02121728
EVX/BTC,1610054190354,2021-01-07T21:16:30.354Z,sell,1.022e-05,923.0,0.00943306
EVX/BTC,1610054190354,2021-01-07T21:16:30.354Z,sell,1.02e-05,981.0,0.0100062
EVX/BTC,1610054252579,2021-01-07T21:17:32.579Z,sell,1.021e-05,145.0,0.0014804500000000001
EVX/BTC,1610054258805,2021-01-07T21:17:38.805Z,buy,1.021e-05,97.0,0.00099037
EVX/BTC,1610054435924,2021-01-07T21:20:35.924Z,buy,1.028e-05,534.0,0.00548952
EVX/BTC,1610054516243,2021-01-07T21:21:56.243Z,buy,1.028e-05,1671.0,0.01717788
EVX/BTC,1610054626188,2021-01-07T21:23:46.188Z,sell,1.023e-05,100.0,0.001023
EVX/BTC,1610054651612,2021-01-07T21:24:11.612Z,buy,1.03e-05,100.0,0.0010299999999999999
EVX/BTC,1610054651612,2021-01-07T21:24:11.612Z,buy,1.031e-05,713.0,0.00735103
EVX/BTC,1610054651612,2021-01-07T21:24:11.612Z,buy,1.032e-05,156.0,0.00160992
EVX/BTC,1610054662420,2021-01-07T21:24:22.420Z,sell,1.022e-05,251.0,0.00256522
EVX/BTC,1610054662420,2021-01-07T21:24:22.420Z,sell,1.021e-05,711.0,0.007259310000000001
EVX/BTC,1610054662420,2021-01-07T21:24:22.420Z,sell,1.02e-05,7.0,7.14e-05
EVX/BTC,1610054899384,2021-01-07T21:28:19.384Z,buy,1.031e-05,59.0,0.0006082899999999999
EVX/BTC,1610054929083,2021-01-07T21:28:49.083Z,buy,1.031e-05,713.0,0.00735103
EVX/BTC,1610054929083,2021-01-07T21:28:49.083Z,buy,1.032e-05,857.0,0.00884424
EVX/BTC,1610054944930,2021-01-07T21:29:04.930Z,buy,1.031e-05,429.0,0.00442299
EVX/BTC,1610054954676,2021-01-07T21:29:14.676Z,buy,1.03e-05,106.0,0.0010918
EVX/BTC,1610054959892,2021-01-07T21:29:19.892Z,buy,1.03e-05,26.0,0.0002678
EVX/BTC,1610055022255,2021-01-07T21:30:22.255Z,buy,1.032e-05,71.0,0.00073272
EVX/BTC,1610055090172,2021-01-07T21:31:30.172Z,sell,1.026e-05,94.0,0.00096444
EVX/BTC,1610055106629,2021-01-07T21:31:46.629Z,sell,1.028e-05,87.0,0.00089436
EVX/BTC,1610055106629,2021-01-07T21:31:46.629Z,sell,1.026e-05,233.0,0.00239058
EVX/BTC,1610055130924,2021-01-07T21:32:10.924Z,buy,1.026e-05,194.0,0.00199044
EVX/BTC,1610055131457,2021-01-07T21:32:11.457Z,buy,1.026e-05,97.0,0.00099522
EVX/BTC,1610055185510,2021-01-07T21:33:05.510Z,buy,1.029e-05,44.0,0.00045275999999999997
EVX/BTC,1610055396252,2021-01-07T21:36:36.252Z,sell,1.021e-05,148.0,0.0015110800000000001
EVX/BTC,1610055611914,2021-01-07T21:40:11.914Z,sell,1.02e-05,618.0,0.0063036
EVX/BTC,1610055611914,2021-01-07T21:40:11.914Z,sell,1.019e-05,1072.0,0.010923680000000002
EVX/BTC,1610055611914,2021-01-07T21:40:11.914Z,sell,1.018e-05,2508.0,0.025531440000000002
EVX/BTC,1610055693642,2021-01-07T21:41:33.642Z,buy,1.025e-05,372.0,0.003813
EVX/BTC,1610055695459,2021-01-07T21:41:35.459Z,sell,1.018e-05,3775.0,0.038429500000000005
EVX/BTC,1610055695869,2021-01-07T21:41:35.869Z,sell,1.017e-05,125.0,0.0012712499999999998
EVX/BTC,1610055779383,2021-01-07T21:42:59.383Z,sell,1.017e-05,12.0,0.00012203999999999999
EVX/BTC,1610056131489,2021-01-07T21:48:51.489Z,sell,1.02e-05,245.0,0.0024990000000000004
EVX/BTC,1610056166893,2021-01-07T21:49:26.893Z,sell,1.017e-05,482.0,0.00490194
EVX/BTC,1610056177233,2021-01-07T21:49:37.233Z,sell,1.012e-05,164.0,0.00165968
EVX/BTC,1610056183035,2021-01-07T21:49:43.035Z,buy,1.012e-05,197.0,0.00199364
EVX/BTC,1610056183879,2021-01-07T21:49:43.879Z,buy,1.012e-05,177.0,0.00179124
EVX/BTC,1610056196373,2021-01-07T21:49:56.373Z,sell,1.012e-05,20.0,0.0002024
EVX/BTC,1610056202884,2021-01-07T21:50:02.884Z,sell,1.009e-05,2408.0,0.02429672
EVX/BTC,1610056203182,2021-01-07T21:50:03.182Z,buy,1.012e-05,10.0,0.0001012
EVX/BTC,1610056212883,2021-01-07T21:50:12.883Z,sell,1.011e-05,63.0,0.00063693
EVX/BTC,1610056229723,2021-01-07T21:50:29.723Z,sell,1.011e-05,31.0,0.00031340999999999997
EVX/BTC,1610056246861,2021-01-07T21:50:46.861Z,sell,1.011e-05,213.0,0.00215343
EVX/BTC,1610056260813,2021-01-07T21:51:00.813Z,sell,1.009e-05,840.0,0.0084756
EVX/BTC,1610056277793,2021-01-07T21:51:17.793Z,sell,1.004e-05,465.0,0.0046686
EVX/BTC,1610056471910,2021-01-07T21:54:31.910Z,buy,1.014e-05,1951.0,0.019783139999999998
EVX/BTC,1610056504850,2021-01-07T21:55:04.850Z,buy,1.011e-05,338.0,0.00341718
EVX/BTC,1610056511428,2021-01-07T21:55:11.428Z,buy,1.011e-05,643.0,0.00650073
EVX/BTC,1610056520895,2021-01-07T21:55:20.895Z,sell,1.011e-05,715.0,0.00722865
EVX/BTC,1610056607883,2021-01-07T21:56:47.883Z,sell,1.012e-05,712.0,0.00720544
EVX/BTC,1610056647034,2021-01-07T21:57:27.034Z,sell,1.011e-05,1612.0,0.01629732
EVX/BTC,1610056662244,2021-01-07T21:57:42.244Z,sell,1.011e-05,13282.0,0.13428102
EVX/BTC,1610056662663,2021-01-07T21:57:42.663Z,sell,1.005e-05,2990.0,0.0300495
EVX/BTC,1610056663069,2021-01-07T21:57:43.069Z,sell,1.004e-05,3286.0,0.032991440000000004
EVX/BTC,1610056776661,2021-01-07T21:59:36.661Z,sell,1.014e-05,10.0,0.0001014
EVX/BTC,1610056776661,2021-01-07T21:59:36.661Z,sell,1.014e-05,10.0,0.0001014
EVX/BTC,1610056803825,2021-01-07T22:00:03.825Z,sell,1.004e-05,43.0,0.00043172
EVX/BTC,1610056816944,2021-01-07T22:00:16.944Z,sell,1.004e-05,86.0,0.00086344
EVX/BTC,1610056925134,2021-01-07T22:02:05.134Z,buy,1.013e-05,943.0,0.00955259
EVX/BTC,1610056925134,2021-01-07T22:02:05.134Z,buy,1.014e-05,8973.0,0.09098621999999999
EVX/BTC,1610057028638,2021-01-07T22:03:48.638Z,sell,1.014e-05,1669.0,0.01692366
EVX/BTC,1610057292086,2021-01-07T22:08:12.086Z,buy,1.016e-05,39.0,0.00039623999999999996
EVX/BTC,1610057991999,2021-01-07T22:19:51.999Z,sell,1.018e-05,710.0,0.0072278
EVX/BTC,1610057991999,2021-01-07T22:19:51.999Z,sell,1.017e-05,4634.0,0.047127779999999994
EVX/BTC,1610058011803,2021-01-07T22:20:11.803Z,sell,1.017e-05,97.0,0.00098649
EVX/BTC,1610058028815,2021-01-07T22:20:28.815Z,sell,1.017e-05,97.0,0.00098649
EVX/BTC,1610058030198,2021-01-07T22:20:30.198Z,sell,1.017e-05,194.0,0.00197298
EVX/BTC,1610058032619,2021-01-07T22:20:32.619Z,sell,1.017e-05,197.0,0.0020034899999999997
EVX/BTC,1610058032995,2021-01-07T22:20:32.995Z,sell,1.017e-05,197.0,0.0020034899999999997
EVX/BTC,1610058035332,2021-01-07T22:20:35.332Z,sell,1.017e-05,192.0,0.0019526399999999998
EVX/BTC,1610058102092,2021-01-07T22:21:42.092Z,buy,1.024e-05,39.0,0.00039936
EVX/BTC,1610058124234,2021-01-07T22:22:04.234Z,buy,1.025e-05,1422.0,0.0145755
EVX/BTC,1610058124540,2021-01-07T22:22:04.540Z,sell,1.025e-05,10.0,0.0001025
EVX/BTC,1610058141429,2021-01-07T22:22:21.429Z,buy,1.029e-05,97.0,0.00099813
EVX/BTC,1610058150202,2021-01-07T22:22:30.202Z,sell,1.027e-05,295.0,0.00302965
EVX/BTC,1610058160615,2021-01-07T22:22:40.615Z,sell,1.027e-05,19.0,0.00019513
EVX/BTC,1610058223029,2021-01-07T22:23:43.029Z,buy,1.026e-05,179.0,0.00183654
EVX/BTC,1610058223204,2021-01-07T22:23:43.204Z,sell,1.026e-05,269.0,0.00275994
EVX/BTC,1610058224739,2021-01-07T22:23:44.739Z,sell,1.026e-05,128.0,0.00131328
EVX/BTC,1610058268337,2021-01-07T22:24:28.337Z,buy,1.027e-05,392.0,0.00402584
EVX/BTC,1610058300823,2021-01-07T22:25:00.823Z,sell,1.027e-05,120.0,0.0012324
EVX/BTC,1610058306882,2021-01-07T22:25:06.882Z,sell,1.027e-05,505.0,0.00518635
EVX/BTC,1610058330760,2021-01-07T22:25:30.760Z,sell,1.025e-05,50.0,0.0005125
EVX/BTC,1610058375949,2021-01-07T22:26:15.949Z,buy,1.027e-05,49.0,0.00050323
EVX/BTC,1610058878017,2021-01-07T22:34:38.017Z,sell,1.025e-05,147.0,0.00150675
EVX/BTC,1610058890980,2021-01-07T22:34:50.980Z,sell,1.025e-05,628.0,0.006437
EVX/BTC,1610058900758,2021-01-07T22:35:00.758Z,sell,1.02e-05,3000.0,0.030600000000000002
EVX/BTC,1610058994769,2021-01-07T22:36:34.769Z,sell,1.02e-05,33.0,0.0003366
EVX/BTC,1610059094397,2021-01-07T22:38:14.397Z,buy,1.023e-05,2908.0,0.029748840000000002
EVX/BTC,1610059094397,2021-01-07T22:38:14.397Z,buy,1.024e-05,3184.0,0.03260416
EVX/BTC,1610059094397,2021-01-07T22:38:14.397Z,buy,1.025e-05,21515.0,0.22052875
EVX/BTC,1610059256026,2021-01-07T22:40:56.026Z,sell,1.023e-05,279.0,0.00285417
EVX/BTC,1610059256026,2021-01-07T22:40:56.026Z,sell,1.022e-05,713.0,0.00728686
EVX/BTC,1610059256026,2021-01-07T22:40:56.026Z,sell,1.02e-05,389.0,0.0039678000000000005
EVX/BTC,1610059283970,2021-01-07T22:41:23.970Z,sell,1.02e-05,511.0,0.0052122
EVX/BTC,1610059288400,2021-01-07T22:41:28.400Z,sell,1.014e-05,1080.0,0.0109512
EVX/BTC,1610059292007,2021-01-07T22:41:32.007Z,buy,1.024e-05,713.0,0.00730112
EVX/BTC,1610059292007,2021-01-07T22:41:32.007Z,buy,1.025e-05,799.0,0.00818975
EVX/BTC,1610059292007,2021-01-07T22:41:32.007Z,buy,1.027e-05,22400.0,0.230048
EVX/BTC,1610059409874,2021-01-07T22:43:29.874Z,buy,1.034e-05,49.0,0.0005066599999999999
EVX/BTC,1610059427923,2021-01-07T22:43:47.923Z,sell,1.034e-05,15.0,0.00015509999999999998
EVX/BTC,1610059446537,2021-01-07T22:44:06.537Z,buy,1.034e-05,48.0,0.00049632
EVX/BTC,1610059449340,2021-01-07T22:44:09.340Z,buy,1.034e-05,480.0,0.004963199999999999
EVX/BTC,1610059496823,2021-01-07T22:44:56.823Z,sell,1.035e-05,713.0,0.0073795499999999995
EVX/BTC,1610059497091,2021-01-07T22:44:57.091Z,buy,1.035e-05,42.0,0.00043469999999999994
EVX/BTC,1610059502095,2021-01-07T22:45:02.095Z,sell,1.034e-05,42.0,0.00043428
EVX/BTC,1610059505101,2021-01-07T22:45:05.101Z,buy,1.035e-05,42.0,0.00043469999999999994
EVX/BTC,1610059565256,2021-01-07T22:46:05.256Z,buy,1.034e-05,713.0,0.007372419999999999
EVX/BTC,1610059571617,2021-01-07T22:46:11.617Z,buy,1.034e-05,279.0,0.00288486
EVX/BTC,1610059578647,2021-01-07T22:46:18.647Z,buy,1.035e-05,97.0,0.00100395
EVX/BTC,1610059676077,2021-01-07T22:47:56.077Z,buy,1.035e-05,349.0,0.0036121499999999997
EVX/BTC,1610059722604,2021-01-07T22:48:42.604Z,sell,1.034e-05,48.0,0.00049632
EVX/BTC,1610059768692,2021-01-07T22:49:28.692Z,buy,1.034e-05,97.0,0.0010029799999999999
EVX/BTC,1610059772504,2021-01-07T22:49:32.504Z,sell,1.03e-05,278.0,0.0028634
EVX/BTC,1610059772504,2021-01-07T22:49:32.504Z,sell,1.029e-05,193.0,0.00198597
EVX/BTC,1610059772504,2021-01-07T22:49:32.504Z,sell,1.025e-05,713.0,0.0073082500000000005
EVX/BTC,1610059772504,2021-01-07T22:49:32.504Z,sell,1.024e-05,558.0,0.00571392
EVX/BTC,1610059772504,2021-01-07T22:49:32.504Z,sell,1.022e-05,77.0,0.0007869400000000001
EVX/BTC,1610059772504,2021-01-07T22:49:32.504Z,sell,1.016e-05,407.0,0.00413512
EVX/BTC,1610059772504,2021-01-07T22:49:32.504Z,sell,1.015e-05,99.0,0.0010048499999999998
EVX/BTC,1610059772504,2021-01-07T22:49:32.504Z,sell,1.014e-05,99.0,0.0010038599999999999
EVX/BTC,1610059772504,2021-01-07T22:49:32.504Z,sell,1.013e-05,492.0,0.00498396
EVX/BTC,1610059772504,2021-01-07T22:49:32.504Z,sell,1.012e-05,419.0,0.00424028
EVX/BTC,1610059772504,2021-01-07T22:49:32.504Z,sell,1.011e-05,98.0,0.00099078
EVX/BTC,1610059785126,2021-01-07T22:49:45.126Z,sell,1.027e-05,48.0,0.00049296
EVX/BTC,1610059798726,2021-01-07T22:49:58.726Z,sell,1.027e-05,22.0,0.00022594
EVX/BTC,1610059875095,2021-01-07T22:51:15.095Z,sell,1.027e-05,123.0,0.00126321
EVX/BTC,1610059886406,2021-01-07T22:51:26.406Z,buy,1.026e-05,10.0,0.0001026
EVX/BTC,1610060072435,2021-01-07T22:54:32.435Z,sell,1.018e-05,98.0,0.0009976400000000002
EVX/BTC,1610060258528,2021-01-07T22:57:38.528Z,buy,1.022e-05,97.0,0.00099134
EVX/BTC,1610060270278,2021-01-07T22:57:50.278Z,sell,1.016e-05,132.0,0.00134112
EVX/BTC,1610060345333,2021-01-07T22:59:05.333Z,buy,1.022e-05,86.0,0.00087892
EVX/BTC,1610060345333,2021-01-07T22:59:05.333Z,buy,1.022e-05,86.0,0.00087892
EVX/BTC,1610060390128,2021-01-07T22:59:50.128Z,buy,1.028e-05,291.0,0.00299148
EVX/BTC,1610060469987,2021-01-07T23:01:09.987Z,sell,1.03e-05,138.0,0.0014214
EVX/BTC,1610060548121,2021-01-07T23:02:28.121Z,sell,1.028e-05,642.0,0.00659976
EVX/BTC,1610060765878,2021-01-07T23:06:05.878Z,sell,1.028e-05,6009.0,0.06177252
EVX/BTC,1610060892037,2021-01-07T23:08:12.037Z,buy,1.013e-05,98.0,0.00099274
EVX/BTC,1610061030542,2021-01-07T23:10:30.542Z,buy,1.02e-05,42.0,0.0004284
EVX/BTC,1610061030542,2021-01-07T23:10:30.542Z,buy,1.021e-05,394.0,0.00402274
EVX/BTC,1610061030542,2021-01-07T23:10:30.542Z,buy,1.023e-05,713.0,0.00729399
EVX/BTC,1610061030542,2021-01-07T23:10:30.542Z,buy,1.026e-05,738.0,0.00757188
EVX/BTC,1610061030542,2021-01-07T23:10:30.542Z,buy,1.027e-05,287.0,0.00294749
EVX/BTC,1610061030542,2021-01-07T23:10:30.542Z,buy,1.028e-05,9296.0,0.09556288
EVX/BTC,1610061078034,2021-01-07T23:11:18.034Z,sell,1.013e-05,10.0,0.0001013
EVX/BTC,1610061078034,2021-01-07T23:11:18.034Z,sell,1.011e-05,39.0,0.00039429
EVX/BTC,1610061078034,2021-01-07T23:11:18.034Z,sell,1.01e-05,60.0,0.000606
EVX/BTC,1610061094461,2021-01-07T23:11:34.461Z,sell,1.013e-05,713.0,0.0072226899999999995
EVX/BTC,1610061094461,2021-01-07T23:11:34.461Z,sell,1.012e-05,187.0,0.00189244
EVX/BTC,1610061134243,2021-01-07T23:12:14.243Z,sell,1.011e-05,629.0,0.00635919
EVX/BTC,1610061134243,2021-01-07T23:12:14.243Z,sell,1.01e-05,314.0,0.0031714
EVX/BTC,1610061188545,2021-01-07T23:13:08.545Z,sell,1.009e-05,143.0,0.00144287
EVX/BTC,1610061209492,2021-01-07T23:13:29.492Z,sell,1.011e-05,86.0,0.00086946
EVX/BTC,1610061209492,2021-01-07T23:13:29.492Z,sell,1.008e-05,66.0,0.00066528
EVX/BTC,1610061219812,2021-01-07T23:13:39.812Z,sell,1.009e-05,144.0,0.00145296
EVX/BTC,1610061303377,2021-01-07T23:15:03.377Z,sell,1.007e-05,43.0,0.00043301
EVX/BTC,1610061315661,2021-01-07T23:15:15.661Z,sell,1.007e-05,21.0,0.00021147
EVX/BTC,1610061315661,2021-01-07T23:15:15.661Z,sell,1.006e-05,549.0,0.0055229400000000005
EVX/BTC,1610061372377,2021-01-07T23:16:12.377Z,sell,1.006e-05,22.0,0.00022132
EVX/BTC,1610061372377,2021-01-07T23:16:12.377Z,sell,1.005e-05,571.0,0.00573855
EVX/BTC,1610061490560,2021-01-07T23:18:10.560Z,buy,1.007e-05,39.0,0.00039273
EVX/BTC,1610061707477,2021-01-07T23:21:47.477Z,sell,1.006e-05,1445.0,0.0145367
EVX/BTC,1610061709252,2021-01-07T23:21:49.252Z,buy,1.006e-05,160.0,0.0016096
EVX/BTC,1610061880597,2021-01-07T23:24:40.597Z,sell,1.006e-05,1454.0,0.01462724
EVX/BTC,1610061907230,2021-01-07T23:25:07.230Z,sell,1.005e-05,106.0,0.0010653
EVX/BTC,1610061922649,2021-01-07T23:25:22.649Z,buy,1.006e-05,100.0,0.001006
EVX/BTC,1610062229809,2021-01-07T23:30:29.809Z,sell,1.005e-05,271.0,0.00272355
EVX/BTC,1610062308462,2021-01-07T23:31:48.462Z,buy,1.016e-05,144.0,0.0014630399999999999
EVX/BTC,1610062328047,2021-01-07T23:32:08.047Z,sell,1.016e-05,10.0,0.00010159999999999999
EVX/BTC,1610062364164,2021-01-07T23:32:44.164Z,buy,1.017e-05,100.0,0.001017
EVX/BTC,1610062747919,2021-01-07T23:39:07.919Z,sell,1.017e-05,10.0,0.00010169999999999999
EVX/BTC,1610062782173,2021-01-07T23:39:42.173Z,sell,1.017e-05,66.0,0.0006712199999999999
EVX/BTC,1610063066924,2021-01-07T23:44:26.924Z,sell,1.017e-05,26.0,0.00026441999999999997
EVX/BTC,1610063102369,2021-01-07T23:45:02.369Z,sell,1.017e-05,1060.0,0.010780199999999998
EVX/BTC,1610063495382,2021-01-07T23:51:35.382Z,buy,1.024e-05,63.0,0.00064512
EVX/BTC,1610063495733,2021-01-07T23:51:35.733Z,sell,1.017e-05,113.0,0.00114921
EVX/BTC,1610063815555,2021-01-07T23:56:55.555Z,sell,1.017e-05,118.0,0.00120006
EVX/BTC,1610063860221,2021-01-07T23:57:40.221Z,buy,1.024e-05,389.0,0.00398336
EVX/BTC,1610063873554,2021-01-07T23:57:53.554Z,sell,1.017e-05,110.0,0.0011186999999999998
EVX/BTC,1610063888558,2021-01-07T23:58:08.558Z,sell,1.019e-05,15.0,0.00015285
EVX/BTC,1610063888558,2021-01-07T23:58:08.558Z,sell,1.017e-05,164.0,0.0016678799999999998
EVX/BTC,1610063928297,2021-01-07T23:58:48.297Z,sell,1.017e-05,25.0,0.00025425
EVX/BTC,1610063928297,2021-01-07T23:58:48.297Z,sell,1.017e-05,25.0,0.00025425
EVX/BTC,1610063988917,2021-01-07T23:59:48.917Z,sell,1.016e-05,2043.0,0.02075688
EVX/BTC,1610064033284,2021-01-08T00:00:33.284Z,sell,1.016e-05,134.0,0.00136144
EVX/BTC,1610064037041,2021-01-08T00:00:37.041Z,sell,1.016e-05,115.0,0.0011684
EVX/BTC,1610064168060,2021-01-08T00:02:48.060Z,sell,1.016e-05,1462.0,0.01485392
EVX/BTC,1610064216160,2021-01-08T00:03:36.160Z,sell,1.016e-05,3053.0,0.031018479999999998
EVX/BTC,1610064224007,2021-01-08T00:03:44.007Z,sell,1.013e-05,15.0,0.00015194999999999998
EVX/BTC,1610064224007,2021-01-08T00:03:44.007Z,sell,1.01e-05,78.0,0.0007878
EVX/BTC,1610064224007,2021-01-08T00:03:44.007Z,sell,1.007e-05,15.0,0.00015105
EVX/BTC,1610064232371,2021-01-08T00:03:52.371Z,sell,1.005e-05,136.0,0.0013668
EVX/BTC,1610064232371,2021-01-08T00:03:52.371Z,sell,1.004e-05,104.0,0.0010441600000000001
EVX/BTC,1610064280365,2021-01-08T00:04:40.365Z,buy,1.012e-05,105.0,0.0010626
EVX/BTC,1610064280365,2021-01-08T00:04:40.365Z,buy,1.013e-05,728.0,0.00737464
EVX/BTC,1610064280365,2021-01-08T00:04:40.365Z,buy,1.014e-05,1775.0,0.0179985
EVX/BTC,1610064381815,2021-01-08T00:06:21.815Z,buy,1.015e-05,53.0,0.0005379499999999999
EVX/BTC,1610064381815,2021-01-08T00:06:21.815Z,buy,1.016e-05,85.0,0.0008636
EVX/BTC,1610064383262,2021-01-08T00:06:23.262Z,buy,1.015e-05,26.0,0.00026389999999999996
EVX/BTC,1610064383262,2021-01-08T00:06:23.262Z,buy,1.016e-05,41.0,0.00041655999999999996
EVX/BTC,1610064383262,2021-01-08T00:06:23.262Z,buy,1.017e-05,141.0,0.00143397
EVX/BTC,1610064383262,2021-01-08T00:06:23.262Z,buy,1.019e-05,15.0,0.00015285
EVX/BTC,1610064383435,2021-01-08T00:06:23.435Z,sell,1.02e-05,208.0,0.0021216
EVX/BTC,1610064388773,2021-01-08T00:06:28.773Z,sell,1.02e-05,111.0,0.0011322
EVX/BTC,1610064457001,2021-01-08T00:07:37.001Z,sell,1.02e-05,63.0,0.0006426
EVX/BTC,1610064598832,2021-01-08T00:09:58.832Z,sell,1.02e-05,1089.0,0.011107800000000001
EVX/BTC,1610064598832,2021-01-08T00:09:58.832Z,sell,1.016e-05,711.0,0.007223759999999999
EVX/BTC,1610064598832,2021-01-08T00:09:58.832Z,sell,1.015e-05,1773.0,0.01799595
EVX/BTC,1610064598832,2021-01-08T00:09:58.832Z,sell,1.014e-05,1276.0,0.01293864
EVX/BTC,1610064598832,2021-01-08T00:09:58.832Z,sell,1.013e-05,15.0,0.00015194999999999998
EVX/BTC,1610064650801,2021-01-08T00:10:50.801Z,buy,1.01e-05,13.0,0.0001313
EVX/BTC,1610064663390,2021-01-08T00:11:03.390Z,buy,1.011e-05,3863.0,0.03905493
EVX/BTC,1610064663390,2021-01-08T00:11:03.390Z,buy,1.016e-05,1769.0,0.01797304
EVX/BTC,1610064663593,2021-01-08T00:11:03.593Z,sell,1.017e-05,162.0,0.0016475399999999999
EVX/BTC,1610064664183,2021-01-08T00:11:04.183Z,sell,1.017e-05,516.0,0.00524772
EVX/BTC,1610064667527,2021-01-08T00:11:07.527Z,sell,1.016e-05,108.0,0.00109728
EVX/BTC,1610064825981,2021-01-08T00:13:45.981Z,buy,1.018e-05,468.0,0.00476424
EVX/BTC,1610064843997,2021-01-08T00:14:03.997Z,buy,1.019e-05,87.0,0.0008865300000000001
EVX/BTC,1610064843997,2021-01-08T00:14:03.997Z,buy,1.02e-05,199.0,0.0020298
EVX/BTC,1610064870967,2021-01-08T00:14:30.967Z,buy,1.024e-05,488.0,0.00499712
EVX/BTC,1610064870967,2021-01-08T00:14:30.967Z,buy,1.025e-05,15.0,0.00015375
EVX/BTC,1610064870967,2021-01-08T00:14:30.967Z,buy,1.027e-05,437.0,0.00448799
EVX/BTC,1610064899741,2021-01-08T00:14:59.741Z,sell,1.019e-05,15.0,0.00015285
EVX/BTC,1610064937408,2021-01-08T00:15:37.408Z,buy,1.019e-05,218.0,0.00222142
EVX/BTC,1610064949568,2021-01-08T00:15:49.568Z,buy,1.019e-05,50.0,0.0005095000000000001
EVX/BTC,1610065054498,2021-01-08T00:17:34.498Z,buy,1.019e-05,134.0,0.0013654600000000002
EVX/BTC,1610065084444,2021-01-08T00:18:04.444Z,buy,1.025e-05,15.0,0.00015375
EVX/BTC,1610065088286,2021-01-08T00:18:08.286Z,sell,1.025e-05,58.0,0.0005945
EVX/BTC,1610065090476,2021-01-08T00:18:10.476Z,sell,1.025e-05,58.0,0.0005945
EVX/BTC,1610065090779,2021-01-08T00:18:10.779Z,sell,1.025e-05,64.0,0.000656
EVX/BTC,1610065094997,2021-01-08T00:18:14.997Z,buy,1.025e-05,474.0,0.0048585
EVX/BTC,1610065111027,2021-01-08T00:18:31.027Z,buy,1.031e-05,98.0,0.00101038
EVX/BTC,1610065111027,2021-01-08T00:18:31.027Z,buy,1.032e-05,1746.0,0.01801872
EVX/BTC,1610065113821,2021-01-08T00:18:33.821Z,sell,1.033e-05,52.0,0.00053716
EVX/BTC,1610065114547,2021-01-08T00:18:34.547Z,sell,1.032e-05,70.0,0.0007224
EVX/BTC,1610065116472,2021-01-08T00:18:36.472Z,sell,1.033e-05,37.0,0.00038220999999999996
EVX/BTC,1610065156423,2021-01-08T00:19:16.423Z,sell,1.033e-05,258.0,0.00266514
EVX/BTC,1610065183500,2021-01-08T00:19:43.500Z,buy,1.033e-05,1125.0,0.01162125
EVX/BTC,1610065209686,2021-01-08T00:20:09.686Z,buy,1.033e-05,498.0,0.00514434
EVX/BTC,1610065295274,2021-01-08T00:21:35.274Z,sell,1.033e-05,388.0,0.00400804
EVX/BTC,1610065352753,2021-01-08T00:22:32.753Z,buy,1.035e-05,817.0,0.008455949999999999
EVX/BTC,1610065352753,2021-01-08T00:22:32.753Z,buy,1.036e-05,37.0,0.00038332000000000004
EVX/BTC,1610065352753,2021-01-08T00:22:32.753Z,buy,1.037e-05,15.0,0.00015555
EVX/BTC,1610065352753,2021-01-08T00:22:32.753Z,buy,1.04e-05,117.0,0.0012168
EVX/BTC,1610065446570,2021-01-08T00:24:06.570Z,buy,1.037e-05,25.0,0.00025925000000000004
EVX/BTC,1610065503660,2021-01-08T00:25:03.660Z,sell,1.033e-05,100.0,0.0010329999999999998
EVX/BTC,1610065504157,2021-01-08T00:25:04.157Z,sell,1.033e-05,10.0,0.00010329999999999999
EVX/BTC,1610065505656,2021-01-08T00:25:05.656Z,sell,1.031e-05,15.0,0.00015465
EVX/BTC,1610065517399,2021-01-08T00:25:17.399Z,sell,1.026e-05,76.0,0.00077976
EVX/BTC,1610065518069,2021-01-08T00:25:18.069Z,sell,1.025e-05,15.0,0.00015375
EVX/BTC,1610065518069,2021-01-08T00:25:18.069Z,sell,1.021e-05,181.0,0.0018480100000000002
EVX/BTC,1610065547195,2021-01-08T00:25:47.195Z,sell,1.019e-05,185.0,0.0018851500000000002
EVX/BTC,1610065548015,2021-01-08T00:25:48.015Z,sell,1.018e-05,71.0,0.00072278
EVX/BTC,1610065551622,2021-01-08T00:25:51.622Z,sell,1.018e-05,154.0,0.00156772
EVX/BTC,1610065551622,2021-01-08T00:25:51.622Z,sell,1.017e-05,831.0,0.008451269999999999
EVX/BTC,1610065599161,2021-01-08T00:26:39.161Z,sell,1.017e-05,90.0,0.0009153
EVX/BTC,1610065701251,2021-01-08T00:28:21.251Z,buy,1.025e-05,195.0,0.00199875
EVX/BTC,1610065948137,2021-01-08T00:32:28.137Z,sell,1.024e-05,38.0,0.00038912
EVX/BTC,1610066108761,2021-01-08T00:35:08.761Z,buy,1.025e-05,399.0,0.00408975
EVX/BTC,1610066136458,2021-01-08T00:35:36.458Z,buy,1.026e-05,200.0,0.002052
EVX/BTC,1610066162105,2021-01-08T00:36:02.105Z,buy,1.031e-05,15.0,0.00015465
EVX/BTC,1610066190204,2021-01-08T00:36:30.204Z,buy,1.035e-05,137.0,0.0014179499999999999
EVX/BTC,1610066199590,2021-01-08T00:36:39.590Z,sell,1.026e-05,194.0,0.00199044
EVX/BTC,1610066207484,2021-01-08T00:36:47.484Z,buy,1.026e-05,209.0,0.00214434
EVX/BTC,1610066240300,2021-01-08T00:37:20.300Z,buy,1.026e-05,52.0,0.00053352
EVX/BTC,1610066242953,2021-01-08T00:37:22.953Z,buy,1.026e-05,236.0,0.00242136
EVX/BTC,1610066431541,2021-01-08T00:40:31.541Z,sell,1.025e-05,15.0,0.00015375
EVX/BTC,1610066431541,2021-01-08T00:40:31.541Z,sell,1.02e-05,38.0,0.00038760000000000004
EVX/BTC,1610066526697,2021-01-08T00:42:06.697Z,buy,1.025e-05,17.0,0.00017425
EVX/BTC,1610066635480,2021-01-08T00:43:55.480Z,buy,1.026e-05,214.0,0.00219564
EVX/BTC,1610066635480,2021-01-08T00:43:55.480Z,buy,1.029e-05,177.0,0.00182133
EVX/BTC,1610066635480,2021-01-08T00:43:55.480Z,buy,1.031e-05,728.0,0.00750568
EVX/BTC,1610066635480,2021-01-08T00:43:55.480Z,buy,1.032e-05,1752.0,0.01808064
EVX/BTC,1610066635480,2021-01-08T00:43:55.480Z,buy,1.035e-05,200.0,0.00207
EVX/BTC,1610066635480,2021-01-08T00:43:55.480Z,buy,1.036e-05,11939.0,0.12368804000000001
EVX/BTC,1610066657298,2021-01-08T00:44:17.298Z,buy,1.037e-05,15.0,0.00015555
EVX/BTC,1610066657504,2021-01-08T00:44:17.504Z,sell,1.037e-05,656.0,0.006802720000000001
EVX/BTC,1610066657504,2021-01-08T00:44:17.504Z,sell,1.027e-05,40.0,0.0004108
EVX/BTC,1610066658086,2021-01-08T00:44:18.086Z,sell,1.026e-05,38.0,0.00038988
EVX/BTC,1610066659060,2021-01-08T00:44:19.060Z,buy,1.026e-05,2.0,2.052e-05
EVX/BTC,1610066659060,2021-01-08T00:44:19.060Z,buy,1.027e-05,13.0,0.00013351
EVX/BTC,1610066846959,2021-01-08T00:47:26.959Z,buy,1.037e-05,53.0,0.0005496100000000001
EVX/BTC,1610066846959,2021-01-08T00:47:26.959Z,buy,1.038e-05,110.0,0.0011418
EVX/BTC,1610066919720,2021-01-08T00:48:39.720Z,sell,1.032e-05,104.0,0.00107328
EVX/BTC,1610066932230,2021-01-08T00:48:52.230Z,sell,1.032e-05,80.0,0.0008255999999999999
EVX/BTC,1610066952034,2021-01-08T00:49:12.034Z,sell,1.031e-05,10.0,0.0001031
EVX/BTC,1610067018872,2021-01-08T00:50:18.872Z,sell,1.031e-05,5.0,5.155e-05
EVX/BTC,1610067018872,2021-01-08T00:50:18.872Z,sell,1.026e-05,6.0,6.156e-05
EVX/BTC,1610067058677,2021-01-08T00:50:58.677Z,buy,1.031e-05,184.0,0.00189704
EVX/BTC,1610067058677,2021-01-08T00:50:58.677Z,buy,1.032e-05,601.0,0.00620232
EVX/BTC,1610067241372,2021-01-08T00:54:01.372Z,sell,1.026e-05,170.0,0.0017442
EVX/BTC,1610067317019,2021-01-08T00:55:17.019Z,sell,1.027e-05,13.0,0.00013351
EVX/BTC,1610067448426,2021-01-08T00:57:28.426Z,sell,1.027e-05,235.0,0.00241345
EVX/BTC,1610067448426,2021-01-08T00:57:28.426Z,sell,1.027e-05,235.0,0.00241345
EVX/BTC,1610067645308,2021-01-08T01:00:45.308Z,sell,1.026e-05,38.0,0.00038988
EVX/BTC,1610067678648,2021-01-08T01:01:18.648Z,sell,1.026e-05,691.0,0.00708966
EVX/BTC,1610068186525,2021-01-08T01:09:46.525Z,buy,1.032e-05,79.0,0.0008152799999999999
EVX/BTC,1610068186525,2021-01-08T01:09:46.525Z,buy,1.035e-05,713.0,0.0073795499999999995
EVX/BTC,1610068188109,2021-01-08T01:09:48.109Z,buy,1.037e-05,15.0,0.00015555
EVX/BTC,1610068262564,2021-01-08T01:11:02.564Z,buy,1.043e-05,15.0,0.00015645
EVX/BTC,1610068262564,2021-01-08T01:11:02.564Z,buy,1.047e-05,60.0,0.0006282
EVX/BTC,1610068262564,2021-01-08T01:11:02.564Z,buy,1.05e-05,15.0,0.00015749999999999998
EVX/BTC,1610068262564,2021-01-08T01:11:02.564Z,buy,1.053e-05,284.0,0.0029905200000000004
EVX/BTC,1610068262564,2021-01-08T01:11:02.564Z,buy,1.054e-05,632.0,0.00666128
EVX/BTC,1610068262564,2021-01-08T01:11:02.564Z,buy,1.055e-05,3994.0,0.0421367
EVX/BTC,1610068263171,2021-01-08T01:11:03.171Z,sell,1.037e-05,10.0,0.0001037
EVX/BTC,1610068281760,2021-01-08T01:11:21.760Z,sell,1.043e-05,15.0,0.00015645
EVX/BTC,1610068283850,2021-01-08T01:11:23.850Z,sell,1.037e-05,46.0,0.00047702000000000004
EVX/BTC,1610068283850,2021-01-08T01:11:23.850Z,sell,1.036e-05,150.0,0.001554
EVX/BTC,1610068287401,2021-01-08T01:11:27.401Z,sell,1.043e-05,1494.0,0.01558242
EVX/BTC,1610068417180,2021-01-08T01:13:37.180Z,buy,1.043e-05,15.0,0.00015645
EVX/BTC,1610068441842,2021-01-08T01:14:01.842Z,sell,1.043e-05,229.0,0.00238847
EVX/BTC,1610068446355,2021-01-08T01:14:06.355Z,buy,1.05e-05,206.0,0.002163
EVX/BTC,1610068446355,2021-01-08T01:14:06.355Z,buy,1.051e-05,1728.0,0.01816128
EVX/BTC,1610068449030,2021-01-08T01:14:09.030Z,sell,1.051e-05,97.0,0.00101947
EVX/BTC,1610068450568,2021-01-08T01:14:10.568Z,sell,1.051e-05,39.0,0.00040989
EVX/BTC,1610068450996,2021-01-08T01:14:10.996Z,sell,1.051e-05,98.0,0.00102998
EVX/BTC,1610068472892,2021-01-08T01:14:32.892Z,buy,1.054e-05,46.0,0.00048484000000000005
EVX/BTC,1610068495486,2021-01-08T01:14:55.486Z,sell,1.051e-05,5415.0,0.056911649999999994
EVX/BTC,1610068505655,2021-01-08T01:15:05.655Z,sell,1.05e-05,200.0,0.0021
EVX/BTC,1610068573472,2021-01-08T01:16:13.472Z,buy,1.055e-05,95.0,0.00100225
EVX/BTC,1610068597948,2021-01-08T01:16:37.948Z,buy,1.055e-05,30.0,0.0003165
EVX/BTC,1610068608817,2021-01-08T01:16:48.817Z,buy,1.055e-05,88.0,0.0009284
EVX/BTC,1610068610500,2021-01-08T01:16:50.500Z,buy,1.055e-05,45.0,0.00047475
EVX/BTC,1610068782038,2021-01-08T01:19:42.038Z,sell,1.043e-05,15.0,0.00015645
EVX/BTC,1610068785005,2021-01-08T01:19:45.005Z,buy,1.049e-05,306.0,0.0032099399999999997
EVX/BTC,1610068785005,2021-01-08T01:19:45.005Z,buy,1.05e-05,1739.0,0.018259499999999998
EVX/BTC,1610068785005,2021-01-08T01:19:45.005Z,buy,1.055e-05,21997.0,0.23206835
EVX/BTC,1610068806737,2021-01-08T01:20:06.737Z,buy,1.049e-05,270.0,0.0028323
EVX/BTC,1610068815259,2021-01-08T01:20:15.259Z,buy,1.049e-05,9730.0,0.1020677
EVX/BTC,1610068825952,2021-01-08T01:20:25.952Z,buy,1.055e-05,2009.0,0.02119495
EVX/BTC,1610068840622,2021-01-08T01:20:40.622Z,sell,1.055e-05,3172.0,0.033464600000000004
EVX/BTC,1610068868085,2021-01-08T01:21:08.085Z,buy,1.056e-05,15.0,0.0001584
EVX/BTC,1610068875536,2021-01-08T01:21:15.536Z,sell,1.057e-05,713.0,0.00753641
EVX/BTC,1610068875536,2021-01-08T01:21:15.536Z,sell,1.056e-05,2896.0,0.030581760000000003
EVX/BTC,1610068887813,2021-01-08T01:21:27.813Z,sell,1.054e-05,434.0,0.00457436
EVX/BTC,1610068901904,2021-01-08T01:21:41.904Z,buy,1.06e-05,10.0,0.000106
EVX/BTC,1610068917166,2021-01-08T01:21:57.166Z,buy,1.061e-05,182.0,0.00193102
EVX/BTC,1610068931354,2021-01-08T01:22:11.354Z,buy,1.062e-05,15.0,0.0001593
EVX/BTC,1610068931354,2021-01-08T01:22:11.354Z,buy,1.067e-05,713.0,0.007607709999999999
EVX/BTC,1610068931354,2021-01-08T01:22:11.354Z,buy,1.068e-05,1272.0,0.01358496
EVX/BTC,1610068944976,2021-01-08T01:22:24.976Z,buy,1.07e-05,11.0,0.00011769999999999999
EVX/BTC,1610068946305,2021-01-08T01:22:26.305Z,buy,1.07e-05,1110.0,0.011876999999999999
EVX/BTC,1610068957346,2021-01-08T01:22:37.346Z,buy,1.072e-05,39.0,0.00041808000000000004
EVX/BTC,1610068958252,2021-01-08T01:22:38.252Z,sell,1.072e-05,83.0,0.0008897600000000001
EVX/BTC,1610068958252,2021-01-08T01:22:38.252Z,sell,1.071e-05,25.0,0.00026775000000000003
EVX/BTC,1610068959533,2021-01-08T01:22:39.533Z,sell,1.071e-05,713.0,0.007636230000000001
EVX/BTC,1610068959533,2021-01-08T01:22:39.533Z,sell,1.07e-05,45.0,0.00048149999999999994
EVX/BTC,1610068968596,2021-01-08T01:22:48.596Z,sell,1.073e-05,159.0,0.00170607
EVX/BTC,1610068972178,2021-01-08T01:22:52.178Z,buy,1.074e-05,15.0,0.0001611
EVX/BTC,1610068972178,2021-01-08T01:22:52.178Z,buy,1.077e-05,70.0,0.0007539000000000001
EVX/BTC,1610068988475,2021-01-08T01:23:08.475Z,sell,1.077e-05,117.0,0.00126009
EVX/BTC,1610068988475,2021-01-08T01:23:08.475Z,sell,1.076e-05,41.0,0.00044116
EVX/BTC,1610068990942,2021-01-08T01:23:10.942Z,sell,1.075e-05,930.0,0.009997500000000001
EVX/BTC,1610068990942,2021-01-08T01:23:10.942Z,sell,1.073e-05,966.0,0.01036518
EVX/BTC,1610068990942,2021-01-08T01:23:10.942Z,sell,1.072e-05,1098.0,0.011770560000000001
EVX/BTC,1610068990942,2021-01-08T01:23:10.942Z,sell,1.07e-05,453.0,0.0048471
EVX/BTC,1610068996255,2021-01-08T01:23:16.255Z,sell,1.07e-05,899.0,0.009619299999999999
EVX/BTC,1610068997026,2021-01-08T01:23:17.026Z,buy,1.076e-05,99.0,0.00106524
EVX/BTC,1610068997899,2021-01-08T01:23:17.899Z,sell,1.068e-05,15.0,0.0001602
EVX/BTC,1610068997899,2021-01-08T01:23:17.899Z,sell,1.063e-05,80.0,0.0008504
EVX/BTC,1610068999308,2021-01-08T01:23:19.308Z,sell,1.062e-05,10.0,0.0001062
EVX/BTC,1610069003723,2021-01-08T01:23:23.723Z,sell,1.062e-05,5.0,5.31e-05
EVX/BTC,1610069003723,2021-01-08T01:23:23.723Z,sell,1.06e-05,49.0,0.0005194
EVX/BTC,1610069050325,2021-01-08T01:24:10.325Z,buy,1.068e-05,15.0,0.0001602
EVX/BTC,1610069050325,2021-01-08T01:24:10.325Z,buy,1.074e-05,15.0,0.0001611
EVX/BTC,1610069050325,2021-01-08T01:24:10.325Z,buy,1.075e-05,713.0,0.0076647500000000006
EVX/BTC,1610069050325,2021-01-08T01:24:10.325Z,buy,1.076e-05,676.0,0.007273760000000001
EVX/BTC,1610069050325,2021-01-08T01:24:10.325Z,buy,1.079e-05,231.0,0.00249249
EVX/BTC,1610069050325,2021-01-08T01:24:10.325Z,buy,1.08e-05,2442.0,0.0263736
EVX/BTC,1610069050325,2021-01-08T01:24:10.325Z,buy,1.081e-05,116.0,0.00125396
EVX/BTC,1610069050325,2021-01-08T01:24:10.325Z,buy,1.083e-05,117.0,0.00126711
EVX/BTC,1610069050325,2021-01-08T01:24:10.325Z,buy,1.085e-05,142.0,0.0015406999999999999
EVX/BTC,1610069050325,2021-01-08T01:24:10.325Z,buy,1.086e-05,295.0,0.0032037
EVX/BTC,1610069050325,2021-01-08T01:24:10.325Z,buy,1.089e-05,100.0,0.0010890000000000001
EVX/BTC,1610069050325,2021-01-08T01:24:10.325Z,buy,1.09e-05,122.0,0.0013298000000000001
EVX/BTC,1610069050325,2021-01-08T01:24:10.325Z,buy,1.091e-05,122.0,0.00133102
EVX/BTC,1610069050325,2021-01-08T01:24:10.325Z,buy,1.092e-05,938.0,0.01024296
EVX/BTC,1610069050325,2021-01-08T01:24:10.325Z,buy,1.093e-05,1361.0,0.01487573
EVX/BTC,1610069050325,2021-01-08T01:24:10.325Z,buy,1.096e-05,976.0,0.01069696
EVX/BTC,1610069050325,2021-01-08T01:24:10.325Z,buy,1.097e-05,85.0,0.00093245
EVX/BTC,1610069050325,2021-01-08T01:24:10.325Z,buy,1.098e-05,1724.0,0.01892952
EVX/BTC,1610069050325,2021-01-08T01:24:10.325Z,buy,1.1e-05,5188.0,0.057068
EVX/BTC,1610069058549,2021-01-08T01:24:18.549Z,sell,1.092e-05,15.0,0.0001638
EVX/BTC,1610069058549,2021-01-08T01:24:18.549Z,sell,1.089e-05,704.0,0.00766656
EVX/BTC,1610069058549,2021-01-08T01:24:18.549Z,sell,1.088e-05,281.0,0.00305728
EVX/BTC,1610069059717,2021-01-08T01:24:19.717Z,buy,1.095e-05,46.0,0.0005037
EVX/BTC,1610069060348,2021-01-08T01:24:20.348Z,buy,1.095e-05,292.0,0.0031974
EVX/BTC,1610069060348,2021-01-08T01:24:20.348Z,buy,1.097e-05,713.0,0.00782161
EVX/BTC,1610069060348,2021-01-08T01:24:20.348Z,buy,1.098e-05,15.0,0.0001647
EVX/BTC,1610069060348,2021-01-08T01:24:20.348Z,buy,1.099e-05,751.0,0.00825349
EVX/BTC,1610069060348,2021-01-08T01:24:20.348Z,buy,1.1e-05,1359.0,0.014948999999999999
EVX/BTC,1610069060448,2021-01-08T01:24:20.448Z,sell,1.086e-05,15.0,0.0001629
EVX/BTC,1610069060448,2021-01-08T01:24:20.448Z,sell,1.085e-05,107.0,0.00116095
EVX/BTC,1610069060456,2021-01-08T01:24:20.456Z,sell,1.085e-05,186.0,0.0020181
EVX/BTC,1610069061524,2021-01-08T01:24:21.524Z,buy,1.098e-05,41.0,0.00045018
EVX/BTC,1610069061524,2021-01-08T01:24:21.524Z,buy,1.099e-05,724.0,0.00795676
EVX/BTC,1610069061524,2021-01-08T01:24:21.524Z,buy,1.1e-05,789.0,0.008679
EVX/BTC,1610069061973,2021-01-08T01:24:21.973Z,sell,1.1e-05,10.0,0.00010999999999999999
EVX/BTC,1610069062861,2021-01-08T01:24:22.861Z,sell,1.1e-05,15.0,0.000165
EVX/BTC,1610069063402,2021-01-08T01:24:23.402Z,buy,1.101e-05,91.0,0.00100191
EVX/BTC,1610069064543,2021-01-08T01:24:24.543Z,sell,1.1e-05,1902.0,0.020922
EVX/BTC,1610069064543,2021-01-08T01:24:24.543Z,sell,1.093e-05,415.0,0.00453595
EVX/BTC,1610069066204,2021-01-08T01:24:26.204Z,sell,1.092e-05,15.0,0.0001638
EVX/BTC,1610069066204,2021-01-08T01:24:26.204Z,sell,1.091e-05,92.0,0.00100372
EVX/BTC,1610069066204,2021-01-08T01:24:26.204Z,sell,1.086e-05,15.0,0.0001629
EVX/BTC,1610069066204,2021-01-08T01:24:26.204Z,sell,1.081e-05,36.0,0.00038916
EVX/BTC,1610069066204,2021-01-08T01:24:26.204Z,sell,1.08e-05,15.0,0.000162
EVX/BTC,1610069066204,2021-01-08T01:24:26.204Z,sell,1.078e-05,107.0,0.00115346
EVX/BTC,1610069069063,2021-01-08T01:24:29.063Z,buy,1.086e-05,15.0,0.0001629
EVX/BTC,1610069069063,2021-01-08T01:24:29.063Z,buy,1.092e-05,15.0,0.0001638
EVX/BTC,1610069069063,2021-01-08T01:24:29.063Z,buy,1.098e-05,15.0,0.0001647
EVX/BTC,1610069069063,2021-01-08T01:24:29.063Z,buy,1.101e-05,215.0,0.0023671499999999997
EVX/BTC,1610069069063,2021-01-08T01:24:29.063Z,buy,1.102e-05,324.0,0.00357048
EVX/BTC,1610069072079,2021-01-08T01:24:32.079Z,sell,1.092e-05,728.0,0.00794976
EVX/BTC,1610069072079,2021-01-08T01:24:32.079Z,sell,1.091e-05,262.0,0.00285842
EVX/BTC,1610069078855,2021-01-08T01:24:38.855Z,sell,1.086e-05,15.0,0.0001629
EVX/BTC,1610069078855,2021-01-08T01:24:38.855Z,sell,1.085e-05,85.0,0.00092225
EVX/BTC,1610069084883,2021-01-08T01:24:44.883Z,buy,1.092e-05,15.0,0.0001638
EVX/BTC,1610069084883,2021-01-08T01:24:44.883Z,buy,1.093e-05,713.0,0.00779309
EVX/BTC,1610069084883,2021-01-08T01:24:44.883Z,buy,1.094e-05,677.0,0.007406380000000001
EVX/BTC,1610069084883,2021-01-08T01:24:44.883Z,buy,1.098e-05,15.0,0.0001647
EVX/BTC,1610069087484,2021-01-08T01:24:47.484Z,sell,1.101e-05,398.0,0.00438198
EVX/BTC,1610069089734,2021-01-08T01:24:49.734Z,sell,1.101e-05,310.0,0.0034131
EVX/BTC,1610069089734,2021-01-08T01:24:49.734Z,sell,1.1e-05,398.0,0.004378
EVX/BTC,1610069097367,2021-01-08T01:24:57.367Z,buy,1.105e-05,15.0,0.00016575
EVX/BTC,1610069104686,2021-01-08T01:25:04.686Z,sell,1.105e-05,428.0,0.0047294
EVX/BTC,1610069110602,2021-01-08T01:25:10.602Z,buy,1.099e-05,118.0,0.00129682
EVX/BTC,1610069126265,2021-01-08T01:25:26.265Z,sell,1.098e-05,10.0,0.0001098
EVX/BTC,1610069134881,2021-01-08T01:25:34.881Z,sell,1.098e-05,5.0,5.49e-05
EVX/BTC,1610069136119,2021-01-08T01:25:36.119Z,sell,1.095e-05,22.0,0.0002409
EVX/BTC,1610069136119,2021-01-08T01:25:36.119Z,sell,1.092e-05,58.0,0.00063336
EVX/BTC,1610069136119,2021-01-08T01:25:36.119Z,sell,1.091e-05,622.0,0.00678602
EVX/BTC,1610069137093,2021-01-08T01:25:37.093Z,sell,1.09e-05,43.0,0.0004687
EVX/BTC,1610069137201,2021-01-08T01:25:37.201Z,sell,1.09e-05,48.0,0.0005232
EVX/BTC,1610069143722,2021-01-08T01:25:43.722Z,sell,1.09e-05,826.0,0.0090034
EVX/BTC,1610069151643,2021-01-08T01:25:51.643Z,sell,1.088e-05,46.0,0.00050048
EVX/BTC,1610069151643,2021-01-08T01:25:51.643Z,sell,1.086e-05,15.0,0.0001629
EVX/BTC,1610069151643,2021-01-08T01:25:51.643Z,sell,1.083e-05,339.0,0.0036713699999999998
EVX/BTC,1610069151643,2021-01-08T01:25:51.643Z,sell,1.083e-05,19.0,0.00020577
EVX/BTC,1610069153403,2021-01-08T01:25:53.403Z,sell,1.08e-05,15.0,0.000162
EVX/BTC,1610069153403,2021-01-08T01:25:53.403Z,sell,1.074e-05,51.0,0.00054774
EVX/BTC,1610069153403,2021-01-08T01:25:53.403Z,sell,1.073e-05,616.0,0.006609680000000001
EVX/BTC,1610069153403,2021-01-08T01:25:53.403Z,sell,1.072e-05,369.0,0.0039556800000000005
EVX/BTC,1610069153403,2021-01-08T01:25:53.403Z,sell,1.068e-05,2792.0,0.029818559999999997
EVX/BTC,1610069161565,2021-01-08T01:26:01.565Z,sell,1.065e-05,46.0,0.0004899
EVX/BTC,1610069169133,2021-01-08T01:26:09.133Z,sell,1.065e-05,301.0,0.00320565
EVX/BTC,1610069177193,2021-01-08T01:26:17.193Z,buy,1.073e-05,286.0,0.00306878
EVX/BTC,1610069179181,2021-01-08T01:26:19.181Z,buy,1.073e-05,60.0,0.0006438
EVX/BTC,1610069179181,2021-01-08T01:26:19.181Z,buy,1.074e-05,15.0,0.0001611
EVX/BTC,1610069195322,2021-01-08T01:26:35.322Z,buy,1.08e-05,1800.0,0.01944
EVX/BTC,1610069206598,2021-01-08T01:26:46.598Z,buy,1.086e-05,180.0,0.0019548
EVX/BTC,1610069210955,2021-01-08T01:26:50.955Z,buy,1.087e-05,211.0,0.00229357
EVX/BTC,1610069212219,2021-01-08T01:26:52.219Z,buy,1.088e-05,228.0,0.0024806399999999997
EVX/BTC,1610069251023,2021-01-08T01:27:31.023Z,buy,1.089e-05,355.0,0.0038659500000000004
EVX/BTC,1610069255263,2021-01-08T01:27:35.263Z,buy,1.089e-05,14.0,0.00015246000000000001
EVX/BTC,1610069255263,2021-01-08T01:27:35.263Z,buy,1.09e-05,257.0,0.0028013
EVX/BTC,1610069269682,2021-01-08T01:27:49.682Z,sell,1.089e-05,160.0,0.0017424
EVX/BTC,1610069403445,2021-01-08T01:30:03.445Z,sell,1.08e-05,15.0,0.000162
EVX/BTC,1610069403445,2021-01-08T01:30:03.445Z,sell,1.079e-05,43.0,0.00046397
EVX/BTC,1610069403445,2021-01-08T01:30:03.445Z,sell,1.078e-05,191.0,0.00205898
EVX/BTC,1610069438219,2021-01-08T01:30:38.219Z,sell,1.078e-05,418.0,0.00450604
EVX/BTC,1610069503963,2021-01-08T01:31:43.963Z,sell,1.075e-05,186.0,0.0019995
EVX/BTC,1610069503963,2021-01-08T01:31:43.963Z,sell,1.074e-05,15.0,0.0001611
EVX/BTC,1610069503963,2021-01-08T01:31:43.963Z,sell,1.073e-05,713.0,0.00765049
EVX/BTC,1610069503963,2021-01-08T01:31:43.963Z,sell,1.072e-05,84.0,0.00090048
EVX/BTC,1610069551365,2021-01-08T01:32:31.365Z,sell,1.07e-05,34.0,0.00036379999999999995
EVX/BTC,1610069558624,2021-01-08T01:32:38.624Z,buy,1.072e-05,36.0,0.00038592000000000005
EVX/BTC,1610069568325,2021-01-08T01:32:48.325Z,sell,1.072e-05,57.0,0.0006110400000000001
EVX/BTC,1610069576958,2021-01-08T01:32:56.958Z,sell,1.07e-05,99.0,0.0010593
EVX/BTC,1610069576958,2021-01-08T01:32:56.958Z,sell,1.068e-05,323.0,0.00344964
EVX/BTC,1610069589690,2021-01-08T01:33:09.690Z,sell,1.066e-05,308.0,0.00328328
EVX/BTC,1610069591902,2021-01-08T01:33:11.902Z,sell,1.065e-05,708.0,0.0075401999999999995
EVX/BTC,1610069591902,2021-01-08T01:33:11.902Z,sell,1.064e-05,388.0,0.0041283199999999996
EVX/BTC,1610069591902,2021-01-08T01:33:11.902Z,sell,1.062e-05,1669.0,0.01772478
EVX/BTC,1610069598087,2021-01-08T01:33:18.087Z,sell,1.062e-05,701.0,0.00744462
EVX/BTC,1610069598087,2021-01-08T01:33:18.087Z,sell,1.061e-05,107.0,0.00113527
EVX/BTC,1610069600867,2021-01-08T01:33:20.867Z,buy,1.068e-05,15.0,0.0001602
EVX/BTC,1610069600867,2021-01-08T01:33:20.867Z,buy,1.074e-05,15.0,0.0001611
EVX/BTC,1610069600867,2021-01-08T01:33:20.867Z,buy,1.076e-05,92.0,0.00098992
EVX/BTC,1610069607892,2021-01-08T01:33:27.892Z,sell,1.068e-05,15.0,0.0001602
EVX/BTC,1610069610809,2021-01-08T01:33:30.809Z,buy,1.067e-05,34.0,0.00036278
EVX/BTC,1610069610809,2021-01-08T01:33:30.809Z,buy,1.068e-05,69.0,0.00073692
EVX/BTC,1610069611439,2021-01-08T01:33:31.439Z,buy,1.068e-05,357.0,0.0038127599999999997
EVX/BTC,1610069612343,2021-01-08T01:33:32.343Z,sell,1.062e-05,15.0,0.0001593
EVX/BTC,1610069630771,2021-01-08T01:33:50.771Z,buy,1.062e-05,11.0,0.00011682
EVX/BTC,1610069663938,2021-01-08T01:34:23.938Z,sell,1.056e-05,15.0,0.0001584
EVX/BTC,1610069663938,2021-01-08T01:34:23.938Z,sell,1.054e-05,402.0,0.004237080000000001
EVX/BTC,1610069670331,2021-01-08T01:34:30.331Z,sell,1.052e-05,37.0,0.00038923999999999995
EVX/BTC,1610069670331,2021-01-08T01:34:30.331Z,sell,1.05e-05,15.0,0.00015749999999999998
EVX/BTC,1610069670331,2021-01-08T01:34:30.331Z,sell,1.048e-05,98.0,0.00102704
EVX/BTC,1610069670331,2021-01-08T01:34:30.331Z,sell,1.047e-05,66.0,0.00069102
EVX/BTC,1610069670331,2021-01-08T01:34:30.331Z,sell,1.044e-05,94.0,0.00098136
EVX/BTC,1610069670331,2021-01-08T01:34:30.331Z,sell,1.043e-05,15.0,0.00015645
EVX/BTC,1610069670331,2021-01-08T01:34:30.331Z,sell,1.04e-05,165.0,0.001716
EVX/BTC,1610069683059,2021-01-08T01:34:43.059Z,sell,1.041e-05,21.0,0.00021861
EVX/BTC,1610069740754,2021-01-08T01:35:40.754Z,buy,1.049e-05,165.0,0.00173085
EVX/BTC,1610069764157,2021-01-08T01:36:04.157Z,sell,1.049e-05,25.0,0.00026225
EVX/BTC,1610069764157,2021-01-08T01:36:04.157Z,sell,1.045e-05,47.0,0.00049115
EVX/BTC,1610069765432,2021-01-08T01:36:05.432Z,buy,1.05e-05,15.0,0.00015749999999999998
EVX/BTC,1610069807501,2021-01-08T01:36:47.501Z,buy,1.054e-05,28.0,0.00029512
EVX/BTC,1610069816780,2021-01-08T01:36:56.780Z,sell,1.049e-05,42.0,0.00044058
EVX/BTC,1610069816780,2021-01-08T01:36:56.780Z,sell,1.043e-05,528.0,0.00550704
EVX/BTC,1610069817287,2021-01-08T01:36:57.287Z,buy,1.054e-05,66.0,0.0006956400000000001
EVX/BTC,1610069820180,2021-01-08T01:37:00.180Z,sell,1.055e-05,8.0,8.44e-05
EVX/BTC,1610069851987,2021-01-08T01:37:31.987Z,sell,1.043e-05,1123.0,0.01171289
EVX/BTC,1610069851987,2021-01-08T01:37:31.987Z,sell,1.042e-05,306.0,0.0031885200000000002
EVX/BTC,1610069886272,2021-01-08T01:38:06.272Z,buy,1.05e-05,7.0,7.35e-05
EVX/BTC,1610069888625,2021-01-08T01:38:08.625Z,buy,1.056e-05,15.0,0.0001584
EVX/BTC,1610069923618,2021-01-08T01:38:43.618Z,buy,1.058e-05,98.0,0.00103684
EVX/BTC,1610069924005,2021-01-08T01:38:44.005Z,buy,1.062e-05,15.0,0.0001593
EVX/BTC,1610069927062,2021-01-08T01:38:47.062Z,buy,1.068e-05,15.0,0.0001602
EVX/BTC,1610069927062,2021-01-08T01:38:47.062Z,buy,1.074e-05,13.0,0.00013962
EVX/BTC,1610069927151,2021-01-08T01:38:47.151Z,buy,1.074e-05,2.0,2.148e-05
EVX/BTC,1610069927151,2021-01-08T01:38:47.151Z,buy,1.077e-05,26.0,0.00028002
EVX/BTC,1610069932303,2021-01-08T01:38:52.303Z,sell,1.068e-05,15.0,0.0001602
EVX/BTC,1610069932303,2021-01-08T01:38:52.303Z,sell,1.062e-05,188.0,0.00199656
EVX/BTC,1610069941367,2021-01-08T01:39:01.367Z,sell,1.062e-05,228.0,0.00242136
EVX/BTC,1610069941367,2021-01-08T01:39:01.367Z,sell,1.059e-05,27.0,0.00028593
EVX/BTC,1610069948543,2021-01-08T01:39:08.543Z,sell,1.058e-05,2215.0,0.0234347
EVX/BTC,1610070041743,2021-01-08T01:40:41.743Z,buy,1.068e-05,15.0,0.0001602
EVX/BTC,1610070043319,2021-01-08T01:40:43.319Z,buy,1.074e-05,81.0,0.00086994
EVX/BTC,1610070043319,2021-01-08T01:40:43.319Z,buy,1.076e-05,26.0,0.00027976
EVX/BTC,1610070045318,2021-01-08T01:40:45.318Z,buy,1.076e-05,122.0,0.00131272
EVX/BTC,1610070048673,2021-01-08T01:40:48.673Z,sell,1.068e-05,15.0,0.0001602
EVX/BTC,1610070054074,2021-01-08T01:40:54.074Z,sell,1.062e-05,15.0,0.0001593
EVX/BTC,1610070055632,2021-01-08T01:40:55.632Z,sell,1.06e-05,43.0,0.0004558
EVX/BTC,1610070069899,2021-01-08T01:41:09.899Z,sell,1.058e-05,190.0,0.0020102
EVX/BTC,1610070071356,2021-01-08T01:41:11.356Z,buy,1.059e-05,199.0,0.00210741
EVX/BTC,1610070071356,2021-01-08T01:41:11.356Z,buy,1.06e-05,40.0,0.000424
EVX/BTC,1610070072940,2021-01-08T01:41:12.940Z,sell,1.058e-05,188.0,0.00198904
EVX/BTC,1610070075936,2021-01-08T01:41:15.936Z,sell,1.058e-05,35.0,0.0003703
EVX/BTC,1610070092532,2021-01-08T01:41:32.532Z,sell,1.058e-05,28.0,0.00029624
EVX/BTC,1610070122323,2021-01-08T01:42:02.323Z,sell,1.056e-05,11.0,0.00011616
EVX/BTC,1610070143969,2021-01-08T01:42:23.969Z,buy,1.057e-05,29.0,0.00030653
EVX/BTC,1610070253971,2021-01-08T01:44:13.971Z,sell,1.056e-05,4.0,4.224e-05
EVX/BTC,1610070253971,2021-01-08T01:44:13.971Z,sell,1.05e-05,15.0,0.00015749999999999998
EVX/BTC,1610070253971,2021-01-08T01:44:13.971Z,sell,1.046e-05,38.0,0.00039747999999999997
EVX/BTC,1610070253971,2021-01-08T01:44:13.971Z,sell,1.045e-05,298.0,0.0031141
EVX/BTC,1610070289179,2021-01-08T01:44:49.179Z,sell,1.045e-05,402.0,0.0042009
EVX/BTC,1610070291199,2021-01-08T01:44:51.199Z,sell,1.045e-05,99.0,0.00103455
EVX/BTC,1610070322127,2021-01-08T01:45:22.127Z,sell,1.045e-05,38.0,0.0003971
EVX/BTC,1610070389383,2021-01-08T01:46:29.383Z,sell,1.045e-05,13.0,0.00013585
EVX/BTC,1610070389383,2021-01-08T01:46:29.383Z,sell,1.043e-05,514.0,0.00536102
EVX/BTC,1610070409145,2021-01-08T01:46:49.145Z,sell,1.043e-05,43.0,0.00044849
EVX/BTC,1610070423804,2021-01-08T01:47:03.804Z,sell,1.043e-05,227.0,0.00236761
EVX/BTC,1610070439989,2021-01-08T01:47:19.989Z,sell,1.044e-05,10.0,0.0001044
EVX/BTC,1610070439989,2021-01-08T01:47:19.989Z,sell,1.043e-05,312.0,0.00325416
EVX/BTC,1610070439989,2021-01-08T01:47:19.989Z,sell,1.042e-05,1888.0,0.01967296
EVX/BTC,1610070451476,2021-01-08T01:47:31.476Z,sell,1.037e-05,159.0,0.00164883
EVX/BTC,1610070451476,2021-01-08T01:47:31.476Z,sell,1.036e-05,1745.0,0.018078200000000003
EVX/BTC,1610070462348,2021-01-08T01:47:42.348Z,sell,1.035e-05,663.0,0.00686205
EVX/BTC,1610070463366,2021-01-08T01:47:43.366Z,sell,1.031e-05,15.0,0.00015465
EVX/BTC,1610070463445,2021-01-08T01:47:43.445Z,buy,1.031e-05,28.0,0.00028868
EVX/BTC,1610070463445,2021-01-08T01:47:43.445Z,buy,1.033e-05,3.0,3.099e-05
EVX/BTC,1610070503590,2021-01-08T01:48:23.590Z,sell,1.027e-05,230.0,0.0023621
EVX/BTC,1610070503590,2021-01-08T01:48:23.590Z,sell,1.026e-05,730.0,0.0074898
EVX/BTC,1610070504493,2021-01-08T01:48:24.493Z,buy,1.026e-05,11.0,0.00011286
EVX/BTC,1610070505604,2021-01-08T01:48:25.604Z,buy,1.026e-05,28.0,0.00028728
EVX/BTC,1610070505604,2021-01-08T01:48:25.604Z,buy,1.029e-05,253.0,0.00260337
EVX/BTC,1610070507419,2021-01-08T01:48:27.419Z,sell,1.026e-05,256.0,0.00262656
EVX/BTC,1610070507419,2021-01-08T01:48:27.419Z,sell,1.025e-05,340.0,0.0034850000000000003
EVX/BTC,1610070510836,2021-01-08T01:48:30.836Z,buy,1.031e-05,15.0,0.00015465
EVX/BTC,1610070517519,2021-01-08T01:48:37.519Z,sell,1.031e-05,178.0,0.0018351799999999998
EVX/BTC,1610070537532,2021-01-08T01:48:57.532Z,sell,1.025e-05,15.0,0.00015375
EVX/BTC,1610070566041,2021-01-08T01:49:26.041Z,sell,1.024e-05,162.0,0.00165888
EVX/BTC,1610070573055,2021-01-08T01:49:33.055Z,sell,1.024e-05,102.0,0.00104448
EVX/BTC,1610070582162,2021-01-08T01:49:42.162Z,sell,1.024e-05,901.0,0.00922624
EVX/BTC,1610070607325,2021-01-08T01:50:07.325Z,buy,1.031e-05,15.0,0.00015465
EVX/BTC,1610070609225,2021-01-08T01:50:09.225Z,buy,1.037e-05,20.0,0.0002074
EVX/BTC,1610070612743,2021-01-08T01:50:12.743Z,sell,1.031e-05,15.0,0.00015465
EVX/BTC,1610070612743,2021-01-08T01:50:12.743Z,sell,1.03e-05,20.0,0.000206
EVX/BTC,1610070613936,2021-01-08T01:50:13.936Z,buy,1.043e-05,12.0,0.00012516
EVX/BTC,1610070630206,2021-01-08T01:50:30.206Z,buy,1.037e-05,728.0,0.007549360000000001
EVX/BTC,1610070630206,2021-01-08T01:50:30.206Z,buy,1.038e-05,868.0,0.00900984
EVX/BTC,1610070675265,2021-01-08T01:51:15.265Z,sell,1.031e-05,15.0,0.00015465
EVX/BTC,1610070675265,2021-01-08T01:51:15.265Z,sell,1.025e-05,728.0,0.007462
EVX/BTC,1610070675265,2021-01-08T01:51:15.265Z,sell,1.024e-05,752.0,0.00770048
EVX/BTC,1610070675265,2021-01-08T01:51:15.265Z,sell,1.023e-05,1840.0,0.018823200000000002
EVX/BTC,1610070713444,2021-01-08T01:51:53.444Z,sell,1.024e-05,14.0,0.00014336
EVX/BTC,1610070713444,2021-01-08T01:51:53.444Z,sell,1.023e-05,849.0,0.00868527
EVX/BTC,1610070735430,2021-01-08T01:52:15.430Z,sell,1.022e-05,1133.0,0.011579260000000001
EVX/BTC,1610070827361,2021-01-08T01:53:47.361Z,sell,1.023e-05,550.0,0.0056265
EVX/BTC,1610070885676,2021-01-08T01:54:45.676Z,buy,1.023e-05,107.0,0.00109461
EVX/BTC,1610070906304,2021-01-08T01:55:06.304Z,sell,1.019e-05,778.0,0.00792782
EVX/BTC,1610070906573,2021-01-08T01:55:06.573Z,buy,1.019e-05,10.0,0.00010190000000000001
EVX/BTC,1610070938348,2021-01-08T01:55:38.348Z,buy,1.019e-05,196.0,0.00199724
EVX/BTC,1610071002488,2021-01-08T01:56:42.488Z,sell,1.016e-05,1475.0,0.014986
EVX/BTC,1610071044098,2021-01-08T01:57:24.098Z,sell,1.017e-05,330.0,0.0033561
EVX/BTC,1610071044098,2021-01-08T01:57:24.098Z,sell,1.016e-05,1491.0,0.015148559999999998
EVX/BTC,1610071044098,2021-01-08T01:57:24.098Z,sell,1.017e-05,330.0,0.0033561
EVX/BTC,1610071044098,2021-01-08T01:57:24.098Z,sell,1.016e-05,1491.0,0.015148559999999998
EVX/BTC,1610071054663,2021-01-08T01:57:34.663Z,sell,1.015e-05,187.0,0.0018980499999999999
EVX/BTC,1610071054663,2021-01-08T01:57:34.663Z,sell,1.014e-05,225.0,0.0022814999999999997
EVX/BTC,1610071054663,2021-01-08T01:57:34.663Z,sell,1.013e-05,15.0,0.00015194999999999998
EVX/BTC,1610071054663,2021-01-08T01:57:34.663Z,sell,1.012e-05,1779.0,0.01800348
EVX/BTC,1610071056028,2021-01-08T01:57:36.028Z,buy,1.012e-05,98.0,0.00099176
EVX/BTC,1610071062010,2021-01-08T01:57:42.010Z,sell,1.011e-05,347.0,0.00350817
EVX/BTC,1610071062539,2021-01-08T01:57:42.539Z,sell,1.011e-05,1433.0,0.01448763
EVX/BTC,1610071066366,2021-01-08T01:57:46.366Z,sell,1.011e-05,60.0,0.0006066
EVX/BTC,1610071092341,2021-01-08T01:58:12.341Z,sell,1.011e-05,316.0,0.00319476
EVX/BTC,1610071092341,2021-01-08T01:58:12.341Z,sell,1.01e-05,4389.0,0.0443289
EVX/BTC,1610071103531,2021-01-08T01:58:23.531Z,sell,1.01e-05,201.0,0.0020301
EVX/BTC,1610071105308,2021-01-08T01:58:25.308Z,buy,1.019e-05,15.0,0.00015285
EVX/BTC,1610071105308,2021-01-08T01:58:25.308Z,buy,1.021e-05,42.0,0.00042882
EVX/BTC,1610071168089,2021-01-08T01:59:28.089Z,sell,1.021e-05,992.0,0.01012832
EVX/BTC,1610071169691,2021-01-08T01:59:29.691Z,buy,1.025e-05,15.0,0.00015375
EVX/BTC,1610071169691,2021-01-08T01:59:29.691Z,buy,1.03e-05,54.0,0.0005562
EVX/BTC,1610071207226,2021-01-08T02:00:07.226Z,sell,1.019e-05,15.0,0.00015285
EVX/BTC,1610071207226,2021-01-08T02:00:07.226Z,sell,1.017e-05,92.0,0.00093564
EVX/BTC,1610071215549,2021-01-08T02:00:15.549Z,buy,1.025e-05,15.0,0.00015375
EVX/BTC,1610071215549,2021-01-08T02:00:15.549Z,buy,1.031e-05,15.0,0.00015465
EVX/BTC,1610071215549,2021-01-08T02:00:15.549Z,buy,1.036e-05,54.0,0.00055944
EVX/BTC,1610071235603,2021-01-08T02:00:35.603Z,sell,1.025e-05,44.0,0.000451
EVX/BTC,1610071235603,2021-01-08T02:00:35.603Z,sell,1.019e-05,15.0,0.00015285
EVX/BTC,1610071269211,2021-01-08T02:01:09.211Z,buy,1.025e-05,15.0,0.00015375
EVX/BTC,1610071280360,2021-01-08T02:01:20.360Z,sell,1.025e-05,82.0,0.0008405
EVX/BTC,1610071287044,2021-01-08T02:01:27.044Z,buy,1.025e-05,111.0,0.00113775
EVX/BTC,1610071287044,2021-01-08T02:01:27.044Z,buy,1.029e-05,713.0,0.007336769999999999
EVX/BTC,1610071287044,2021-01-08T02:01:27.044Z,buy,1.03e-05,297.0,0.0030591
EVX/BTC,1610071364923,2021-01-08T02:02:44.923Z,buy,1.026e-05,169.0,0.00173394
EVX/BTC,1610071364957,2021-01-08T02:02:44.957Z,buy,1.026e-05,169.0,0.00173394
EVX/BTC,1610071390638,2021-01-08T02:03:10.638Z,buy,1.025e-05,38.0,0.0003895
EVX/BTC,1610071402128,2021-01-08T02:03:22.128Z,buy,1.026e-05,12.0,0.00012312
EVX/BTC,1610071403137,2021-01-08T02:03:23.137Z,sell,1.019e-05,15.0,0.00015285
EVX/BTC,1610071403137,2021-01-08T02:03:23.137Z,sell,1.015e-05,223.0,0.0022634499999999998
EVX/BTC,1610071447831,2021-01-08T02:04:07.831Z,sell,1.014e-05,187.0,0.00189618
EVX/BTC,1610071447831,2021-01-08T02:04:07.831Z,sell,1.013e-05,15.0,0.00015194999999999998
EVX/BTC,1610071452951,2021-01-08T02:04:12.951Z,buy,1.018e-05,178.0,0.0018120400000000002
EVX/BTC,1610071453044,2021-01-08T02:04:13.044Z,buy,1.018e-05,9.0,9.162000000000001e-05
EVX/BTC,1610071453044,2021-01-08T02:04:13.044Z,buy,1.019e-05,15.0,0.00015285
EVX/BTC,1610071453044,2021-01-08T02:04:13.044Z,buy,1.022e-05,91.0,0.00093002
EVX/BTC,1610071458962,2021-01-08T02:04:18.962Z,sell,1.013e-05,15.0,0.00015194999999999998
EVX/BTC,1610071472121,2021-01-08T02:04:32.121Z,sell,1.011e-05,798.0,0.00806778
EVX/BTC,1610071717621,2021-01-08T02:08:37.621Z,buy,1.017e-05,46.0,0.00046782
EVX/BTC,1610071717621,2021-01-08T02:08:37.621Z,buy,1.018e-05,10.0,0.00010180000000000001
EVX/BTC,1610071780150,2021-01-08T02:09:40.150Z,sell,1.011e-05,39.0,0.00039429
EVX/BTC,1610071869688,2021-01-08T02:11:09.688Z,sell,1.012e-05,224.0,0.0022668799999999998
EVX/BTC,1610071869688,2021-01-08T02:11:09.688Z,sell,1.011e-05,289.0,0.00292179
EVX/BTC,1610071878967,2021-01-08T02:11:18.967Z,sell,1.01e-05,415.0,0.0041915
EVX/BTC,1610072113559,2021-01-08T02:15:13.559Z,buy,1.015e-05,93.0,0.0009439499999999999
EVX/BTC,1610072113559,2021-01-08T02:15:13.559Z,buy,1.016e-05,14.0,0.00014224
EVX/BTC,1610072113936,2021-01-08T02:15:13.936Z,buy,1.016e-05,107.0,0.00108712
EVX/BTC,1610072114171,2021-01-08T02:15:14.171Z,buy,1.016e-05,107.0,0.00108712
EVX/BTC,1610072114346,2021-01-08T02:15:14.346Z,sell,1.01e-05,19072.0,0.1926272
EVX/BTC,1610072114643,2021-01-08T02:15:14.643Z,buy,1.016e-05,192.0,0.00195072
EVX/BTC,1610072114673,2021-01-08T02:15:14.673Z,buy,1.016e-05,310.0,0.0031496
EVX/BTC,1610072114673,2021-01-08T02:15:14.673Z,buy,1.017e-05,87.0,0.0008847899999999999
EVX/BTC,1610072114883,2021-01-08T02:15:14.883Z,buy,1.016e-05,383.0,0.0038912799999999996
EVX/BTC,1610072115561,2021-01-08T02:15:15.561Z,buy,1.017e-05,130.0,0.0013220999999999999
EVX/BTC,1610072115900,2021-01-08T02:15:15.900Z,buy,1.017e-05,13.0,0.00013220999999999998
EVX/BTC,1610072115900,2021-01-08T02:15:15.900Z,buy,1.019e-05,15.0,0.00015285
EVX/BTC,1610072115900,2021-01-08T02:15:15.900Z,buy,1.021e-05,171.0,0.00174591
EVX/BTC,1610072116009,2021-01-08T02:15:16.009Z,buy,1.021e-05,199.0,0.00203179
EVX/BTC,1610072134063,2021-01-08T02:15:34.063Z,sell,1.018e-05,713.0,0.00725834
EVX/BTC,1610072134063,2021-01-08T02:15:34.063Z,sell,1.017e-05,2161.0,0.02197737
EVX/BTC,1610072134063,2021-01-08T02:15:34.063Z,sell,1.013e-05,53.0,0.0005368899999999999
EVX/BTC,1610072134063,2021-01-08T02:15:34.063Z,sell,1.01e-05,1162.0,0.0117362
EVX/BTC,1610072134063,2021-01-08T02:15:34.063Z,sell,1.007e-05,15.0,0.00015105
EVX/BTC,1610072134063,2021-01-08T02:15:34.063Z,sell,1.006e-05,1905.0,0.019164300000000002
EVX/BTC,1610072134063,2021-01-08T02:15:34.063Z,sell,1.005e-05,108.0,0.0010854
EVX/BTC,1610072134063,2021-01-08T02:15:34.063Z,sell,1.004e-05,826.0,0.00829304
EVX/BTC,1610072134063,2021-01-08T02:15:34.063Z,sell,1.004e-05,295.0,0.0029618
EVX/BTC,1610072153219,2021-01-08T02:15:53.219Z,buy,1.012e-05,59.0,0.0005970799999999999
EVX/BTC,1610072191152,2021-01-08T02:16:31.152Z,buy,1.012e-05,90.0,0.0009108
EVX/BTC,1610072205771,2021-01-08T02:16:45.771Z,buy,1.012e-05,72.0,0.00072864
EVX/BTC,1610072205771,2021-01-08T02:16:45.771Z,buy,1.013e-05,15.0,0.00015194999999999998
EVX/BTC,1610072205771,2021-01-08T02:16:45.771Z,buy,1.015e-05,1027.0,0.010424049999999999
EVX/BTC,1610072205938,2021-01-08T02:16:45.938Z,buy,1.015e-05,42.0,0.00042629999999999995
EVX/BTC,1610072205938,2021-01-08T02:16:45.938Z,buy,1.019e-05,15.0,0.00015285
EVX/BTC,1610072234879,2021-01-08T02:17:14.879Z,buy,1.023e-05,178.0,0.00182094
EVX/BTC,1610072235916,2021-01-08T02:17:15.916Z,buy,1.024e-05,108.0,0.00110592
EVX/BTC,1610072236875,2021-01-08T02:17:16.875Z,buy,1.025e-05,393.0,0.00402825
EVX/BTC,1610072237023,2021-01-08T02:17:17.023Z,buy,1.025e-05,150.0,0.0015375
EVX/BTC,1610072364749,2021-01-08T02:19:24.749Z,buy,1.024e-05,394.0,0.00403456
EVX/BTC,1610072364766,2021-01-08T02:19:24.766Z,buy,1.024e-05,392.0,0.00401408
EVX/BTC,1610072364766,2021-01-08T02:19:24.766Z,buy,1.025e-05,2.0,2.05e-05
EVX/BTC,1610072365512,2021-01-08T02:19:25.512Z,buy,1.025e-05,303.0,0.00310575
EVX/BTC,1610072365517,2021-01-08T02:19:25.517Z,buy,1.025e-05,394.0,0.0040385
EVX/BTC,1610072366337,2021-01-08T02:19:26.337Z,buy,1.025e-05,222.0,0.0022755
EVX/BTC,1610072366474,2021-01-08T02:19:26.474Z,buy,1.025e-05,156.0,0.001599
EVX/BTC,1610072366871,2021-01-08T02:19:26.871Z,buy,1.025e-05,107.0,0.00109675
EVX/BTC,1610072379818,2021-01-08T02:19:39.818Z,buy,1.025e-05,134.0,0.0013735
EVX/BTC,1610072379818,2021-01-08T02:19:39.818Z,buy,1.03e-05,1754.0,0.0180662
EVX/BTC,1610072384251,2021-01-08T02:19:44.251Z,sell,1.03e-05,441.0,0.0045423
EVX/BTC,1610072386139,2021-01-08T02:19:46.139Z,sell,1.03e-05,98.0,0.0010094
EVX/BTC,1610072394108,2021-01-08T02:19:54.108Z,buy,1.031e-05,15.0,0.00015465
EVX/BTC,1610072428760,2021-01-08T02:20:28.760Z,sell,1.03e-05,97.0,0.0009991
EVX/BTC,1610072432189,2021-01-08T02:20:32.189Z,sell,1.03e-05,174.0,0.0017921999999999999
EVX/BTC,1610072432189,2021-01-08T02:20:32.189Z,sell,1.029e-05,76.0,0.00078204
EVX/BTC,1610072438577,2021-01-08T02:20:38.577Z,sell,1.025e-05,38.0,0.0003895
EVX/BTC,1610072490105,2021-01-08T02:21:30.105Z,sell,1.022e-05,31.0,0.00031682
EVX/BTC,1610072490105,2021-01-08T02:21:30.105Z,sell,1.021e-05,751.0,0.00766771
EVX/BTC,1610072490105,2021-01-08T02:21:30.105Z,sell,1.02e-05,108.0,0.0011016
EVX/BTC,1610072522090,2021-01-08T02:22:02.090Z,sell,1.025e-05,15.0,0.00015375
EVX/BTC,1610072522090,2021-01-08T02:22:02.090Z,sell,1.019e-05,1787.0,0.01820953
EVX/BTC,1610072522090,2021-01-08T02:22:02.090Z,sell,1.013e-05,112.0,0.00113456
EVX/BTC,1610072522090,2021-01-08T02:22:02.090Z,sell,1.01e-05,244.0,0.0024644
EVX/BTC,1610072528826,2021-01-08T02:22:08.826Z,sell,1.011e-05,351.0,0.00354861
EVX/BTC,1610072528826,2021-01-08T02:22:08.826Z,sell,1.01e-05,299.0,0.0030199
EVX/BTC,1610072528826,2021-01-08T02:22:08.826Z,sell,1.009e-05,104.0,0.00104936
EVX/BTC,1610072531175,2021-01-08T02:22:11.175Z,buy,1.009e-05,175.0,0.00176575
EVX/BTC,1610072531507,2021-01-08T02:22:11.507Z,buy,1.009e-05,175.0,0.00176575
EVX/BTC,1610072531532,2021-01-08T02:22:11.532Z,buy,1.009e-05,291.0,0.00293619
EVX/BTC,1610072531968,2021-01-08T02:22:11.968Z,buy,1.009e-05,234.0,0.00236106
EVX/BTC,1610072654423,2021-01-08T02:24:14.423Z,sell,1.007e-05,13.0,0.00013091
EVX/BTC,1610072685857,2021-01-08T02:24:45.857Z,sell,1.007e-05,2.0,2.014e-05
EVX/BTC,1610072685857,2021-01-08T02:24:45.857Z,sell,1.003e-05,304.0,0.00304912
EVX/BTC,1610072727319,2021-01-08T02:25:27.319Z,sell,1.003e-05,938.0,0.00940814
EVX/BTC,1610072727319,2021-01-08T02:25:27.319Z,sell,1.002e-05,422.0,0.00422844
EVX/BTC,1610072727319,2021-01-08T02:25:27.319Z,sell,1.001e-05,1438.0,0.014394380000000002
EVX/BTC,1610072727319,2021-01-08T02:25:27.319Z,sell,1e-05,2350.0,0.023500000000000004
EVX/BTC,1610072727319,2021-01-08T02:25:27.319Z,sell,1e-05,100.0,0.001
EVX/BTC,1610072727319,2021-01-08T02:25:27.319Z,sell,1e-05,100.0,0.001
EVX/BTC,1610072790028,2021-01-08T02:26:30.028Z,sell,1.001e-05,10.0,0.00010010000000000001
EVX/BTC,1610072790028,2021-01-08T02:26:30.028Z,sell,1e-05,28.0,0.00028000000000000003
EVX/BTC,1610072847790,2021-01-08T02:27:27.790Z,buy,1.001e-05,46.0,0.00046046000000000005
EVX/BTC,1610072944769,2021-01-08T02:29:04.769Z,sell,1.001e-05,522.0,0.00522522
EVX/BTC,1610072957454,2021-01-08T02:29:17.454Z,sell,1.001e-05,607.0,0.00607607
EVX/BTC,1610072957454,2021-01-08T02:29:17.454Z,sell,1e-05,7538.0,0.07538
EVX/BTC,1610072966068,2021-01-08T02:29:26.068Z,sell,9.96e-06,97.0,0.00096612
EVX/BTC,1610072966876,2021-01-08T02:29:26.876Z,buy,1.001e-05,713.0,0.00713713
EVX/BTC,1610072982469,2021-01-08T02:29:42.469Z,sell,9.94e-06,15.0,0.0001491
EVX/BTC,1610072986819,2021-01-08T02:29:46.819Z,buy,9.92e-06,15.0,0.00014879999999999998
EVX/BTC,1610072987701,2021-01-08T02:29:47.701Z,sell,9.92e-06,85.0,0.0008432
EVX/BTC,1610072989181,2021-01-08T02:29:49.181Z,buy,9.91e-06,12.0,0.00011892
EVX/BTC,1610073001577,2021-01-08T02:30:01.577Z,sell,9.91e-06,88.0,0.00087208
EVX/BTC,1610073001577,2021-01-08T02:30:01.577Z,sell,9.89e-06,1519.0,0.01502291
EVX/BTC,1610073001577,2021-01-08T02:30:01.577Z,sell,9.88e-06,15.0,0.0001482
EVX/BTC,1610073001577,2021-01-08T02:30:01.577Z,sell,9.87e-06,12.0,0.00011844000000000001
EVX/BTC,1610073001577,2021-01-08T02:30:01.577Z,sell,9.86e-06,244.0,0.0024058400000000002
EVX/BTC,1610073001577,2021-01-08T02:30:01.577Z,sell,9.85e-06,713.0,0.00702305
EVX/BTC,1610073001577,2021-01-08T02:30:01.577Z,sell,9.84e-06,4496.0,0.044240640000000005
EVX/BTC,1610073005101,2021-01-08T02:30:05.101Z,sell,9.85e-06,11.0,0.00010835
EVX/BTC,1610073005101,2021-01-08T02:30:05.101Z,sell,9.84e-06,9731.0,0.09575304000000001
EVX/BTC,1610073005101,2021-01-08T02:30:05.101Z,sell,9.83e-06,1853.0,0.01821499
EVX/BTC,1610073006438,2021-01-08T02:30:06.438Z,sell,9.83e-06,7088.0,0.06967504000000001
EVX/BTC,1610073234969,2021-01-08T02:33:54.969Z,sell,9.85e-06,196.0,0.0019306000000000002
EVX/BTC,1610073285759,2021-01-08T02:34:45.759Z,sell,9.83e-06,10554.0,0.10374582
EVX/BTC,1610073288781,2021-01-08T02:34:48.781Z,sell,9.83e-06,3960.0,0.038926800000000004
EVX/BTC,1610073309237,2021-01-08T02:35:09.237Z,buy,9.91e-06,17.0,0.00016847
EVX/BTC,1610073429540,2021-01-08T02:37:09.540Z,sell,9.83e-06,567.0,0.0055736100000000005
EVX/BTC,1610073440320,2021-01-08T02:37:20.320Z,sell,9.83e-06,3361.0,0.03303863
EVX/BTC,1610073440320,2021-01-08T02:37:20.320Z,sell,9.82e-06,15.0,0.00014729999999999998
EVX/BTC,1610073441085,2021-01-08T02:37:21.085Z,buy,9.89e-06,122.0,0.00120658
EVX/BTC,1610073448443,2021-01-08T02:37:28.443Z,sell,9.8e-06,100.0,0.00098
EVX/BTC,1610073448443,2021-01-08T02:37:28.443Z,sell,9.8e-06,258.0,0.0025283999999999997
EVX/BTC,1610073448443,2021-01-08T02:37:28.443Z,sell,9.8e-06,428.0,0.0041944
EVX/BTC,1610073537417,2021-01-08T02:38:57.417Z,sell,9.8e-06,242.0,0.0023715999999999997
EVX/BTC,1610073645740,2021-01-08T02:40:45.740Z,sell,9.78e-06,100.0,0.000978
EVX/BTC,1610073646973,2021-01-08T02:40:46.973Z,sell,9.78e-06,99.0,0.00096822
EVX/BTC,1610073646973,2021-01-08T02:40:46.973Z,sell,9.76e-06,3.0,2.9279999999999997e-05
EVX/BTC,1610073655231,2021-01-08T02:40:55.231Z,sell,9.76e-06,12.0,0.00011711999999999999
EVX/BTC,1610073666090,2021-01-08T02:41:06.090Z,sell,9.72e-06,133.0,0.00129276
EVX/BTC,1610073666090,2021-01-08T02:41:06.090Z,sell,9.72e-06,131.0,0.00127332
EVX/BTC,1610073666090,2021-01-08T02:41:06.090Z,sell,9.7e-06,899.0,0.0087203
EVX/BTC,1610073668233,2021-01-08T02:41:08.233Z,buy,9.71e-06,279.0,0.00270909
EVX/BTC,1610073672866,2021-01-08T02:41:12.866Z,buy,9.69e-06,74.0,0.00071706
EVX/BTC,1610073708150,2021-01-08T02:41:48.150Z,buy,9.68e-06,156.0,0.00151008
EVX/BTC,1610073773943,2021-01-08T02:42:53.943Z,sell,9.64e-06,15.0,0.0001446
EVX/BTC,1610073773943,2021-01-08T02:42:53.943Z,sell,9.6e-06,96.0,0.0009216
EVX/BTC,1610073773943,2021-01-08T02:42:53.943Z,sell,9.58e-06,499.0,0.00478042
EVX/BTC,1610073773943,2021-01-08T02:42:53.943Z,sell,9.57e-06,443.0,0.00423951
EVX/BTC,1610073773943,2021-01-08T02:42:53.943Z,sell,9.56e-06,41.0,0.00039196
EVX/BTC,1610073773943,2021-01-08T02:42:53.943Z,sell,9.54e-06,176.0,0.0016790400000000001
EVX/BTC,1610073773943,2021-01-08T02:42:53.943Z,sell,9.54e-06,22.0,0.00020988000000000002
EVX/BTC,1610073773943,2021-01-08T02:42:53.943Z,sell,9.54e-06,330.0,0.0031482
EVX/BTC,1610073787890,2021-01-08T02:43:07.890Z,buy,9.56e-06,11.0,0.00010516
EVX/BTC,1610073791618,2021-01-08T02:43:11.618Z,sell,9.54e-06,708.0,0.00675432
EVX/BTC,1610073814245,2021-01-08T02:43:34.245Z,buy,9.57e-06,103.0,0.0009857099999999999
EVX/BTC,1610073817082,2021-01-08T02:43:37.082Z,sell,9.54e-06,162.0,0.0015454800000000001
EVX/BTC,1610073825403,2021-01-08T02:43:45.403Z,sell,9.54e-06,305.0,0.0029097
EVX/BTC,1610073828150,2021-01-08T02:43:48.150Z,sell,9.54e-06,98.0,0.00093492
EVX/BTC,1610073845791,2021-01-08T02:44:05.791Z,sell,9.54e-06,251.0,0.00239454
EVX/BTC,1610073845882,2021-01-08T02:44:05.882Z,sell,9.54e-06,1065.0,0.0101601
EVX/BTC,1610073847571,2021-01-08T02:44:07.571Z,sell,9.54e-06,140.0,0.0013356
EVX/BTC,1610073854893,2021-01-08T02:44:14.893Z,sell,9.52e-06,15.0,0.0001428
EVX/BTC,1610073854893,2021-01-08T02:44:14.893Z,sell,9.47e-06,737.0,0.00697939
EVX/BTC,1610073854893,2021-01-08T02:44:14.893Z,sell,9.47e-06,1157.0,0.010956790000000001
EVX/BTC,1610073854893,2021-01-08T02:44:14.893Z,sell,9.45e-06,15.0,0.00014175
EVX/BTC,1610073855660,2021-01-08T02:44:15.660Z,buy,9.44e-06,12.0,0.00011328
EVX/BTC,1610073856278,2021-01-08T02:44:16.278Z,buy,9.44e-06,701.0,0.00661744
EVX/BTC,1610073856278,2021-01-08T02:44:16.278Z,buy,9.45e-06,576.0,0.0054432
EVX/BTC,1610073858932,2021-01-08T02:44:18.932Z,buy,9.44e-06,783.0,0.0073915199999999995
EVX/BTC,1610073860951,2021-01-08T02:44:20.951Z,sell,9.41e-06,12.0,0.00011292
EVX/BTC,1610073860951,2021-01-08T02:44:20.951Z,sell,9.39e-06,15.0,0.00014085
EVX/BTC,1610073860951,2021-01-08T02:44:20.951Z,sell,9.38e-06,859.0,0.00805742
EVX/BTC,1610073860951,2021-01-08T02:44:20.951Z,sell,9.37e-06,107.0,0.00100259
EVX/BTC,1610073862085,2021-01-08T02:44:22.085Z,buy,9.38e-06,263.0,0.00246694
EVX/BTC,1610073889338,2021-01-08T02:44:49.338Z,sell,9.35e-06,114.0,0.0010659
EVX/BTC,1610073889338,2021-01-08T02:44:49.338Z,sell,9.33e-06,15.0,0.00013995000000000001
EVX/BTC,1610073889338,2021-01-08T02:44:49.338Z,sell,9.32e-06,2.0,1.864e-05
EVX/BTC,1610073891638,2021-01-08T02:44:51.638Z,buy,9.35e-06,274.0,0.0025619
EVX/BTC,1610073891638,2021-01-08T02:44:51.638Z,buy,9.41e-06,100.0,0.000941
EVX/BTC,1610073895625,2021-01-08T02:44:55.625Z,buy,9.4e-06,96.0,0.0009024
EVX/BTC,1610073899091,2021-01-08T02:44:59.091Z,buy,9.4e-06,303.0,0.0028482
EVX/BTC,1610073938710,2021-01-08T02:45:38.710Z,sell,9.34e-06,24.0,0.00022416
EVX/BTC,1610073938710,2021-01-08T02:45:38.710Z,sell,9.33e-06,38.0,0.00035454000000000003
EVX/BTC,1610073995593,2021-01-08T02:46:35.593Z,buy,9.45e-06,1213.0,0.011462849999999998
EVX/BTC,1610073995593,2021-01-08T02:46:35.593Z,buy,9.46e-06,202.0,0.0019109199999999998
EVX/BTC,1610073995593,2021-01-08T02:46:35.593Z,buy,9.48e-06,713.0,0.0067592400000000006
EVX/BTC,1610073995593,2021-01-08T02:46:35.593Z,buy,9.5e-06,1216.0,0.011552
EVX/BTC,1610074019092,2021-01-08T02:46:59.092Z,sell,9.51e-06,15.0,0.00014265
EVX/BTC,1610074019511,2021-01-08T02:46:59.511Z,sell,9.51e-06,15.0,0.00014265
EVX/BTC,1610074050986,2021-01-08T02:47:30.986Z,sell,9.51e-06,713.0,0.00678063
EVX/BTC,1610074050986,2021-01-08T02:47:30.986Z,sell,9.5e-06,1747.0,0.0165965
EVX/BTC,1610074165918,2021-01-08T02:49:25.918Z,sell,9.51e-06,567.0,0.00539217
EVX/BTC,1610074165918,2021-01-08T02:49:25.918Z,sell,9.5e-06,6.0,5.7e-05
EVX/BTC,1610074206424,2021-01-08T02:50:06.424Z,buy,9.52e-06,15.0,0.0001428
EVX/BTC,1610074208588,2021-01-08T02:50:08.588Z,buy,9.57e-06,1.0,9.57e-06
EVX/BTC,1610074209287,2021-01-08T02:50:09.287Z,sell,9.57e-06,41.0,0.00039237
EVX/BTC,1610074247300,2021-01-08T02:50:47.300Z,buy,9.58e-06,15.0,0.0001437
EVX/BTC,1610074247300,2021-01-08T02:50:47.300Z,buy,9.6e-06,16.0,0.0001536
EVX/BTC,1610074290423,2021-01-08T02:51:30.423Z,buy,9.6e-06,247.0,0.0023712
EVX/BTC,1610074455948,2021-01-08T02:54:15.948Z,sell,9.54e-06,13.0,0.00012402
EVX/BTC,1610074521271,2021-01-08T02:55:21.271Z,buy,9.59e-06,13.0,0.00012466999999999998
EVX/BTC,1610074528089,2021-01-08T02:55:28.089Z,sell,9.59e-06,195.0,0.0018700499999999998
EVX/BTC,1610074528089,2021-01-08T02:55:28.089Z,sell,9.54e-06,46.0,0.00043884
EVX/BTC,1610074528089,2021-01-08T02:55:28.089Z,sell,9.53e-06,205.0,0.00195365
EVX/BTC,1610074528089,2021-01-08T02:55:28.089Z,sell,9.59e-06,195.0,0.0018700499999999998
EVX/BTC,1610074528089,2021-01-08T02:55:28.089Z,sell,9.54e-06,46.0,0.00043884
EVX/BTC,1610074528089,2021-01-08T02:55:28.089Z,sell,9.53e-06,205.0,0.00195365
EVX/BTC,1610074644895,2021-01-08T02:57:24.895Z,buy,9.56e-06,46.0,0.00043976
EVX/BTC,1610074644895,2021-01-08T02:57:24.895Z,buy,9.58e-06,1012.0,0.009694959999999999
EVX/BTC,1610074644895,2021-01-08T02:57:24.895Z,buy,9.59e-06,1859.0,0.01782781
EVX/BTC,1610074644895,2021-01-08T02:57:24.895Z,buy,9.6e-06,2782.0,0.0267072
EVX/BTC,1610074699207,2021-01-08T02:58:19.207Z,sell,9.6e-06,406.0,0.0038975999999999998
EVX/BTC,1610074700553,2021-01-08T02:58:20.553Z,sell,9.6e-06,901.0,0.0086496
EVX/BTC,1610074704196,2021-01-08T02:58:24.196Z,buy,9.61e-06,110.0,0.0010570999999999998
EVX/BTC,1610074705727,2021-01-08T02:58:25.727Z,sell,9.61e-06,46.0,0.00044206
EVX/BTC,1610074707333,2021-01-08T02:58:27.333Z,sell,9.62e-06,46.0,0.00044251999999999996
EVX/BTC,1610074707333,2021-01-08T02:58:27.333Z,sell,9.61e-06,506.0,0.0048626599999999996
EVX/BTC,1610074707333,2021-01-08T02:58:27.333Z,sell,9.6e-06,218.0,0.0020927999999999997
EVX/BTC,1610074714400,2021-01-08T02:58:34.400Z,sell,9.6e-06,46.0,0.0004416
EVX/BTC,1610074714400,2021-01-08T02:58:34.400Z,sell,9.59e-06,712.0,0.006828079999999999
EVX/BTC,1610074714400,2021-01-08T02:58:34.400Z,sell,9.58e-06,702.0,0.00672516
EVX/BTC,1610074828408,2021-01-08T03:00:28.408Z,sell,9.52e-06,15.0,0.0001428
EVX/BTC,1610074862975,2021-01-08T03:01:02.975Z,sell,9.45e-06,27.0,0.00025515
EVX/BTC,1610074948494,2021-01-08T03:02:28.494Z,buy,9.52e-06,15.0,0.0001428
EVX/BTC,1610074983602,2021-01-08T03:03:03.602Z,buy,9.58e-06,15.0,0.0001437
EVX/BTC,1610074983602,2021-01-08T03:03:03.602Z,buy,9.62e-06,16.0,0.00015392
EVX/BTC,1610075053224,2021-01-08T03:04:13.224Z,buy,9.61e-06,46.0,0.00044206
EVX/BTC,1610075053224,2021-01-08T03:04:13.224Z,buy,9.62e-06,713.0,0.006859059999999999
EVX/BTC,1610075083891,2021-01-08T03:04:43.891Z,sell,9.63e-06,2186.0,0.02105118
EVX/BTC,1610075101630,2021-01-08T03:05:01.630Z,sell,9.62e-06,9304.0,0.08950448
EVX/BTC,1610075103794,2021-01-08T03:05:03.794Z,sell,9.62e-06,1335.0,0.012842699999999999
EVX/BTC,1610075103794,2021-01-08T03:05:03.794Z,sell,9.6e-06,15.0,0.000144
EVX/BTC,1610075103794,2021-01-08T03:05:03.794Z,sell,9.59e-06,1855.0,0.01778945
EVX/BTC,1610075103794,2021-01-08T03:05:03.794Z,sell,9.53e-06,41.0,0.00039073
EVX/BTC,1610075103794,2021-01-08T03:05:03.794Z,sell,9.52e-06,15.0,0.0001428
EVX/BTC,1610075103794,2021-01-08T03:05:03.794Z,sell,9.48e-06,210.0,0.0019908
EVX/BTC,1610075141238,2021-01-08T03:05:41.238Z,sell,9.49e-06,752.0,0.007136480000000001
EVX/BTC,1610075141238,2021-01-08T03:05:41.238Z,sell,9.48e-06,207.0,0.0019623600000000002
EVX/BTC,1610075141238,2021-01-08T03:05:41.238Z,sell,9.47e-06,1655.0,0.015672850000000002
EVX/BTC,1610075711268,2021-01-08T03:15:11.268Z,sell,9.47e-06,5060.0,0.0479182
EVX/BTC,1610075717065,2021-01-08T03:15:17.065Z,sell,9.49e-06,44.0,0.00041756000000000003
EVX/BTC,1610075717065,2021-01-08T03:15:17.065Z,sell,9.48e-06,1233.0,0.01168884
EVX/BTC,1610075722375,2021-01-08T03:15:22.375Z,sell,9.48e-06,984.0,0.009328320000000001
EVX/BTC,1610075722375,2021-01-08T03:15:22.375Z,sell,9.47e-06,8683.0,0.08222801
EVX/BTC,1610075731393,2021-01-08T03:15:31.393Z,sell,9.46e-06,2172.0,0.02054712
EVX/BTC,1610075742644,2021-01-08T03:15:42.644Z,sell,9.45e-06,920.0,0.008693999999999999
EVX/BTC,1610075742644,2021-01-08T03:15:42.644Z,sell,9.44e-06,4513.0,0.04260272
EVX/BTC,1610075742644,2021-01-08T03:15:42.644Z,sell,9.39e-06,15.0,0.00014085
EVX/BTC,1610075742644,2021-01-08T03:15:42.644Z,sell,9.34e-06,117.0,0.00109278
EVX/BTC,1610075742644,2021-01-08T03:15:42.644Z,sell,9.33e-06,121.0,0.00112893
EVX/BTC,1610075742644,2021-01-08T03:15:42.644Z,sell,9.32e-06,536.0,0.004995520000000001
EVX/BTC,1610075742644,2021-01-08T03:15:42.644Z,sell,9.27e-06,897.0,0.00831519
EVX/BTC,1610075742644,2021-01-08T03:15:42.644Z,sell,9.26e-06,21429.0,0.19843254
EVX/BTC,1610075747502,2021-01-08T03:15:47.502Z,buy,9.3e-06,41.0,0.00038130000000000005
EVX/BTC,1610075747502,2021-01-08T03:15:47.502Z,buy,9.33e-06,76.0,0.0007090800000000001
EVX/BTC,1610075767870,2021-01-08T03:16:07.870Z,buy,9.36e-06,11.0,0.00010296
EVX/BTC,1610075864987,2021-01-08T03:17:44.987Z,buy,9.36e-06,135.0,0.0012636
EVX/BTC,1610075949392,2021-01-08T03:19:09.392Z,buy,9.39e-06,15.0,0.00014085
EVX/BTC,1610075949392,2021-01-08T03:19:09.392Z,buy,9.42e-06,106.0,0.00099852
EVX/BTC,1610076009999,2021-01-08T03:20:09.999Z,buy,9.45e-06,15.0,0.00014175
EVX/BTC,1610076012302,2021-01-08T03:20:12.302Z,buy,9.49e-06,19.0,0.00018031
EVX/BTC,1610076020795,2021-01-08T03:20:20.795Z,sell,9.45e-06,15.0,0.00014175
EVX/BTC,1610076825941,2021-01-08T03:33:45.941Z,sell,9.42e-06,7575.0,0.0713565
EVX/BTC,1610076864693,2021-01-08T03:34:24.693Z,sell,9.42e-06,7494.0,0.07059348
EVX/BTC,1610076899277,2021-01-08T03:34:59.277Z,sell,9.42e-06,98.0,0.0009231599999999999
EVX/BTC,1610076915701,2021-01-08T03:35:15.701Z,sell,9.42e-06,173.0,0.00162966
EVX/BTC,1610077073462,2021-01-08T03:37:53.462Z,buy,9.45e-06,1770.0,0.0167265
EVX/BTC,1610077086507,2021-01-08T03:38:06.507Z,sell,9.45e-06,1.0,9.45e-06
EVX/BTC,1610077239698,2021-01-08T03:40:39.698Z,sell,9.42e-06,76.0,0.00071592
EVX/BTC,1610077331822,2021-01-08T03:42:11.822Z,buy,9.46e-06,309.0,0.00292314
EVX/BTC,1610077331822,2021-01-08T03:42:11.822Z,buy,9.5e-06,713.0,0.0067735
EVX/BTC,1610077331822,2021-01-08T03:42:11.822Z,buy,9.51e-06,535.0,0.0050878500000000005
EVX/BTC,1610077331822,2021-01-08T03:42:11.822Z,buy,9.52e-06,15.0,0.0001428
EVX/BTC,1610077331822,2021-01-08T03:42:11.822Z,buy,9.55e-06,1914.0,0.0182787
EVX/BTC,1610077331822,2021-01-08T03:42:11.822Z,buy,9.57e-06,7062.0,0.06758334
EVX/BTC,1610077351599,2021-01-08T03:42:31.599Z,buy,9.58e-06,15.0,0.0001437
EVX/BTC,1610077351599,2021-01-08T03:42:31.599Z,buy,9.59e-06,2544.0,0.02439696
EVX/BTC,1610077387884,2021-01-08T03:43:07.884Z,sell,9.55e-06,11.0,0.00010505
EVX/BTC,1610077506429,2021-01-08T03:45:06.429Z,sell,9.59e-06,35.0,0.00033565
EVX/BTC,1610077506429,2021-01-08T03:45:06.429Z,sell,9.58e-06,100.0,0.000958
EVX/BTC,1610077529310,2021-01-08T03:45:29.310Z,sell,9.58e-06,713.0,0.0068305399999999995
EVX/BTC,1610077529310,2021-01-08T03:45:29.310Z,sell,9.57e-06,2759.0,0.02640363
EVX/BTC,1610077635528,2021-01-08T03:47:15.528Z,buy,9.61e-06,46.0,0.00044206
EVX/BTC,1610077635528,2021-01-08T03:47:15.528Z,buy,9.62e-06,97.0,0.00093314
EVX/BTC,1610077734931,2021-01-08T03:48:54.931Z,buy,9.64e-06,15.0,0.0001446
EVX/BTC,1610077748828,2021-01-08T03:49:08.828Z,sell,9.64e-06,46.0,0.00044343999999999997
EVX/BTC,1610077794728,2021-01-08T03:49:54.728Z,sell,9.64e-06,434.0,0.00418376
EVX/BTC,1610077794728,2021-01-08T03:49:54.728Z,sell,9.61e-06,663.0,0.00637143
EVX/BTC,1610077801899,2021-01-08T03:50:01.899Z,sell,9.58e-06,257.0,0.00246206
EVX/BTC,1610077813018,2021-01-08T03:50:13.018Z,sell,9.57e-06,164.0,0.00156948
EVX/BTC,1610077841017,2021-01-08T03:50:41.017Z,buy,9.64e-06,15.0,0.0001446
EVX/BTC,1610077841017,2021-01-08T03:50:41.017Z,buy,9.65e-06,679.0,0.00655235
EVX/BTC,1610077841017,2021-01-08T03:50:41.017Z,buy,9.66e-06,2569.0,0.02481654
EVX/BTC,1610077858149,2021-01-08T03:50:58.149Z,sell,9.66e-06,623.0,0.006018180000000001
EVX/BTC,1610077861030,2021-01-08T03:51:01.030Z,sell,9.66e-06,1365.0,0.0131859
EVX/BTC,1610077910283,2021-01-08T03:51:50.283Z,sell,9.68e-06,45.0,0.0004356
EVX/BTC,1610077910283,2021-01-08T03:51:50.283Z,sell,9.67e-06,713.0,0.00689471
EVX/BTC,1610077910283,2021-01-08T03:51:50.283Z,sell,9.66e-06,3843.0,0.037123380000000004
EVX/BTC,1610077910283,2021-01-08T03:51:50.283Z,sell,9.62e-06,1864.0,0.01793168
EVX/BTC,1610077910283,2021-01-08T03:51:50.283Z,sell,9.58e-06,55.0,0.0005269
EVX/BTC,1610077910283,2021-01-08T03:51:50.283Z,sell,9.52e-06,15.0,0.0001428
EVX/BTC,1610077910283,2021-01-08T03:51:50.283Z,sell,9.51e-06,218.0,0.00207318
EVX/BTC,1610077910283,2021-01-08T03:51:50.283Z,sell,9.5e-06,525.0,0.004987500000000001
EVX/BTC,1610077910283,2021-01-08T03:51:50.283Z,sell,9.49e-06,391.0,0.00371059
EVX/BTC,1610077910283,2021-01-08T03:51:50.283Z,sell,9.48e-06,218.0,0.0020666400000000002
EVX/BTC,1610077910283,2021-01-08T03:51:50.283Z,sell,9.47e-06,361.0,0.0034186700000000004
EVX/BTC,1610077910283,2021-01-08T03:51:50.283Z,sell,9.46e-06,102.0,0.00096492
EVX/BTC,1610077941288,2021-01-08T03:52:21.288Z,buy,9.54e-06,570.0,0.0054378000000000004
EVX/BTC,1610077941288,2021-01-08T03:52:21.288Z,buy,9.55e-06,815.0,0.00778325
EVX/BTC,1610077941288,2021-01-08T03:52:21.288Z,buy,9.56e-06,1876.0,0.01793456
EVX/BTC,1610077942722,2021-01-08T03:52:22.722Z,buy,9.57e-06,606.0,0.00579942
EVX/BTC,1610077980631,2021-01-08T03:53:00.631Z,buy,9.58e-06,15.0,0.0001437
EVX/BTC,1610077980631,2021-01-08T03:53:00.631Z,buy,9.6e-06,3165.0,0.030383999999999998
EVX/BTC,1610078063909,2021-01-08T03:54:23.909Z,buy,9.61e-06,104.0,0.0009994399999999999
EVX/BTC,1610078063909,2021-01-08T03:54:23.909Z,buy,9.61e-06,104.0,0.0009994399999999999
EVX/BTC,1610078155927,2021-01-08T03:55:55.927Z,buy,9.64e-06,15.0,0.0001446
EVX/BTC,1610078166578,2021-01-08T03:56:06.578Z,buy,9.67e-06,114.0,0.00110238
EVX/BTC,1610078180722,2021-01-08T03:56:20.722Z,buy,9.68e-06,40.0,0.00038720000000000003
EVX/BTC,1610078202032,2021-01-08T03:56:42.032Z,buy,9.7e-06,171.0,0.0016587000000000001
EVX/BTC,1610078215467,2021-01-08T03:56:55.467Z,sell,9.64e-06,15.0,0.0001446
EVX/BTC,1610078215467,2021-01-08T03:56:55.467Z,sell,9.62e-06,707.0,0.0068013399999999995
EVX/BTC,1610078242599,2021-01-08T03:57:22.599Z,sell,9.6e-06,43.0,0.0004128
EVX/BTC,1610078242599,2021-01-08T03:57:22.599Z,sell,9.59e-06,1364.0,0.01308076
EVX/BTC,1610078258458,2021-01-08T03:57:38.458Z,sell,9.59e-06,3631.0,0.03482129
EVX/BTC,1610078435871,2021-01-08T04:00:35.871Z,buy,9.64e-06,41.0,0.00039524
EVX/BTC,1610078536222,2021-01-08T04:02:16.222Z,sell,9.61e-06,142.0,0.00136462
EVX/BTC,1610078565887,2021-01-08T04:02:45.887Z,buy,9.63e-06,43.0,0.00041409
EVX/BTC,1610078565887,2021-01-08T04:02:45.887Z,buy,9.64e-06,157.0,0.0015134799999999998
EVX/BTC,1610078594625,2021-01-08T04:03:14.625Z,buy,9.64e-06,249.0,0.00240036
EVX/BTC,1610078831198,2021-01-08T04:07:11.198Z,sell,9.64e-06,115.0,0.0011086
EVX/BTC,1610078855302,2021-01-08T04:07:35.302Z,sell,9.63e-06,3894.0,0.03749922
EVX/BTC,1610079010264,2021-01-08T04:10:10.264Z,sell,9.63e-06,3126.0,0.03010338
EVX/BTC,1610079097060,2021-01-08T04:11:37.060Z,buy,9.7e-06,535.0,0.0051895000000000005
EVX/BTC,1610079097060,2021-01-08T04:11:37.060Z,buy,9.71e-06,713.0,0.00692323
EVX/BTC,1610079097060,2021-01-08T04:11:37.060Z,buy,9.72e-06,206.0,0.00200232
EVX/BTC,1610079124110,2021-01-08T04:12:04.110Z,buy,9.74e-06,171.0,0.00166554
EVX/BTC,1610079354868,2021-01-08T04:15:54.868Z,buy,9.71e-06,11.0,0.00010681
EVX/BTC,1610079427058,2021-01-08T04:17:07.058Z,buy,9.72e-06,1655.0,0.0160866
EVX/BTC,1610079437238,2021-01-08T04:17:17.238Z,sell,9.71e-06,7.0,6.797e-05
EVX/BTC,1610079604141,2021-01-08T04:20:04.141Z,sell,9.66e-06,16.0,0.00015456
EVX/BTC,1610079665005,2021-01-08T04:21:05.005Z,sell,9.64e-06,96.0,0.0009254399999999999
EVX/BTC,1610079665710,2021-01-08T04:21:05.710Z,buy,9.65e-06,11.0,0.00010615
EVX/BTC,1610079678898,2021-01-08T04:21:18.898Z,sell,9.64e-06,703.0,0.00677692
EVX/BTC,1610079700293,2021-01-08T04:21:40.293Z,sell,9.63e-06,7404.0,0.07130051999999999
EVX/BTC,1610079835733,2021-01-08T04:23:55.733Z,buy,9.63e-06,728.0,0.007010639999999999
EVX/BTC,1610079874364,2021-01-08T04:24:34.364Z,buy,9.63e-06,876.0,0.00843588
EVX/BTC,1610079899731,2021-01-08T04:24:59.731Z,sell,9.62e-06,43.0,0.00041366
EVX/BTC,1610079899731,2021-01-08T04:24:59.731Z,sell,9.61e-06,3276.0,0.03148236
EVX/BTC,1610079967639,2021-01-08T04:26:07.639Z,sell,9.61e-06,789.0,0.007582289999999999
EVX/BTC,1610080272353,2021-01-08T04:31:12.353Z,sell,9.61e-06,314.0,0.00301754
EVX/BTC,1610080855105,2021-01-08T04:40:55.105Z,sell,9.61e-06,203.0,0.00195083
EVX/BTC,1610081555745,2021-01-08T04:52:35.745Z,buy,9.69e-06,11.0,0.00010659000000000001
EVX/BTC,1610081640490,2021-01-08T04:54:00.490Z,buy,9.67e-06,32.0,0.00030944
EVX/BTC,1610081640490,2021-01-08T04:54:00.490Z,buy,9.68e-06,713.0,0.00690184
EVX/BTC,1610081640490,2021-01-08T04:54:00.490Z,buy,9.69e-06,45.0,0.00043605
EVX/BTC,1610081647017,2021-01-08T04:54:07.017Z,buy,9.68e-06,171.0,0.00165528
EVX/BTC,1610081647017,2021-01-08T04:54:07.017Z,buy,9.68e-06,171.0,0.00165528
EVX/BTC,1610081698307,2021-01-08T04:54:58.307Z,buy,9.68e-06,4.0,3.872e-05
EVX/BTC,1610081698307,2021-01-08T04:54:58.307Z,buy,9.69e-06,7.0,6.783e-05
EVX/BTC,1610081826792,2021-01-08T04:57:06.792Z,sell,9.63e-06,7047.0,0.06786260999999999
EVX/BTC,1610081870849,2021-01-08T04:57:50.849Z,buy,9.67e-06,2612.0,0.025258040000000002
EVX/BTC,1610081879084,2021-01-08T04:57:59.084Z,sell,9.67e-06,2011.0,0.01944637
EVX/BTC,1610081879294,2021-01-08T04:57:59.294Z,sell,9.67e-06,1820.0,0.0175994
EVX/BTC,1610081879312,2021-01-08T04:57:59.312Z,sell,9.67e-06,510.0,0.004931700000000001
EVX/BTC,1610081879813,2021-01-08T04:57:59.813Z,sell,9.67e-06,1776.0,0.017173920000000002
EVX/BTC,1610081889989,2021-01-08T04:58:09.989Z,sell,9.58e-06,15.0,0.0001437
EVX/BTC,1610081890746,2021-01-08T04:58:10.746Z,buy,9.58e-06,193.0,0.0018489399999999999
EVX/BTC,1610081890746,2021-01-08T04:58:10.746Z,buy,9.63e-06,659.0,0.00634617
EVX/BTC,1610081890746,2021-01-08T04:58:10.746Z,buy,9.64e-06,610.0,0.005880399999999999
EVX/BTC,1610081891941,2021-01-08T04:58:11.941Z,sell,9.67e-06,15.0,0.00014505
EVX/BTC,1610081910907,2021-01-08T04:58:30.907Z,buy,9.7e-06,11.0,0.0001067
EVX/BTC,1610081959595,2021-01-08T04:59:19.595Z,sell,9.67e-06,200.0,0.0019340000000000002
EVX/BTC,1610082137635,2021-01-08T05:02:17.635Z,buy,9.7e-06,4.0,3.88e-05
EVX/BTC,1610082137635,2021-01-08T05:02:17.635Z,buy,9.72e-06,1325.0,0.012879
EVX/BTC,1610082198859,2021-01-08T05:03:18.859Z,buy,9.72e-06,168.0,0.00163296
EVX/BTC,1610082211359,2021-01-08T05:03:31.359Z,sell,9.68e-06,45.0,0.0004356
EVX/BTC,1610082211359,2021-01-08T05:03:31.359Z,sell,9.67e-06,14.0,0.00013538
EVX/BTC,1610082225754,2021-01-08T05:03:45.754Z,buy,9.72e-06,37.0,0.00035964
EVX/BTC,1610082237535,2021-01-08T05:03:57.535Z,buy,9.72e-06,274.0,0.00266328
EVX/BTC,1610082917628,2021-01-08T05:15:17.628Z,buy,9.71e-06,30.0,0.0002913
EVX/BTC,1610082932912,2021-01-08T05:15:32.912Z,buy,9.71e-06,15.0,0.00014565
EVX/BTC,1610082932912,2021-01-08T05:15:32.912Z,buy,9.72e-06,130.0,0.0012636
EVX/BTC,1610082944308,2021-01-08T05:15:44.308Z,buy,9.72e-06,93.0,0.00090396
EVX/BTC,1610082962572,2021-01-08T05:16:02.572Z,buy,9.72e-06,163.0,0.00158436
EVX/BTC,1610082976213,2021-01-08T05:16:16.213Z,buy,9.72e-06,929.0,0.00902988
EVX/BTC,1610082979609,2021-01-08T05:16:19.609Z,buy,9.72e-06,729.0,0.00708588
EVX/BTC,1610083008359,2021-01-08T05:16:48.359Z,buy,9.75e-06,12.0,0.000117
EVX/BTC,1610083077899,2021-01-08T05:17:57.899Z,buy,9.75e-06,16.0,0.000156
EVX/BTC,1610083114278,2021-01-08T05:18:34.278Z,buy,9.75e-06,19.0,0.00018525
EVX/BTC,1610083117377,2021-01-08T05:18:37.377Z,buy,9.75e-06,310.0,0.0030225
EVX/BTC,1610083118661,2021-01-08T05:18:38.661Z,buy,9.75e-06,112.0,0.001092
EVX/BTC,1610083133335,2021-01-08T05:18:53.335Z,buy,9.76e-06,184.0,0.00179584
EVX/BTC,1610083142290,2021-01-08T05:19:02.290Z,buy,9.76e-06,1811.0,0.01767536
EVX/BTC,1610083160397,2021-01-08T05:19:20.397Z,sell,9.76e-06,16.0,0.00015616
EVX/BTC,1610083162773,2021-01-08T05:19:22.773Z,sell,9.76e-06,322.0,0.00314272
EVX/BTC,1610083178851,2021-01-08T05:19:38.851Z,sell,9.76e-06,19.0,0.00018543999999999999
EVX/BTC,1610083183157,2021-01-08T05:19:43.157Z,sell,9.76e-06,108.0,0.00105408
EVX/BTC,1610083188153,2021-01-08T05:19:48.153Z,buy,9.79e-06,82.0,0.0008027799999999999
EVX/BTC,1610083189360,2021-01-08T05:19:49.360Z,sell,9.76e-06,6.0,5.8559999999999995e-05
EVX/BTC,1610083198845,2021-01-08T05:19:58.845Z,buy,9.76e-06,100.0,0.000976
EVX/BTC,1610083247768,2021-01-08T05:20:47.768Z,buy,9.8e-06,164.0,0.0016071999999999998
EVX/BTC,1610083267450,2021-01-08T05:21:07.450Z,buy,9.8e-06,2040.0,0.019992
EVX/BTC,1610083339752,2021-01-08T05:22:19.752Z,buy,9.8e-06,455.0,0.004458999999999999
EVX/BTC,1610083402501,2021-01-08T05:23:22.501Z,sell,9.76e-06,16.0,0.00015616
EVX/BTC,1610083410141,2021-01-08T05:23:30.141Z,sell,9.74e-06,138.0,0.00134412
EVX/BTC,1610083447991,2021-01-08T05:24:07.991Z,buy,9.76e-06,3000.0,0.02928
EVX/BTC,1610083455413,2021-01-08T05:24:15.413Z,buy,9.8e-06,478.0,0.0046844
EVX/BTC,1610083489774,2021-01-08T05:24:49.774Z,buy,9.78e-06,87.0,0.0008508599999999999
EVX/BTC,1610083489774,2021-01-08T05:24:49.774Z,buy,9.79e-06,203.0,0.00198737
EVX/BTC,1610083608481,2021-01-08T05:26:48.481Z,buy,9.79e-06,27.0,0.00026433
EVX/BTC,1610083608481,2021-01-08T05:26:48.481Z,buy,9.82e-06,15.0,0.00014729999999999998
EVX/BTC,1610083608481,2021-01-08T05:26:48.481Z,buy,9.83e-06,1832.0,0.01800856
EVX/BTC,1610083608755,2021-01-08T05:26:48.755Z,sell,9.83e-06,158.0,0.0015531400000000002
EVX/BTC,1610083608798,2021-01-08T05:26:48.798Z,sell,9.83e-06,111.0,0.00109113
EVX/BTC,1610083609287,2021-01-08T05:26:49.287Z,sell,9.83e-06,164.0,0.00161212
EVX/BTC,1610083644307,2021-01-08T05:27:24.307Z,sell,9.84e-06,3584.0,0.03526656
EVX/BTC,1610083736322,2021-01-08T05:28:56.322Z,sell,9.84e-06,39.0,0.00038376
EVX/BTC,1610083757075,2021-01-08T05:29:17.075Z,sell,9.84e-06,138.0,0.00135792
EVX/BTC,1610083775410,2021-01-08T05:29:35.410Z,sell,9.83e-06,597.0,0.00586851
EVX/BTC,1610083791440,2021-01-08T05:29:51.440Z,buy,9.85e-06,391.0,0.0038513500000000003
EVX/BTC,1610083803289,2021-01-08T05:30:03.289Z,buy,9.88e-06,215.0,0.0021242
EVX/BTC,1610083887026,2021-01-08T05:31:27.026Z,buy,9.88e-06,47.0,0.00046436000000000003
EVX/BTC,1610083909806,2021-01-08T05:31:49.806Z,sell,9.83e-06,277.0,0.0027229100000000003
EVX/BTC,1610084098328,2021-01-08T05:34:58.328Z,sell,9.83e-06,868.0,0.00853244
EVX/BTC,1610084104753,2021-01-08T05:35:04.753Z,sell,9.83e-06,11.0,0.00010813000000000001
EVX/BTC,1610084220282,2021-01-08T05:37:00.282Z,sell,9.84e-06,61.0,0.00060024
EVX/BTC,1610084779446,2021-01-08T05:46:19.446Z,sell,9.85e-06,917.0,0.009032450000000001
EVX/BTC,1610085042305,2021-01-08T05:50:42.305Z,sell,9.85e-06,25.0,0.00024625
EVX/BTC,1610085068567,2021-01-08T05:51:08.567Z,sell,9.85e-06,784.0,0.007722400000000001
EVX/BTC,1610085220847,2021-01-08T05:53:40.847Z,buy,9.88e-06,11.0,0.00010868
EVX/BTC,1610085231947,2021-01-08T05:53:51.947Z,sell,9.85e-06,37.0,0.00036445
EVX/BTC,1610085231947,2021-01-08T05:53:51.947Z,sell,9.85e-06,37.0,0.00036445
EVX/BTC,1610085435847,2021-01-08T05:57:15.847Z,buy,9.88e-06,418.0,0.00412984
EVX/BTC,1610085493523,2021-01-08T05:58:13.523Z,buy,9.88e-06,100.0,0.000988
EVX/BTC,1610085503120,2021-01-08T05:58:23.120Z,buy,9.88e-06,53.0,0.00052364
EVX/BTC,1610085677157,2021-01-08T06:01:17.157Z,buy,9.87e-06,14.0,0.00013818
EVX/BTC,1610085677157,2021-01-08T06:01:17.157Z,buy,9.88e-06,145.0,0.0014326
EVX/BTC,1610085705285,2021-01-08T06:01:45.285Z,buy,9.88e-06,91.0,0.00089908
EVX/BTC,1610085795512,2021-01-08T06:03:15.512Z,buy,9.88e-06,1259.0,0.012438920000000001
EVX/BTC,1610085802926,2021-01-08T06:03:22.926Z,buy,9.94e-06,6881.0,0.06839714
EVX/BTC,1610085815704,2021-01-08T06:03:35.704Z,buy,1.001e-05,15.0,0.00015015000000000002
EVX/BTC,1610085817852,2021-01-08T06:03:37.852Z,sell,1.002e-05,147.0,0.00147294
EVX/BTC,1610085825262,2021-01-08T06:03:45.262Z,sell,1.002e-05,74.0,0.0007414800000000001
EVX/BTC,1610085834112,2021-01-08T06:03:54.112Z,sell,1.002e-05,37.0,0.00037074000000000005
EVX/BTC,1610085857825,2021-01-08T06:04:17.825Z,buy,1.003e-05,29.0,0.00029087000000000004
EVX/BTC,1610085919908,2021-01-08T06:05:19.908Z,sell,9.98e-06,907.0,0.00905186
EVX/BTC,1610085919908,2021-01-08T06:05:19.908Z,sell,9.96e-06,629.0,0.00626484
EVX/BTC,1610085919908,2021-01-08T06:05:19.908Z,sell,9.95e-06,14.0,0.0001393
EVX/BTC,1610086011923,2021-01-08T06:06:51.923Z,sell,9.95e-06,13.0,0.00012935
EVX/BTC,1610086139278,2021-01-08T06:08:59.278Z,sell,9.95e-06,683.0,0.00679585
EVX/BTC,1610086220142,2021-01-08T06:10:20.142Z,sell,9.94e-06,595.0,0.0059143
EVX/BTC,1610086220507,2021-01-08T06:10:20.507Z,sell,9.94e-06,141.0,0.00140154
EVX/BTC,1610086485796,2021-01-08T06:14:45.796Z,buy,1.001e-05,713.0,0.00713713
EVX/BTC,1610086485796,2021-01-08T06:14:45.796Z,buy,1.003e-05,2969.0,0.02977907
EVX/BTC,1610086485796,2021-01-08T06:14:45.796Z,buy,1.004e-05,6797.0,0.06824188
EVX/BTC,1610086513713,2021-01-08T06:15:13.713Z,buy,1.007e-05,7432.0,0.07484024
EVX/BTC,1610086514951,2021-01-08T06:15:14.951Z,sell,1.009e-05,11.0,0.00011098999999999999
EVX/BTC,1610086535233,2021-01-08T06:15:35.233Z,sell,1.007e-05,44.0,0.00044308
EVX/BTC,1610086537299,2021-01-08T06:15:37.299Z,sell,1.007e-05,30.0,0.0003021
EVX/BTC,1610086550437,2021-01-08T06:15:50.437Z,buy,1.009e-05,11.0,0.00011098999999999999
EVX/BTC,1610086550437,2021-01-08T06:15:50.437Z,buy,1.01e-05,419.0,0.0042319
EVX/BTC,1610086579259,2021-01-08T06:16:19.259Z,buy,1.01e-05,842.0,0.0085042
EVX/BTC,1610086598519,2021-01-08T06:16:38.519Z,buy,1.01e-05,78.0,0.0007878
EVX/BTC,1610086625137,2021-01-08T06:17:05.137Z,sell,1.007e-05,2447.0,0.02464129
EVX/BTC,1610086629387,2021-01-08T06:17:09.387Z,buy,1.009e-05,44.0,0.00044395999999999997
EVX/BTC,1610086629387,2021-01-08T06:17:09.387Z,buy,1.01e-05,237.0,0.0023937
EVX/BTC,1610086732116,2021-01-08T06:18:52.116Z,sell,1.001e-05,234.0,0.00234234
EVX/BTC,1610086794243,2021-01-08T06:19:54.243Z,sell,9.96e-06,713.0,0.007101479999999999
EVX/BTC,1610086794243,2021-01-08T06:19:54.243Z,sell,9.95e-06,38.0,0.0003781
EVX/BTC,1610086823335,2021-01-08T06:20:23.335Z,sell,9.99e-06,134.0,0.00133866
EVX/BTC,1610086844392,2021-01-08T06:20:44.392Z,sell,9.99e-06,100.0,0.0009989999999999999
EVX/BTC,1610086844392,2021-01-08T06:20:44.392Z,sell,9.97e-06,1496.0,0.014915119999999999
EVX/BTC,1610086865734,2021-01-08T06:21:05.734Z,buy,9.97e-06,75.0,0.0007477499999999999
EVX/BTC,1610086900417,2021-01-08T06:21:40.417Z,sell,9.94e-06,15.0,0.0001491
EVX/BTC,1610086900417,2021-01-08T06:21:40.417Z,sell,9.93e-06,46.0,0.00045678
EVX/BTC,1610086912963,2021-01-08T06:21:52.963Z,sell,9.92e-06,766.0,0.00759872
EVX/BTC,1610086959106,2021-01-08T06:22:39.106Z,sell,9.95e-06,57.0,0.00056715
EVX/BTC,1610086959106,2021-01-08T06:22:39.106Z,sell,9.94e-06,646.0,0.00642124
EVX/BTC,1610086959106,2021-01-08T06:22:39.106Z,sell,9.93e-06,503.0,0.00499479
EVX/BTC,1610086959106,2021-01-08T06:22:39.106Z,sell,9.92e-06,3392.0,0.03364864
EVX/BTC,1610087069183,2021-01-08T06:24:29.183Z,sell,9.95e-06,43.0,0.00042784999999999996
EVX/BTC,1610087131363,2021-01-08T06:25:31.363Z,sell,9.97e-06,71.0,0.00070787
EVX/BTC,1610087131363,2021-01-08T06:25:31.363Z,sell,9.96e-06,64.0,0.00063744
EVX/BTC,1610087141345,2021-01-08T06:25:41.345Z,sell,9.95e-06,64.0,0.0006368
EVX/BTC,1610087435721,2021-01-08T06:30:35.721Z,buy,9.95e-06,230.0,0.0022884999999999997
EVX/BTC,1610087451875,2021-01-08T06:30:51.875Z,sell,9.92e-06,773.0,0.00766816
EVX/BTC,1610087496202,2021-01-08T06:31:36.202Z,buy,9.98e-06,378.0,0.0037724399999999997
EVX/BTC,1610087510259,2021-01-08T06:31:50.259Z,sell,9.98e-06,5699.0,0.05687602
EVX/BTC,1610087517794,2021-01-08T06:31:57.794Z,buy,9.97e-06,38.0,0.00037885999999999996
EVX/BTC,1610087940494,2021-01-08T06:39:00.494Z,buy,9.97e-06,258.0,0.00257226
EVX/BTC,1610087999634,2021-01-08T06:39:59.634Z,buy,1.001e-05,15.0,0.00015015000000000002
EVX/BTC,1610088203805,2021-01-08T06:43:23.805Z,sell,1.002e-05,15.0,0.00015030000000000002
EVX/BTC,1610088203805,2021-01-08T06:43:23.805Z,sell,1.001e-05,1001.0,0.010020010000000001
EVX/BTC,1610088217116,2021-01-08T06:43:37.116Z,sell,9.99e-06,100.0,0.0009989999999999999
EVX/BTC,1610088285005,2021-01-08T06:44:45.005Z,buy,1.007e-05,15.0,0.00015105
EVX/BTC,1610088285005,2021-01-08T06:44:45.005Z,buy,1.008e-05,97.0,0.00097776
EVX/BTC,1610088378081,2021-01-08T06:46:18.081Z,sell,1.001e-05,575.0,0.0057557500000000004
EVX/BTC,1610088378081,2021-01-08T06:46:18.081Z,sell,1e-05,1812.0,0.01812
EVX/BTC,1610088387176,2021-01-08T06:46:27.176Z,sell,9.99e-06,574.0,0.00573426
EVX/BTC,1610088421402,2021-01-08T06:47:01.402Z,buy,1e-05,22.0,0.00022
EVX/BTC,1610088450928,2021-01-08T06:47:30.928Z,sell,9.95e-06,3015.0,0.029999249999999998
EVX/BTC,1610088481924,2021-01-08T06:48:01.924Z,sell,9.94e-06,585.0,0.0058149
EVX/BTC,1610088520232,2021-01-08T06:48:40.232Z,buy,1e-05,962.0,0.00962
EVX/BTC,1610088520232,2021-01-08T06:48:40.232Z,buy,1.001e-05,15.0,0.00015015000000000002
EVX/BTC,1610088520232,2021-01-08T06:48:40.232Z,buy,1.004e-05,713.0,0.007158520000000001
EVX/BTC,1610088520232,2021-01-08T06:48:40.232Z,buy,1.006e-05,1636.0,0.01645816
EVX/BTC,1610088701271,2021-01-08T06:51:41.271Z,buy,1.002e-05,137.0,0.0013727400000000001
EVX/BTC,1610088756399,2021-01-08T06:52:36.399Z,sell,1.002e-05,214.0,0.00214428
EVX/BTC,1610088757861,2021-01-08T06:52:37.861Z,buy,1.004e-05,121.0,0.00121484
EVX/BTC,1610088790584,2021-01-08T06:53:10.584Z,sell,1e-05,731.0,0.0073100000000000005
EVX/BTC,1610088790584,2021-01-08T06:53:10.584Z,sell,1e-05,731.0,0.0073100000000000005
EVX/BTC,1610088914985,2021-01-08T06:55:14.985Z,buy,1e-05,101.0,0.00101
EVX/BTC,1610089008926,2021-01-08T06:56:48.926Z,sell,9.97e-06,285.0,0.0028414499999999997
EVX/BTC,1610089008926,2021-01-08T06:56:48.926Z,sell,9.96e-06,5282.0,0.05260872
EVX/BTC,1610089022855,2021-01-08T06:57:02.855Z,sell,9.96e-06,12637.0,0.12586452
EVX/BTC,1610089084800,2021-01-08T06:58:04.800Z,buy,1e-05,183.0,0.0018300000000000002
EVX/BTC,1610089118695,2021-01-08T06:58:38.695Z,buy,1.007e-05,15.0,0.00015105
EVX/BTC,1610089194589,2021-01-08T06:59:54.589Z,buy,1.006e-05,713.0,0.00717278
