symbol,timestamp,datetime,side,price,amount,btc_volume
FIO/BTC,1612285213889,2021-02-02T17:00:13.889Z,sell,2.44e-06,602.0,0.0014688799999999999
FIO/BTC,1612285213894,2021-02-02T17:00:13.894Z,sell,2.43e-06,648.0,0.00157464
FIO/BTC,1612285222574,2021-02-02T17:00:22.574Z,sell,2.43e-06,342.0,0.00083106
FIO/BTC,1612285240871,2021-02-02T17:00:40.871Z,buy,2.44e-06,159.0,0.00038795999999999997
FIO/BTC,1612285248064,2021-02-02T17:00:48.064Z,sell,2.43e-06,986.0,0.00239598
FIO/BTC,1612285255012,2021-02-02T17:00:55.012Z,sell,2.43e-06,11370.0,0.0276291
FIO/BTC,1612285258963,2021-02-02T17:00:58.963Z,buy,2.44e-06,1689.0,0.00412116
FIO/BTC,1612285259854,2021-02-02T17:00:59.854Z,buy,2.44e-06,1688.0,0.00411872
FIO/BTC,1612285259893,2021-02-02T17:00:59.893Z,buy,2.44e-06,2329.0,0.00568276
FIO/BTC,1612285259923,2021-02-02T17:00:59.923Z,buy,2.44e-06,1687.0,0.00411628
FIO/BTC,1612285287584,2021-02-02T17:01:27.584Z,sell,2.43e-06,300.0,0.000729
FIO/BTC,1612285291348,2021-02-02T17:01:31.348Z,buy,2.44e-06,1404.0,0.00342576
FIO/BTC,1612285292330,2021-02-02T17:01:32.330Z,buy,2.44e-06,649.0,0.00158356
FIO/BTC,1612285296765,2021-02-02T17:01:36.765Z,buy,2.44e-06,794.0,0.00193736
FIO/BTC,1612285303357,2021-02-02T17:01:43.357Z,buy,2.44e-06,76.0,0.00018543999999999999
FIO/BTC,1612285304265,2021-02-02T17:01:44.265Z,buy,2.44e-06,193.0,0.00047092
FIO/BTC,1612285306853,2021-02-02T17:01:46.853Z,buy,2.44e-06,849.0,0.00207156
FIO/BTC,1612285306912,2021-02-02T17:01:46.912Z,buy,2.44e-06,10335.0,0.0252174
FIO/BTC,1612285307914,2021-02-02T17:01:47.914Z,buy,2.45e-06,76.0,0.0001862
FIO/BTC,1612285325850,2021-02-02T17:02:05.850Z,buy,2.45e-06,76.0,0.0001862
FIO/BTC,1612285330445,2021-02-02T17:02:10.445Z,buy,2.45e-06,76.0,0.0001862
FIO/BTC,1612285348041,2021-02-02T17:02:28.041Z,sell,2.43e-06,1061.0,0.00257823
FIO/BTC,1612285349504,2021-02-02T17:02:29.504Z,buy,2.45e-06,76.0,0.0001862
FIO/BTC,1612285355402,2021-02-02T17:02:35.402Z,buy,2.45e-06,76.0,0.0001862
FIO/BTC,1612285361170,2021-02-02T17:02:41.170Z,buy,2.45e-06,75.0,0.00018375
FIO/BTC,1612285378377,2021-02-02T17:02:58.377Z,buy,2.45e-06,50.0,0.0001225
FIO/BTC,1612285383177,2021-02-02T17:03:03.177Z,buy,2.45e-06,50.0,0.0001225
FIO/BTC,1612285400163,2021-02-02T17:03:20.163Z,buy,2.45e-06,50.0,0.0001225
FIO/BTC,1612285404352,2021-02-02T17:03:24.352Z,buy,2.45e-06,50.0,0.0001225
FIO/BTC,1612285407705,2021-02-02T17:03:27.705Z,buy,2.45e-06,50.0,0.0001225
FIO/BTC,1612285414060,2021-02-02T17:03:34.060Z,buy,2.45e-06,50.0,0.0001225
FIO/BTC,1612285434115,2021-02-02T17:03:54.115Z,buy,2.45e-06,50.0,0.0001225
FIO/BTC,1612285439306,2021-02-02T17:03:59.306Z,buy,2.45e-06,50.0,0.0001225
FIO/BTC,1612285455786,2021-02-02T17:04:15.786Z,buy,2.45e-06,50.0,0.0001225
FIO/BTC,1612285461859,2021-02-02T17:04:21.859Z,buy,2.45e-06,50.0,0.0001225
FIO/BTC,1612285467104,2021-02-02T17:04:27.104Z,buy,2.45e-06,50.0,0.0001225
FIO/BTC,1612285471733,2021-02-02T17:04:31.733Z,buy,2.45e-06,889.0,0.00217805
FIO/BTC,1612285472344,2021-02-02T17:04:32.344Z,buy,2.45e-06,50.0,0.0001225
FIO/BTC,1612285475462,2021-02-02T17:04:35.462Z,sell,2.44e-06,394.0,0.00096136
FIO/BTC,1612285480344,2021-02-02T17:04:40.344Z,sell,2.44e-06,129.0,0.00031476
FIO/BTC,1612285489560,2021-02-02T17:04:49.560Z,buy,2.45e-06,50.0,0.0001225
FIO/BTC,1612285497560,2021-02-02T17:04:57.560Z,buy,2.45e-06,50.0,0.0001225
FIO/BTC,1612285504277,2021-02-02T17:05:04.277Z,buy,2.45e-06,50.0,0.0001225
FIO/BTC,1612285507449,2021-02-02T17:05:07.449Z,buy,2.45e-06,50.0,0.0001225
FIO/BTC,1612285513386,2021-02-02T17:05:13.386Z,buy,2.45e-06,50.0,0.0001225
FIO/BTC,1612285518231,2021-02-02T17:05:18.231Z,buy,2.45e-06,50.0,0.0001225
FIO/BTC,1612285569115,2021-02-02T17:06:09.115Z,sell,2.44e-06,728.0,0.0017763199999999999
FIO/BTC,1612285584699,2021-02-02T17:06:24.699Z,sell,2.44e-06,12636.0,0.03083184
FIO/BTC,1612285593177,2021-02-02T17:06:33.177Z,buy,2.45e-06,9553.0,0.023404849999999998
FIO/BTC,1612285593185,2021-02-02T17:06:33.185Z,sell,2.45e-06,559.0,0.00136955
FIO/BTC,1612285593185,2021-02-02T17:06:33.185Z,sell,2.45e-06,485.0,0.0011882499999999999
FIO/BTC,1612285593185,2021-02-02T17:06:33.185Z,sell,2.45e-06,609.0,0.00149205
FIO/BTC,1612285609057,2021-02-02T17:06:49.057Z,buy,2.45e-06,1603.0,0.00392735
FIO/BTC,1612285609072,2021-02-02T17:06:49.072Z,sell,2.45e-06,649.0,0.00159005
FIO/BTC,1612285609085,2021-02-02T17:06:49.085Z,sell,2.45e-06,649.0,0.00159005
FIO/BTC,1612285609094,2021-02-02T17:06:49.094Z,sell,2.45e-06,648.0,0.0015876
FIO/BTC,1612285609110,2021-02-02T17:06:49.110Z,sell,2.45e-06,487.0,0.00119315
FIO/BTC,1612285609127,2021-02-02T17:06:49.127Z,sell,2.45e-06,486.0,0.0011906999999999998
FIO/BTC,1612285609128,2021-02-02T17:06:49.128Z,sell,2.45e-06,1916.0,0.0046942
FIO/BTC,1612285609128,2021-02-02T17:06:49.128Z,sell,2.44e-06,1621.0,0.00395524
FIO/BTC,1612285628854,2021-02-02T17:07:08.854Z,sell,2.44e-06,467.0,0.00113948
FIO/BTC,1612285629234,2021-02-02T17:07:09.234Z,sell,2.44e-06,1286.0,0.00313784
FIO/BTC,1612285652464,2021-02-02T17:07:32.464Z,sell,2.44e-06,1878.0,0.00458232
FIO/BTC,1612285721954,2021-02-02T17:08:41.954Z,sell,2.44e-06,13935.0,0.0340014
FIO/BTC,1612285732862,2021-02-02T17:08:52.862Z,sell,2.44e-06,1671.0,0.00407724
FIO/BTC,1612285733464,2021-02-02T17:08:53.464Z,sell,2.44e-06,156.0,0.00038064
FIO/BTC,1612285733464,2021-02-02T17:08:53.464Z,sell,2.43e-06,10261.0,0.02493423
FIO/BTC,1612285761816,2021-02-02T17:09:21.816Z,buy,2.45e-06,447.0,0.00109515
FIO/BTC,1612285824962,2021-02-02T17:10:24.962Z,sell,2.44e-06,824.0,0.0020105599999999998
FIO/BTC,1612285835440,2021-02-02T17:10:35.440Z,sell,2.43e-06,115.0,0.00027945
FIO/BTC,1612285841774,2021-02-02T17:10:41.774Z,sell,2.43e-06,728.0,0.00176904
FIO/BTC,1612285855739,2021-02-02T17:10:55.739Z,buy,2.45e-06,2301.0,0.00563745
FIO/BTC,1612285862072,2021-02-02T17:11:02.072Z,sell,2.44e-06,237.0,0.00057828
FIO/BTC,1612285862076,2021-02-02T17:11:02.076Z,sell,2.44e-06,1718.0,0.00419192
FIO/BTC,1612285862076,2021-02-02T17:11:02.076Z,sell,2.43e-06,237.0,0.00057591
FIO/BTC,1612285932045,2021-02-02T17:12:12.045Z,buy,2.45e-06,3734.0,0.0091483
FIO/BTC,1612285954375,2021-02-02T17:12:34.375Z,sell,2.43e-06,1900.0,0.0046170000000000004
FIO/BTC,1612285980374,2021-02-02T17:13:00.374Z,sell,2.43e-06,4009.0,0.00974187
FIO/BTC,1612285991670,2021-02-02T17:13:11.670Z,buy,2.44e-06,250.0,0.00061
FIO/BTC,1612286007320,2021-02-02T17:13:27.320Z,sell,2.43e-06,1900.0,0.0046170000000000004
FIO/BTC,1612286025705,2021-02-02T17:13:45.705Z,sell,2.43e-06,548.0,0.00133164
FIO/BTC,1612286052730,2021-02-02T17:14:12.730Z,buy,2.45e-06,1141.0,0.0027954499999999997
FIO/BTC,1612286118002,2021-02-02T17:15:18.002Z,sell,2.43e-06,712.0,0.0017301600000000001
FIO/BTC,1612286118580,2021-02-02T17:15:18.580Z,buy,2.45e-06,1528.0,0.0037435999999999997
FIO/BTC,1612286120149,2021-02-02T17:15:20.149Z,buy,2.45e-06,367.0,0.0008991499999999999
FIO/BTC,1612286130171,2021-02-02T17:15:30.171Z,sell,2.43e-06,6728.0,0.01634904
FIO/BTC,1612286130171,2021-02-02T17:15:30.171Z,sell,2.42e-06,17252.0,0.04174984
FIO/BTC,1612286134135,2021-02-02T17:15:34.135Z,buy,2.43e-06,651.0,0.00158193
FIO/BTC,1612286134137,2021-02-02T17:15:34.137Z,buy,2.43e-06,2740.0,0.0066582
FIO/BTC,1612286167560,2021-02-02T17:16:07.560Z,buy,2.44e-06,1235.0,0.0030134
FIO/BTC,1612286194191,2021-02-02T17:16:34.191Z,sell,2.43e-06,535.0,0.00130005
FIO/BTC,1612286206471,2021-02-02T17:16:46.471Z,sell,2.43e-06,1580.0,0.0038394
FIO/BTC,1612286211959,2021-02-02T17:16:51.959Z,buy,2.44e-06,424.0,0.00103456
FIO/BTC,1612286242124,2021-02-02T17:17:22.124Z,buy,2.44e-06,1223.0,0.00298412
FIO/BTC,1612286244666,2021-02-02T17:17:24.666Z,buy,2.44e-06,6299.0,0.015369559999999999
FIO/BTC,1612286281312,2021-02-02T17:18:01.312Z,buy,2.44e-06,1140.0,0.0027816
FIO/BTC,1612286286621,2021-02-02T17:18:06.621Z,buy,2.44e-06,812.0,0.0019812799999999998
FIO/BTC,1612286290111,2021-02-02T17:18:10.111Z,sell,2.43e-06,11922.0,0.02897046
FIO/BTC,1612286328690,2021-02-02T17:18:48.690Z,sell,2.43e-06,3309.0,0.00804087
FIO/BTC,1612286328691,2021-02-02T17:18:48.691Z,sell,2.43e-06,2452.0,0.00595836
FIO/BTC,1612286357097,2021-02-02T17:19:17.097Z,buy,2.43e-06,5761.0,0.01399923
FIO/BTC,1612286357097,2021-02-02T17:19:17.097Z,buy,2.44e-06,2439.0,0.00595116
FIO/BTC,1612286363979,2021-02-02T17:19:23.979Z,sell,2.43e-06,12152.0,0.02952936
FIO/BTC,1612286376749,2021-02-02T17:19:36.749Z,sell,2.43e-06,111.0,0.00026973
FIO/BTC,1612286376751,2021-02-02T17:19:36.751Z,sell,2.42e-06,163.0,0.00039446
FIO/BTC,1612286381309,2021-02-02T17:19:41.309Z,sell,2.42e-06,87.0,0.00021054
FIO/BTC,1612286401518,2021-02-02T17:20:01.518Z,sell,2.42e-06,2715.0,0.0065703
FIO/BTC,1612286401540,2021-02-02T17:20:01.540Z,sell,2.42e-06,5280.0,0.0127776
FIO/BTC,1612286401577,2021-02-02T17:20:01.577Z,sell,2.42e-06,2715.0,0.0065703
FIO/BTC,1612286401680,2021-02-02T17:20:01.680Z,sell,2.42e-06,3060.0,0.007405200000000001
FIO/BTC,1612286401721,2021-02-02T17:20:01.721Z,sell,2.42e-06,2846.0,0.006887320000000001
FIO/BTC,1612286401761,2021-02-02T17:20:01.761Z,sell,2.42e-06,2003.0,0.00484726
FIO/BTC,1612286402915,2021-02-02T17:20:02.915Z,buy,2.43e-06,5126.0,0.01245618
FIO/BTC,1612286402930,2021-02-02T17:20:02.930Z,sell,2.43e-06,7026.0,0.01707318
FIO/BTC,1612286402971,2021-02-02T17:20:02.971Z,buy,2.42e-06,3212.0,0.00777304
FIO/BTC,1612286421438,2021-02-02T17:20:21.438Z,sell,2.42e-06,3215.0,0.0077803
FIO/BTC,1612286421439,2021-02-02T17:20:21.439Z,sell,2.42e-06,176.0,0.00042592000000000004
FIO/BTC,1612286422045,2021-02-02T17:20:22.045Z,sell,2.41e-06,4205.0,0.010134049999999999
FIO/BTC,1612286422046,2021-02-02T17:20:22.046Z,sell,2.41e-06,111.0,0.00026751
FIO/BTC,1612286422118,2021-02-02T17:20:22.118Z,sell,2.41e-06,4936.0,0.011895759999999998
FIO/BTC,1612286422945,2021-02-02T17:20:22.945Z,sell,2.41e-06,1997.0,0.004812769999999999
FIO/BTC,1612286424194,2021-02-02T17:20:24.194Z,sell,2.41e-06,120.0,0.0002892
FIO/BTC,1612286425801,2021-02-02T17:20:25.801Z,sell,2.41e-06,13007.0,0.03134687
FIO/BTC,1612286427054,2021-02-02T17:20:27.054Z,buy,2.42e-06,1029.0,0.0024901800000000003
FIO/BTC,1612286427254,2021-02-02T17:20:27.254Z,buy,2.42e-06,728.0,0.00176176
FIO/BTC,1612286428111,2021-02-02T17:20:28.111Z,sell,2.41e-06,191.0,0.00046030999999999996
FIO/BTC,1612286428118,2021-02-02T17:20:28.118Z,sell,2.41e-06,163.0,0.00039283
FIO/BTC,1612286428124,2021-02-02T17:20:28.124Z,sell,2.41e-06,1508.0,0.0036342799999999997
FIO/BTC,1612286452194,2021-02-02T17:20:52.194Z,sell,2.4e-06,1446.0,0.0034704
FIO/BTC,1612286466315,2021-02-02T17:21:06.315Z,sell,2.4e-06,6431.0,0.0154344
FIO/BTC,1612286466315,2021-02-02T17:21:06.315Z,sell,2.39e-06,2144.0,0.00512416
FIO/BTC,1612286467086,2021-02-02T17:21:07.086Z,buy,2.41e-06,1967.0,0.004740469999999999
FIO/BTC,1612286467289,2021-02-02T17:21:07.289Z,buy,2.41e-06,226.0,0.00054466
FIO/BTC,1612286469929,2021-02-02T17:21:09.929Z,sell,2.39e-06,2924.0,0.00698836
FIO/BTC,1612286485708,2021-02-02T17:21:25.708Z,sell,2.39e-06,69.0,0.00016491
FIO/BTC,1612286487879,2021-02-02T17:21:27.879Z,sell,2.39e-06,12718.0,0.03039602
FIO/BTC,1612286498378,2021-02-02T17:21:38.378Z,buy,2.4e-06,2404.0,0.0057696
FIO/BTC,1612286507932,2021-02-02T17:21:47.932Z,buy,2.4e-06,774.0,0.0018575999999999998
FIO/BTC,1612286512784,2021-02-02T17:21:52.784Z,sell,2.39e-06,6292.0,0.01503788
FIO/BTC,1612286515007,2021-02-02T17:21:55.007Z,buy,2.4e-06,552.0,0.0013248
FIO/BTC,1612286524171,2021-02-02T17:22:04.171Z,buy,2.4e-06,50.0,0.00011999999999999999
FIO/BTC,1612286527795,2021-02-02T17:22:07.795Z,buy,2.4e-06,50.0,0.00011999999999999999
FIO/BTC,1612286531344,2021-02-02T17:22:11.344Z,buy,2.4e-06,50.0,0.00011999999999999999
FIO/BTC,1612286534932,2021-02-02T17:22:14.932Z,buy,2.4e-06,50.0,0.00011999999999999999
FIO/BTC,1612286538202,2021-02-02T17:22:18.202Z,buy,2.4e-06,50.0,0.00011999999999999999
FIO/BTC,1612286541498,2021-02-02T17:22:21.498Z,buy,2.4e-06,50.0,0.00011999999999999999
FIO/BTC,1612286544900,2021-02-02T17:22:24.900Z,buy,2.4e-06,345.0,0.000828
FIO/BTC,1612286545255,2021-02-02T17:22:25.255Z,buy,2.4e-06,50.0,0.00011999999999999999
FIO/BTC,1612286548543,2021-02-02T17:22:28.543Z,buy,2.4e-06,50.0,0.00011999999999999999
FIO/BTC,1612286552177,2021-02-02T17:22:32.177Z,buy,2.4e-06,100.0,0.00023999999999999998
FIO/BTC,1612286555367,2021-02-02T17:22:35.367Z,buy,2.4e-06,50.0,0.00011999999999999999
FIO/BTC,1612286558790,2021-02-02T17:22:38.790Z,buy,2.4e-06,50.0,0.00011999999999999999
FIO/BTC,1612286562551,2021-02-02T17:22:42.551Z,buy,2.4e-06,50.0,0.00011999999999999999
FIO/BTC,1612286565902,2021-02-02T17:22:45.902Z,buy,2.4e-06,50.0,0.00011999999999999999
FIO/BTC,1612286567787,2021-02-02T17:22:47.787Z,buy,2.4e-06,381.0,0.0009144
FIO/BTC,1612286571788,2021-02-02T17:22:51.788Z,buy,2.4e-06,50.0,0.00011999999999999999
FIO/BTC,1612286571986,2021-02-02T17:22:51.986Z,buy,2.4e-06,6580.0,0.015792
FIO/BTC,1612286588046,2021-02-02T17:23:08.046Z,buy,2.4e-06,42.0,0.0001008
FIO/BTC,1612286612561,2021-02-02T17:23:32.561Z,buy,2.4e-06,13085.0,0.031404
FIO/BTC,1612286626401,2021-02-02T17:23:46.401Z,buy,2.41e-06,2662.0,0.00641542
FIO/BTC,1612286626408,2021-02-02T17:23:46.408Z,sell,2.41e-06,2213.0,0.00533333
FIO/BTC,1612286626408,2021-02-02T17:23:46.408Z,sell,2.41e-06,2213.0,0.00533333
FIO/BTC,1612286626420,2021-02-02T17:23:46.420Z,sell,2.41e-06,178.0,0.00042898
FIO/BTC,1612286631110,2021-02-02T17:23:51.110Z,buy,2.41e-06,50.0,0.00012049999999999999
FIO/BTC,1612286634627,2021-02-02T17:23:54.627Z,sell,2.4e-06,481.0,0.0011543999999999999
FIO/BTC,1612286648950,2021-02-02T17:24:08.950Z,sell,2.4e-06,224.0,0.0005376
FIO/BTC,1612286649330,2021-02-02T17:24:09.330Z,sell,2.4e-06,797.0,0.0019127999999999999
FIO/BTC,1612286728878,2021-02-02T17:25:28.878Z,sell,2.4e-06,1026.0,0.0024624
FIO/BTC,1612286741618,2021-02-02T17:25:41.618Z,sell,2.4e-06,2327.0,0.0055848
FIO/BTC,1612286741618,2021-02-02T17:25:41.618Z,sell,2.39e-06,17916.0,0.04281924
FIO/BTC,1612286741618,2021-02-02T17:25:41.618Z,sell,2.38e-06,4354.0,0.01036252
FIO/BTC,1612286746786,2021-02-02T17:25:46.786Z,sell,2.39e-06,1197.0,0.00286083
FIO/BTC,1612286751011,2021-02-02T17:25:51.011Z,buy,2.4e-06,1724.0,0.0041376
FIO/BTC,1612286752615,2021-02-02T17:25:52.615Z,buy,2.4e-06,509.0,0.0012216
FIO/BTC,1612286754814,2021-02-02T17:25:54.814Z,buy,2.4e-06,1973.0,0.0047352
FIO/BTC,1612286837231,2021-02-02T17:27:17.231Z,buy,2.4e-06,94.0,0.00022559999999999998
FIO/BTC,1612286877292,2021-02-02T17:27:57.292Z,sell,2.39e-06,3988.0,0.00953132
FIO/BTC,1612286912494,2021-02-02T17:28:32.494Z,sell,2.39e-06,250.0,0.0005975
FIO/BTC,1612286912503,2021-02-02T17:28:32.503Z,buy,2.39e-06,256.0,0.00061184
FIO/BTC,1612286912506,2021-02-02T17:28:32.506Z,buy,2.39e-06,24.0,5.736e-05
FIO/BTC,1612286979594,2021-02-02T17:29:39.594Z,buy,2.4e-06,1223.0,0.0029352
FIO/BTC,1612286984569,2021-02-02T17:29:44.569Z,sell,2.39e-06,1705.0,0.00407495
FIO/BTC,1612286984569,2021-02-02T17:29:44.569Z,sell,2.39e-06,2616.0,0.00625224
FIO/BTC,1612286993675,2021-02-02T17:29:53.675Z,sell,2.38e-06,172.0,0.00040936
FIO/BTC,1612287004740,2021-02-02T17:30:04.740Z,sell,2.39e-06,7408.0,0.01770512
FIO/BTC,1612287030813,2021-02-02T17:30:30.813Z,sell,2.38e-06,1213.0,0.00288694
FIO/BTC,1612287036728,2021-02-02T17:30:36.728Z,buy,2.4e-06,50.0,0.00011999999999999999
FIO/BTC,1612287041730,2021-02-02T17:30:41.730Z,buy,2.4e-06,50.0,0.00011999999999999999
FIO/BTC,1612287048404,2021-02-02T17:30:48.404Z,sell,2.39e-06,50.0,0.0001195
FIO/BTC,1612287048404,2021-02-02T17:30:48.404Z,sell,2.38e-06,615.0,0.0014637
FIO/BTC,1612287048419,2021-02-02T17:30:48.419Z,sell,2.38e-06,497.0,0.00118286
FIO/BTC,1612287048433,2021-02-02T17:30:48.433Z,sell,2.38e-06,664.0,0.00158032
FIO/BTC,1612287051650,2021-02-02T17:30:51.650Z,buy,2.4e-06,50.0,0.00011999999999999999
FIO/BTC,1612287056228,2021-02-02T17:30:56.228Z,sell,2.39e-06,50.0,0.0001195
FIO/BTC,1612287056228,2021-02-02T17:30:56.228Z,sell,2.38e-06,114.0,0.00027132
FIO/BTC,1612287060144,2021-02-02T17:31:00.144Z,buy,2.4e-06,50.0,0.00011999999999999999
FIO/BTC,1612287066453,2021-02-02T17:31:06.453Z,buy,2.4e-06,50.0,0.00011999999999999999
FIO/BTC,1612287072441,2021-02-02T17:31:12.441Z,buy,2.4e-06,50.0,0.00011999999999999999
FIO/BTC,1612287172977,2021-02-02T17:32:52.977Z,buy,2.4e-06,163.0,0.00039119999999999997
FIO/BTC,1612287180252,2021-02-02T17:33:00.252Z,sell,2.38e-06,1786.0,0.00425068
FIO/BTC,1612287189500,2021-02-02T17:33:09.500Z,buy,2.4e-06,387.0,0.0009287999999999999
FIO/BTC,1612287203155,2021-02-02T17:33:23.155Z,buy,2.4e-06,49.0,0.0001176
FIO/BTC,1612287203406,2021-02-02T17:33:23.406Z,buy,2.39e-06,832.0,0.00198848
FIO/BTC,1612287204148,2021-02-02T17:33:24.148Z,buy,2.39e-06,1291.0,0.00308549
FIO/BTC,1612287478192,2021-02-02T17:37:58.192Z,buy,2.4e-06,50.0,0.00011999999999999999
FIO/BTC,1612287483961,2021-02-02T17:38:03.961Z,buy,2.4e-06,50.0,0.00011999999999999999
FIO/BTC,1612287487992,2021-02-02T17:38:07.992Z,buy,2.4e-06,50.0,0.00011999999999999999
FIO/BTC,1612287491922,2021-02-02T17:38:11.922Z,sell,2.39e-06,4314.0,0.01031046
FIO/BTC,1612287518073,2021-02-02T17:38:38.073Z,sell,2.39e-06,6760.0,0.0161564
FIO/BTC,1612287583681,2021-02-02T17:39:43.681Z,sell,2.39e-06,2781.0,0.00664659
FIO/BTC,1612287664889,2021-02-02T17:41:04.889Z,sell,2.39e-06,3852.0,0.00920628
FIO/BTC,1612287668297,2021-02-02T17:41:08.297Z,buy,2.4e-06,50.0,0.00011999999999999999
FIO/BTC,1612287695905,2021-02-02T17:41:35.905Z,buy,2.4e-06,84.0,0.0002016
FIO/BTC,1612287729766,2021-02-02T17:42:09.766Z,buy,2.4e-06,194.0,0.0004656
FIO/BTC,1612287768801,2021-02-02T17:42:48.801Z,buy,2.4e-06,194.0,0.0004656
FIO/BTC,1612287779649,2021-02-02T17:42:59.649Z,buy,2.4e-06,137.0,0.00032879999999999997
FIO/BTC,1612287823474,2021-02-02T17:43:43.474Z,buy,2.4e-06,1079.0,0.0025896
FIO/BTC,1612287923869,2021-02-02T17:45:23.869Z,buy,2.4e-06,252.0,0.0006048
FIO/BTC,1612288025850,2021-02-02T17:47:05.850Z,sell,2.39e-06,178.0,0.00042542
FIO/BTC,1612288048302,2021-02-02T17:47:28.302Z,buy,2.4e-06,335.0,0.0008039999999999999
FIO/BTC,1612288085144,2021-02-02T17:48:05.144Z,buy,2.4e-06,924.0,0.0022175999999999997
FIO/BTC,1612288093748,2021-02-02T17:48:13.748Z,buy,2.4e-06,416.0,0.0009984
FIO/BTC,1612288186230,2021-02-02T17:49:46.230Z,sell,2.39e-06,14301.0,0.03417939
FIO/BTC,1612288192226,2021-02-02T17:49:52.226Z,buy,2.4e-06,68.0,0.00016319999999999998
FIO/BTC,1612288201697,2021-02-02T17:50:01.697Z,sell,2.39e-06,2727.0,0.00651753
FIO/BTC,1612288274400,2021-02-02T17:51:14.400Z,sell,2.38e-06,13072.0,0.03111136
FIO/BTC,1612288278887,2021-02-02T17:51:18.887Z,sell,2.38e-06,353.0,0.0008401400000000001
FIO/BTC,1612288342356,2021-02-02T17:52:22.356Z,buy,2.39e-06,325.0,0.00077675
FIO/BTC,1612288351015,2021-02-02T17:52:31.015Z,buy,2.4e-06,50.0,0.00011999999999999999
FIO/BTC,1612288358669,2021-02-02T17:52:38.669Z,sell,2.39e-06,50.0,0.0001195
FIO/BTC,1612288398141,2021-02-02T17:53:18.141Z,buy,2.4e-06,5267.0,0.012640799999999999
FIO/BTC,1612288398141,2021-02-02T17:53:18.141Z,buy,2.41e-06,9855.0,0.02375055
FIO/BTC,1612288398141,2021-02-02T17:53:18.141Z,buy,2.42e-06,5623.0,0.01360766
FIO/BTC,1612288398149,2021-02-02T17:53:18.149Z,sell,2.39e-06,485.0,0.00115915
FIO/BTC,1612288401281,2021-02-02T17:53:21.281Z,buy,2.4e-06,711.0,0.0017063999999999998
FIO/BTC,1612288401281,2021-02-02T17:53:21.281Z,buy,2.41e-06,471.0,0.00113511
FIO/BTC,1612288401545,2021-02-02T17:53:21.545Z,sell,2.4e-06,601.0,0.0014424
FIO/BTC,1612288405384,2021-02-02T17:53:25.384Z,sell,2.4e-06,1422.0,0.0034127999999999997
FIO/BTC,1612288408442,2021-02-02T17:53:28.442Z,sell,2.4e-06,1198.0,0.0028752
FIO/BTC,1612288408443,2021-02-02T17:53:28.443Z,sell,2.4e-06,1907.0,0.0045768
FIO/BTC,1612288415535,2021-02-02T17:53:35.535Z,sell,2.4e-06,165.0,0.000396
FIO/BTC,1612288415549,2021-02-02T17:53:35.549Z,sell,2.4e-06,799.0,0.0019176
FIO/BTC,1612288415557,2021-02-02T17:53:35.557Z,sell,2.39e-06,799.0,0.00190961
FIO/BTC,1612288430576,2021-02-02T17:53:50.576Z,buy,2.4e-06,50.0,0.00011999999999999999
FIO/BTC,1612288505073,2021-02-02T17:55:05.073Z,buy,2.4e-06,706.0,0.0016944
FIO/BTC,1612288517842,2021-02-02T17:55:17.842Z,buy,2.4e-06,1015.0,0.002436
FIO/BTC,1612288544224,2021-02-02T17:55:44.224Z,buy,2.4e-06,3514.0,0.0084336
FIO/BTC,1612288544243,2021-02-02T17:55:44.243Z,sell,2.4e-06,8986.0,0.0215664
FIO/BTC,1612288544252,2021-02-02T17:55:44.252Z,sell,2.39e-06,8652.0,0.02067828
FIO/BTC,1612288544252,2021-02-02T17:55:44.252Z,sell,2.38e-06,334.0,0.0007949200000000001
FIO/BTC,1612288553673,2021-02-02T17:55:53.673Z,sell,2.39e-06,2390.0,0.0057121
FIO/BTC,1612288576940,2021-02-02T17:56:16.940Z,buy,2.41e-06,5850.0,0.014098499999999998
FIO/BTC,1612288596784,2021-02-02T17:56:36.784Z,sell,2.4e-06,279.0,0.0006696
FIO/BTC,1612288596787,2021-02-02T17:56:36.787Z,sell,2.4e-06,279.0,0.0006696
FIO/BTC,1612288596789,2021-02-02T17:56:36.789Z,sell,2.4e-06,288.0,0.0006912
FIO/BTC,1612288602872,2021-02-02T17:56:42.872Z,sell,2.4e-06,115.0,0.000276
FIO/BTC,1612288670717,2021-02-02T17:57:50.717Z,sell,2.4e-06,1169.0,0.0028055999999999997
FIO/BTC,1612288682397,2021-02-02T17:58:02.397Z,buy,2.41e-06,4005.0,0.009652049999999999
FIO/BTC,1612288685065,2021-02-02T17:58:05.065Z,sell,2.41e-06,295.0,0.0007109499999999999
FIO/BTC,1612288738792,2021-02-02T17:58:58.792Z,buy,2.41e-06,577.0,0.0013905699999999998
FIO/BTC,1612288759670,2021-02-02T17:59:19.670Z,sell,2.41e-06,767.0,0.0018484699999999998
FIO/BTC,1612288759672,2021-02-02T17:59:19.672Z,sell,2.41e-06,248.0,0.00059768
FIO/BTC,1612288760488,2021-02-02T17:59:20.488Z,sell,2.41e-06,167.0,0.00040247
FIO/BTC,1612288763830,2021-02-02T17:59:23.830Z,buy,2.41e-06,1182.0,0.0028486199999999996
FIO/BTC,1612288765959,2021-02-02T17:59:25.959Z,buy,2.41e-06,250.0,0.0006025
FIO/BTC,1612288773172,2021-02-02T17:59:33.172Z,buy,2.41e-06,1182.0,0.0028486199999999996
FIO/BTC,1612288777074,2021-02-02T17:59:37.074Z,buy,2.41e-06,457.0,0.00110137
FIO/BTC,1612288784333,2021-02-02T17:59:44.333Z,buy,2.41e-06,353.0,0.00085073
FIO/BTC,1612288786340,2021-02-02T17:59:46.340Z,buy,2.41e-06,197.0,0.00047476999999999996
FIO/BTC,1612288792812,2021-02-02T17:59:52.812Z,sell,2.41e-06,2304.0,0.005552639999999999
FIO/BTC,1612288798487,2021-02-02T17:59:58.487Z,sell,2.4e-06,457.0,0.0010968
FIO/BTC,1612288798487,2021-02-02T17:59:58.487Z,sell,2.4e-06,457.0,0.0010968
FIO/BTC,1612288802510,2021-02-02T18:00:02.510Z,sell,2.4e-06,577.0,0.0013847999999999998
FIO/BTC,1612288821793,2021-02-02T18:00:21.793Z,sell,2.39e-06,20724.0,0.04953036
FIO/BTC,1612288828631,2021-02-02T18:00:28.631Z,sell,2.4e-06,132.0,0.0003168
FIO/BTC,1612288828644,2021-02-02T18:00:28.644Z,buy,2.4e-06,660.0,0.001584
FIO/BTC,1612288828648,2021-02-02T18:00:28.648Z,buy,2.4e-06,906.0,0.0021744
FIO/BTC,1612288828656,2021-02-02T18:00:28.656Z,buy,2.4e-06,660.0,0.001584
FIO/BTC,1612288828669,2021-02-02T18:00:28.669Z,buy,2.4e-06,495.0,0.001188
FIO/BTC,1612288828681,2021-02-02T18:00:28.681Z,buy,2.4e-06,321.0,0.0007704
FIO/BTC,1612288828688,2021-02-02T18:00:28.688Z,buy,2.4e-06,238.0,0.0005712
FIO/BTC,1612288866694,2021-02-02T18:01:06.694Z,buy,2.4e-06,1534.0,0.0036815999999999997
FIO/BTC,1612288866705,2021-02-02T18:01:06.705Z,buy,2.4e-06,80.0,0.000192
FIO/BTC,1612288874420,2021-02-02T18:01:14.420Z,buy,2.4e-06,416.0,0.0009984
FIO/BTC,1612288877072,2021-02-02T18:01:17.072Z,sell,2.39e-06,1013.0,0.00242107
FIO/BTC,1612288956516,2021-02-02T18:02:36.516Z,buy,2.4e-06,6359.0,0.0152616
FIO/BTC,1612288956520,2021-02-02T18:02:36.520Z,buy,2.4e-06,3904.0,0.009369599999999999
FIO/BTC,1612289006316,2021-02-02T18:03:26.316Z,sell,2.4e-06,888.0,0.0021311999999999998
FIO/BTC,1612289006408,2021-02-02T18:03:26.408Z,buy,2.41e-06,3086.0,0.007437259999999999
FIO/BTC,1612289037125,2021-02-02T18:03:57.125Z,sell,2.4e-06,2000.0,0.0048
FIO/BTC,1612289068599,2021-02-02T18:04:28.599Z,buy,2.41e-06,189.0,0.00045548999999999996
FIO/BTC,1612289161375,2021-02-02T18:06:01.375Z,buy,2.41e-06,1368.0,0.00329688
FIO/BTC,1612289184955,2021-02-02T18:06:24.955Z,sell,2.4e-06,69.0,0.0001656
FIO/BTC,1612289206865,2021-02-02T18:06:46.865Z,buy,2.41e-06,190.0,0.00045789999999999996
FIO/BTC,1612289214929,2021-02-02T18:06:54.929Z,buy,2.41e-06,4141.0,0.009979809999999999
FIO/BTC,1612289268766,2021-02-02T18:07:48.766Z,buy,2.42e-06,215.0,0.0005203
FIO/BTC,1612289300256,2021-02-02T18:08:20.256Z,buy,2.42e-06,683.0,0.0016528600000000001
FIO/BTC,1612289419683,2021-02-02T18:10:19.683Z,buy,2.42e-06,284.0,0.0006872800000000001
FIO/BTC,1612289478348,2021-02-02T18:11:18.348Z,buy,2.42e-06,42.0,0.00010164000000000001
FIO/BTC,1612289502236,2021-02-02T18:11:42.236Z,buy,2.43e-06,880.0,0.0021384
FIO/BTC,1612289555019,2021-02-02T18:12:35.019Z,buy,2.43e-06,17499.0,0.04252257
FIO/BTC,1612289555027,2021-02-02T18:12:35.027Z,sell,2.43e-06,12009.0,0.02918187
FIO/BTC,1612289555028,2021-02-02T18:12:35.028Z,sell,2.43e-06,1661.0,0.00403623
FIO/BTC,1612289555028,2021-02-02T18:12:35.028Z,sell,2.42e-06,8.0,1.936e-05
FIO/BTC,1612289564935,2021-02-02T18:12:44.935Z,buy,2.42e-06,2958.0,0.007158360000000001
FIO/BTC,1612289570147,2021-02-02T18:12:50.147Z,sell,2.42e-06,433.0,0.00104786
FIO/BTC,1612289575209,2021-02-02T18:12:55.209Z,buy,2.43e-06,237.0,0.00057591
FIO/BTC,1612289587818,2021-02-02T18:13:07.818Z,buy,2.43e-06,2998.0,0.00728514
FIO/BTC,1612289617790,2021-02-02T18:13:37.790Z,buy,2.43e-06,156.0,0.00037908
FIO/BTC,1612289617790,2021-02-02T18:13:37.790Z,buy,2.44e-06,162.0,0.00039527999999999997
FIO/BTC,1612289631031,2021-02-02T18:13:51.031Z,sell,2.42e-06,879.0,0.00212718
FIO/BTC,1612289691284,2021-02-02T18:14:51.284Z,sell,2.42e-06,237.0,0.00057354
FIO/BTC,1612289715773,2021-02-02T18:15:15.773Z,buy,2.44e-06,13.0,3.172e-05
FIO/BTC,1612289800375,2021-02-02T18:16:40.375Z,buy,2.44e-06,3620.0,0.0088328
FIO/BTC,1612289828360,2021-02-02T18:17:08.360Z,buy,2.44e-06,3192.0,0.0077884799999999995
FIO/BTC,1612289843729,2021-02-02T18:17:23.729Z,buy,2.44e-06,327.0,0.0007978799999999999
FIO/BTC,1612289867767,2021-02-02T18:17:47.767Z,buy,2.44e-06,5284.0,0.01289296
FIO/BTC,1612289867775,2021-02-02T18:17:47.775Z,sell,2.44e-06,659.0,0.0016079599999999999
FIO/BTC,1612289867781,2021-02-02T18:17:47.781Z,sell,2.44e-06,5831.0,0.01422764
FIO/BTC,1612289867783,2021-02-02T18:17:47.783Z,sell,2.44e-06,660.0,0.0016104
FIO/BTC,1612289867794,2021-02-02T18:17:47.794Z,sell,2.44e-06,164.0,0.00040016
FIO/BTC,1612289867812,2021-02-02T18:17:47.812Z,sell,2.44e-06,2488.0,0.00607072
FIO/BTC,1612289901880,2021-02-02T18:18:21.880Z,buy,2.44e-06,562.0,0.00137128
FIO/BTC,1612289911580,2021-02-02T18:18:31.580Z,buy,2.45e-06,48.0,0.00011759999999999999
FIO/BTC,1612289923260,2021-02-02T18:18:43.260Z,buy,2.45e-06,409.0,0.00100205
FIO/BTC,1612289949735,2021-02-02T18:19:09.735Z,sell,2.44e-06,5320.0,0.012980799999999999
FIO/BTC,1612289973147,2021-02-02T18:19:33.147Z,sell,2.44e-06,106.0,0.00025864
FIO/BTC,1612289980722,2021-02-02T18:19:40.722Z,sell,2.44e-06,13518.0,0.03298392
FIO/BTC,1612290080445,2021-02-02T18:21:20.445Z,buy,2.45e-06,8505.0,0.020837249999999998
FIO/BTC,1612290099571,2021-02-02T18:21:39.571Z,sell,2.44e-06,998.0,0.00243512
FIO/BTC,1612290105776,2021-02-02T18:21:45.776Z,buy,2.45e-06,605.0,0.0014822499999999998
FIO/BTC,1612290150110,2021-02-02T18:22:30.110Z,buy,2.45e-06,17725.0,0.04342625
FIO/BTC,1612290150117,2021-02-02T18:22:30.117Z,sell,2.45e-06,3566.0,0.0087367
FIO/BTC,1612290150117,2021-02-02T18:22:30.117Z,sell,2.45e-06,3566.0,0.0087367
FIO/BTC,1612290150120,2021-02-02T18:22:30.120Z,sell,2.45e-06,5878.0,0.014401099999999998
FIO/BTC,1612290150122,2021-02-02T18:22:30.122Z,sell,2.45e-06,656.0,0.0016071999999999998
FIO/BTC,1612290156931,2021-02-02T18:22:36.931Z,sell,2.45e-06,2150.0,0.0052675
FIO/BTC,1612290159334,2021-02-02T18:22:39.334Z,sell,2.45e-06,198.0,0.0004851
FIO/BTC,1612290196384,2021-02-02T18:23:16.384Z,buy,2.46e-06,830.0,0.0020418000000000003
FIO/BTC,1612290236864,2021-02-02T18:23:56.864Z,buy,2.46e-06,3081.0,0.007579260000000001
FIO/BTC,1612290246637,2021-02-02T18:24:06.637Z,buy,2.46e-06,572.0,0.00140712
FIO/BTC,1612290246671,2021-02-02T18:24:06.671Z,sell,2.46e-06,1411.0,0.00347106
FIO/BTC,1612290323383,2021-02-02T18:25:23.383Z,buy,2.46e-06,664.0,0.0016334400000000001
FIO/BTC,1612290325971,2021-02-02T18:25:25.971Z,sell,2.45e-06,1735.0,0.004250749999999999
FIO/BTC,1612290326470,2021-02-02T18:25:26.470Z,sell,2.45e-06,66.0,0.0001617
FIO/BTC,1612290400615,2021-02-02T18:26:40.615Z,buy,2.46e-06,41.0,0.00010086
FIO/BTC,1612290543430,2021-02-02T18:29:03.430Z,buy,2.46e-06,2010.0,0.0049446
FIO/BTC,1612290543442,2021-02-02T18:29:03.442Z,sell,2.46e-06,2333.0,0.00573918
FIO/BTC,1612290543443,2021-02-02T18:29:03.443Z,sell,2.46e-06,1583.0,0.00389418
FIO/BTC,1612290543633,2021-02-02T18:29:03.633Z,sell,2.46e-06,1284.0,0.0031586400000000003
FIO/BTC,1612290548471,2021-02-02T18:29:08.471Z,buy,2.47e-06,2516.0,0.00621452
FIO/BTC,1612290570537,2021-02-02T18:29:30.537Z,buy,2.47e-06,8276.0,0.02044172
FIO/BTC,1612290605332,2021-02-02T18:30:05.332Z,buy,2.47e-06,1563.0,0.00386061
FIO/BTC,1612290605338,2021-02-02T18:30:05.338Z,sell,2.47e-06,9690.0,0.023934300000000002
FIO/BTC,1612290636469,2021-02-02T18:30:36.469Z,sell,2.46e-06,163.0,0.00040098
FIO/BTC,1612290638840,2021-02-02T18:30:38.840Z,buy,2.47e-06,667.0,0.0016474900000000002
FIO/BTC,1612290638848,2021-02-02T18:30:38.848Z,sell,2.47e-06,370.0,0.0009139
FIO/BTC,1612290638849,2021-02-02T18:30:38.849Z,sell,2.46e-06,494.0,0.00121524
FIO/BTC,1612290653285,2021-02-02T18:30:53.285Z,sell,2.46e-06,1199.0,0.00294954
FIO/BTC,1612290694215,2021-02-02T18:31:34.215Z,sell,2.46e-06,2624.0,0.00645504
FIO/BTC,1612290710667,2021-02-02T18:31:50.667Z,buy,2.47e-06,1516.0,0.0037445200000000003
FIO/BTC,1612290710667,2021-02-02T18:31:50.667Z,buy,2.48e-06,301.0,0.00074648
FIO/BTC,1612290725163,2021-02-02T18:32:05.163Z,sell,2.47e-06,3004.0,0.00741988
FIO/BTC,1612290725164,2021-02-02T18:32:05.164Z,sell,2.47e-06,5000.0,0.01235
FIO/BTC,1612290725164,2021-02-02T18:32:05.164Z,sell,2.47e-06,1796.0,0.00443612
FIO/BTC,1612290746756,2021-02-02T18:32:26.756Z,sell,2.47e-06,3600.0,0.008892
FIO/BTC,1612290746756,2021-02-02T18:32:26.756Z,sell,2.47e-06,631.0,0.00155857
FIO/BTC,1612290746777,2021-02-02T18:32:26.777Z,sell,2.46e-06,4231.0,0.01040826
FIO/BTC,1612290758474,2021-02-02T18:32:38.474Z,sell,2.46e-06,326.0,0.00080196
FIO/BTC,1612290807401,2021-02-02T18:33:27.401Z,sell,2.46e-06,984.0,0.00242064
FIO/BTC,1612290857535,2021-02-02T18:34:17.535Z,sell,2.46e-06,575.0,0.0014145000000000002
FIO/BTC,1612290857545,2021-02-02T18:34:17.545Z,buy,2.46e-06,639.0,0.0015719400000000002
FIO/BTC,1612290857545,2021-02-02T18:34:17.545Z,buy,2.46e-06,425.0,0.0010455
FIO/BTC,1612290873550,2021-02-02T18:34:33.550Z,sell,2.46e-06,585.0,0.0014391
FIO/BTC,1612290873557,2021-02-02T18:34:33.557Z,buy,2.46e-06,1735.0,0.0042681
FIO/BTC,1612290918692,2021-02-02T18:35:18.692Z,sell,2.46e-06,1299.0,0.00319554
FIO/BTC,1612290921078,2021-02-02T18:35:21.078Z,sell,2.46e-06,1112.0,0.00273552
FIO/BTC,1612290933126,2021-02-02T18:35:33.126Z,sell,2.45e-06,647.0,0.0015851499999999998
FIO/BTC,1612290939642,2021-02-02T18:35:39.642Z,sell,2.46e-06,716.0,0.00176136
FIO/BTC,1612290939643,2021-02-02T18:35:39.643Z,sell,2.45e-06,849.0,0.00208005
FIO/BTC,1612290965401,2021-02-02T18:36:05.401Z,sell,2.45e-06,2319.0,0.00568155
FIO/BTC,1612290971355,2021-02-02T18:36:11.355Z,sell,2.45e-06,2333.0,0.00571585
FIO/BTC,1612291026452,2021-02-02T18:37:06.452Z,sell,2.45e-06,2513.0,0.006156849999999999
FIO/BTC,1612291035417,2021-02-02T18:37:15.417Z,buy,2.47e-06,121.0,0.00029887
FIO/BTC,1612291075029,2021-02-02T18:37:55.029Z,buy,2.47e-06,3664.0,0.00905008
FIO/BTC,1612291134862,2021-02-02T18:38:54.862Z,sell,2.46e-06,1158.0,0.00284868
FIO/BTC,1612291134862,2021-02-02T18:38:54.862Z,sell,2.45e-06,627.0,0.0015361499999999998
FIO/BTC,1612291146838,2021-02-02T18:39:06.838Z,buy,2.47e-06,596.0,0.00147212
FIO/BTC,1612291146892,2021-02-02T18:39:06.892Z,buy,2.47e-06,1200.0,0.002964
FIO/BTC,1612291187601,2021-02-02T18:39:47.601Z,buy,2.47e-06,157.0,0.00038779
FIO/BTC,1612291207818,2021-02-02T18:40:07.818Z,buy,2.47e-06,87.0,0.00021489
FIO/BTC,1612291269348,2021-02-02T18:41:09.348Z,buy,2.47e-06,75.0,0.00018525
FIO/BTC,1612291317250,2021-02-02T18:41:57.250Z,buy,2.47e-06,306.0,0.00075582
FIO/BTC,1612291317260,2021-02-02T18:41:57.260Z,sell,2.47e-06,965.0,0.00238355
FIO/BTC,1612291317260,2021-02-02T18:41:57.260Z,sell,2.47e-06,1558.0,0.00384826
FIO/BTC,1612291318058,2021-02-02T18:41:58.058Z,sell,2.47e-06,322.0,0.0007953400000000001
FIO/BTC,1612291320353,2021-02-02T18:42:00.353Z,sell,2.46e-06,115.0,0.0002829
FIO/BTC,1612291320450,2021-02-02T18:42:00.450Z,sell,2.46e-06,408.0,0.00100368
FIO/BTC,1612291398888,2021-02-02T18:43:18.888Z,sell,2.46e-06,544.0,0.00133824
FIO/BTC,1612291423212,2021-02-02T18:43:43.212Z,buy,2.47e-06,49.0,0.00012103
FIO/BTC,1612291423959,2021-02-02T18:43:43.959Z,sell,2.47e-06,1069.0,0.00264043
FIO/BTC,1612291424062,2021-02-02T18:43:44.062Z,sell,2.47e-06,1059.0,0.00261573
FIO/BTC,1612291424202,2021-02-02T18:43:44.202Z,buy,2.47e-06,243.0,0.00060021
FIO/BTC,1612291509047,2021-02-02T18:45:09.047Z,buy,2.48e-06,48.0,0.00011904
FIO/BTC,1612291515432,2021-02-02T18:45:15.432Z,buy,2.48e-06,5782.0,0.01433936
FIO/BTC,1612291515432,2021-02-02T18:45:15.432Z,buy,2.48e-06,5782.0,0.01433936
FIO/BTC,1612291538360,2021-02-02T18:45:38.360Z,sell,2.47e-06,1582.0,0.00390754
FIO/BTC,1612291554043,2021-02-02T18:45:54.043Z,buy,2.49e-06,12781.0,0.031824689999999996
FIO/BTC,1612291617953,2021-02-02T18:46:57.953Z,buy,2.49e-06,64.0,0.00015936
FIO/BTC,1612291629231,2021-02-02T18:47:09.231Z,buy,2.49e-06,453.0,0.0011279699999999998
FIO/BTC,1612291697052,2021-02-02T18:48:17.052Z,buy,2.49e-06,41.0,0.00010209
FIO/BTC,1612291697052,2021-02-02T18:48:17.052Z,buy,2.5e-06,404.0,0.00101
FIO/BTC,1612291715802,2021-02-02T18:48:35.802Z,buy,2.5e-06,168.0,0.00042
FIO/BTC,1612291741051,2021-02-02T18:49:01.051Z,buy,2.5e-06,4406.0,0.011015
FIO/BTC,1612291748487,2021-02-02T18:49:08.487Z,sell,2.49e-06,1134.0,0.00282366
FIO/BTC,1612291748535,2021-02-02T18:49:08.535Z,sell,2.49e-06,1354.0,0.0033714599999999997
FIO/BTC,1612291750026,2021-02-02T18:49:10.026Z,sell,2.49e-06,1904.0,0.00474096
FIO/BTC,1612291751524,2021-02-02T18:49:11.524Z,sell,2.49e-06,228.0,0.00056772
FIO/BTC,1612291751786,2021-02-02T18:49:11.786Z,sell,2.48e-06,65.0,0.0001612
FIO/BTC,1612291751803,2021-02-02T18:49:11.803Z,sell,2.48e-06,1611.0,0.00399528
FIO/BTC,1612291752326,2021-02-02T18:49:12.326Z,sell,2.48e-06,1657.0,0.00410936
FIO/BTC,1612291753927,2021-02-02T18:49:13.927Z,sell,2.48e-06,1657.0,0.00410936
FIO/BTC,1612291755526,2021-02-02T18:49:15.526Z,sell,2.48e-06,247.0,0.00061256
FIO/BTC,1612291755727,2021-02-02T18:49:15.727Z,sell,2.48e-06,448.0,0.00111104
FIO/BTC,1612291762203,2021-02-02T18:49:22.203Z,buy,2.5e-06,370.0,0.000925
FIO/BTC,1612291789391,2021-02-02T18:49:49.391Z,buy,2.49e-06,81.0,0.00020169
FIO/BTC,1612291823898,2021-02-02T18:50:23.898Z,buy,2.49e-06,418.0,0.00104082
FIO/BTC,1612291863941,2021-02-02T18:51:03.941Z,buy,2.49e-06,463.0,0.0011528699999999998
FIO/BTC,1612291902161,2021-02-02T18:51:42.161Z,sell,2.48e-06,319.0,0.00079112
FIO/BTC,1612291902471,2021-02-02T18:51:42.471Z,sell,2.48e-06,320.0,0.0007936
FIO/BTC,1612291926501,2021-02-02T18:52:06.501Z,buy,2.49e-06,288.0,0.0007171199999999999
FIO/BTC,1612291972172,2021-02-02T18:52:52.172Z,sell,2.48e-06,300.0,0.000744
FIO/BTC,1612292140574,2021-02-02T18:55:40.574Z,sell,2.48e-06,822.0,0.00203856
FIO/BTC,1612292140594,2021-02-02T18:55:40.594Z,sell,2.47e-06,822.0,0.0020303400000000003
FIO/BTC,1612292148736,2021-02-02T18:55:48.736Z,buy,2.49e-06,479.0,0.00119271
FIO/BTC,1612292224359,2021-02-02T18:57:04.359Z,buy,2.49e-06,168.0,0.00041831999999999997
FIO/BTC,1612292277083,2021-02-02T18:57:57.083Z,buy,2.49e-06,719.0,0.0017903099999999998
FIO/BTC,1612292277083,2021-02-02T18:57:57.083Z,buy,2.49e-06,719.0,0.0017903099999999998
FIO/BTC,1612292448322,2021-02-02T19:00:48.322Z,buy,2.49e-06,521.0,0.00129729
FIO/BTC,1612292557676,2021-02-02T19:02:37.676Z,buy,2.49e-06,208.0,0.00051792
FIO/BTC,1612292652071,2021-02-02T19:04:12.071Z,sell,2.48e-06,20599.0,0.05108552
FIO/BTC,1612292652194,2021-02-02T19:04:12.194Z,sell,2.48e-06,853.0,0.00211544
FIO/BTC,1612292679694,2021-02-02T19:04:39.694Z,sell,2.47e-06,6573.0,0.01623531
FIO/BTC,1612292679694,2021-02-02T19:04:39.694Z,sell,2.47e-06,47266.0,0.11674702
FIO/BTC,1612292689731,2021-02-02T19:04:49.731Z,buy,2.47e-06,1569.0,0.00387543
FIO/BTC,1612292708786,2021-02-02T19:05:08.786Z,sell,2.47e-06,41.0,0.00010127
FIO/BTC,1612292710005,2021-02-02T19:05:10.005Z,sell,2.46e-06,8268.0,0.02033928
FIO/BTC,1612292733016,2021-02-02T19:05:33.016Z,sell,2.45e-06,520.0,0.001274
FIO/BTC,1612292733016,2021-02-02T19:05:33.016Z,sell,2.45e-06,8496.0,0.0208152
FIO/BTC,1612292734500,2021-02-02T19:05:34.500Z,buy,2.46e-06,1158.0,0.00284868
FIO/BTC,1612292740775,2021-02-02T19:05:40.775Z,sell,2.45e-06,927.0,0.00227115
FIO/BTC,1612292744008,2021-02-02T19:05:44.008Z,sell,2.45e-06,5208.0,0.0127596
FIO/BTC,1612292746217,2021-02-02T19:05:46.217Z,sell,2.45e-06,519.0,0.00127155
FIO/BTC,1612292746241,2021-02-02T19:05:46.241Z,sell,2.45e-06,838.0,0.0020531
FIO/BTC,1612292746260,2021-02-02T19:05:46.260Z,sell,2.45e-06,270.0,0.0006615
FIO/BTC,1612292751452,2021-02-02T19:05:51.452Z,sell,2.45e-06,718.0,0.0017591
FIO/BTC,1612292764858,2021-02-02T19:06:04.858Z,sell,2.45e-06,5391.0,0.01320795
FIO/BTC,1612292764915,2021-02-02T19:06:04.915Z,sell,2.45e-06,2878.0,0.007051099999999999
FIO/BTC,1612292766630,2021-02-02T19:06:06.630Z,sell,2.45e-06,619.0,0.00151655
FIO/BTC,1612292766630,2021-02-02T19:06:06.630Z,sell,2.45e-06,1632.0,0.0039984
FIO/BTC,1612292772976,2021-02-02T19:06:12.976Z,sell,2.45e-06,1440.0,0.003528
FIO/BTC,1612292772996,2021-02-02T19:06:12.996Z,sell,2.44e-06,1440.0,0.0035136
FIO/BTC,1612292772996,2021-02-02T19:06:12.996Z,sell,2.44e-06,615.0,0.0015006
FIO/BTC,1612292772996,2021-02-02T19:06:12.996Z,sell,2.43e-06,12711.0,0.03088773
FIO/BTC,1612292772996,2021-02-02T19:06:12.996Z,sell,2.43e-06,10590.0,0.0257337
FIO/BTC,1612292773014,2021-02-02T19:06:13.014Z,buy,2.43e-06,651.0,0.00158193
FIO/BTC,1612292773016,2021-02-02T19:06:13.016Z,buy,2.43e-06,1523.0,0.00370089
FIO/BTC,1612292773026,2021-02-02T19:06:13.026Z,buy,2.43e-06,131.0,0.00031833
FIO/BTC,1612292773045,2021-02-02T19:06:13.045Z,buy,2.43e-06,344.0,0.00083592
FIO/BTC,1612292773052,2021-02-02T19:06:13.052Z,buy,2.43e-06,345.0,0.00083835
FIO/BTC,1612292773111,2021-02-02T19:06:13.111Z,buy,2.43e-06,116.0,0.00028188
FIO/BTC,1612292773149,2021-02-02T19:06:13.149Z,buy,2.43e-06,1090.0,0.0026487
FIO/BTC,1612292773158,2021-02-02T19:06:13.158Z,buy,2.43e-06,1092.0,0.00265356
FIO/BTC,1612292773185,2021-02-02T19:06:13.185Z,buy,2.43e-06,684.0,0.00166212
FIO/BTC,1612292774181,2021-02-02T19:06:14.181Z,buy,2.43e-06,1039.0,0.00252477
FIO/BTC,1612292777285,2021-02-02T19:06:17.285Z,buy,2.43e-06,3086.0,0.00749898
FIO/BTC,1612292781317,2021-02-02T19:06:21.317Z,buy,2.43e-06,1379.0,0.00335097
FIO/BTC,1612292781506,2021-02-02T19:06:21.506Z,buy,2.43e-06,11210.0,0.027240300000000002
FIO/BTC,1612292795944,2021-02-02T19:06:35.944Z,sell,2.42e-06,3192.0,0.0077246400000000005
FIO/BTC,1612292803127,2021-02-02T19:06:43.127Z,sell,2.42e-06,19405.0,0.046960100000000005
FIO/BTC,1612292808758,2021-02-02T19:06:48.758Z,buy,2.43e-06,890.0,0.0021627
FIO/BTC,1612292813437,2021-02-02T19:06:53.437Z,buy,2.43e-06,19.0,4.617e-05
FIO/BTC,1612292813451,2021-02-02T19:06:53.451Z,sell,2.43e-06,651.0,0.00158193
FIO/BTC,1612292813458,2021-02-02T19:06:53.458Z,sell,2.43e-06,2313.0,0.00562059
FIO/BTC,1612292813507,2021-02-02T19:06:53.507Z,sell,2.43e-06,3723.0,0.00904689
FIO/BTC,1612292813974,2021-02-02T19:06:53.974Z,sell,2.43e-06,233.0,0.00056619
FIO/BTC,1612292814683,2021-02-02T19:06:54.683Z,buy,2.45e-06,1014.0,0.0024843
FIO/BTC,1612292814978,2021-02-02T19:06:54.978Z,buy,2.45e-06,418.0,0.0010241
FIO/BTC,1612292815544,2021-02-02T19:06:55.544Z,sell,2.43e-06,815.0,0.00198045
FIO/BTC,1612292815554,2021-02-02T19:06:55.554Z,sell,2.43e-06,4398.0,0.01068714
FIO/BTC,1612292815554,2021-02-02T19:06:55.554Z,sell,2.42e-06,815.0,0.0019723
FIO/BTC,1612292816180,2021-02-02T19:06:56.180Z,buy,2.44e-06,1981.0,0.00483364
FIO/BTC,1612292816480,2021-02-02T19:06:56.480Z,buy,2.44e-06,380.0,0.0009272
FIO/BTC,1612292848271,2021-02-02T19:07:28.271Z,sell,2.42e-06,149.0,0.00036058
FIO/BTC,1612292848271,2021-02-02T19:07:28.271Z,sell,2.42e-06,11020.0,0.026668400000000002
FIO/BTC,1612292848290,2021-02-02T19:07:28.290Z,buy,2.42e-06,1144.0,0.0027684800000000002
FIO/BTC,1612292848688,2021-02-02T19:07:28.688Z,buy,2.42e-06,172.0,0.00041624
FIO/BTC,1612292848908,2021-02-02T19:07:28.908Z,buy,2.42e-06,652.0,0.00157784
FIO/BTC,1612292851629,2021-02-02T19:07:31.629Z,buy,2.42e-06,655.0,0.0015851
FIO/BTC,1612292851640,2021-02-02T19:07:31.640Z,buy,2.42e-06,491.0,0.00118822
FIO/BTC,1612292855747,2021-02-02T19:07:35.747Z,buy,2.42e-06,3391.0,0.00820622
FIO/BTC,1612292856637,2021-02-02T19:07:36.637Z,sell,2.41e-06,4762.0,0.01147642
FIO/BTC,1612292861090,2021-02-02T19:07:41.090Z,buy,2.42e-06,1002.0,0.00242484
FIO/BTC,1612292863800,2021-02-02T19:07:43.800Z,sell,2.41e-06,24977.0,0.060194569999999996
FIO/BTC,1612292863805,2021-02-02T19:07:43.805Z,buy,2.41e-06,7256.0,0.01748696
FIO/BTC,1612292866745,2021-02-02T19:07:46.745Z,buy,2.42e-06,1264.0,0.0030588800000000004
FIO/BTC,1612292868733,2021-02-02T19:07:48.733Z,buy,2.42e-06,494.0,0.00119548
FIO/BTC,1612292889935,2021-02-02T19:08:09.935Z,sell,2.4e-06,168.0,0.0004032
FIO/BTC,1612292897337,2021-02-02T19:08:17.337Z,buy,2.42e-06,2637.0,0.006381540000000001
FIO/BTC,1612292898931,2021-02-02T19:08:18.931Z,sell,2.4e-06,110.0,0.00026399999999999997
FIO/BTC,1612292902753,2021-02-02T19:08:22.753Z,sell,2.4e-06,8584.0,0.020601599999999998
FIO/BTC,1612292912352,2021-02-02T19:08:32.352Z,buy,2.41e-06,658.0,0.00158578
FIO/BTC,1612292912354,2021-02-02T19:08:32.354Z,buy,2.41e-06,4197.0,0.010114769999999999
FIO/BTC,1612292923432,2021-02-02T19:08:43.432Z,buy,2.42e-06,1108.0,0.0026813600000000003
FIO/BTC,1612293008083,2021-02-02T19:10:08.083Z,buy,2.42e-06,42.0,0.00010164000000000001
FIO/BTC,1612293128012,2021-02-02T19:12:08.012Z,sell,2.41e-06,307.0,0.0007398699999999999
FIO/BTC,1612293128012,2021-02-02T19:12:08.012Z,sell,2.41e-06,18694.0,0.045052539999999995
FIO/BTC,1612293128026,2021-02-02T19:12:08.026Z,buy,2.41e-06,164.0,0.00039524
FIO/BTC,1612293128030,2021-02-02T19:12:08.030Z,buy,2.41e-06,3490.0,0.008410899999999999
FIO/BTC,1612293128035,2021-02-02T19:12:08.035Z,buy,2.41e-06,18.0,4.3379999999999995e-05
FIO/BTC,1612293130374,2021-02-02T19:12:10.374Z,sell,2.4e-06,4771.0,0.0114504
FIO/BTC,1612293130429,2021-02-02T19:12:10.429Z,sell,2.4e-06,5000.0,0.012
FIO/BTC,1612293140335,2021-02-02T19:12:20.335Z,buy,2.4e-06,227.0,0.0005448
FIO/BTC,1612293140806,2021-02-02T19:12:20.806Z,buy,2.41e-06,2000.0,0.00482
FIO/BTC,1612293140836,2021-02-02T19:12:20.836Z,buy,2.41e-06,800.0,0.0019279999999999998
FIO/BTC,1612293163696,2021-02-02T19:12:43.696Z,sell,2.4e-06,4321.0,0.0103704
FIO/BTC,1612293175695,2021-02-02T19:12:55.695Z,buy,2.41e-06,1221.0,0.0029426099999999996
FIO/BTC,1612293183085,2021-02-02T19:13:03.085Z,sell,2.4e-06,4321.0,0.0103704
FIO/BTC,1612293193155,2021-02-02T19:13:13.155Z,sell,2.4e-06,4321.0,0.0103704
FIO/BTC,1612293229660,2021-02-02T19:13:49.660Z,sell,2.4e-06,16806.0,0.0403344
FIO/BTC,1612293229698,2021-02-02T19:13:49.698Z,sell,2.4e-06,966.0,0.0023184
FIO/BTC,1612293252636,2021-02-02T19:14:12.636Z,sell,2.4e-06,4855.0,0.011652
FIO/BTC,1612293286230,2021-02-02T19:14:46.230Z,sell,2.39e-06,425.0,0.00101575
FIO/BTC,1612293468941,2021-02-02T19:17:48.941Z,sell,2.39e-06,161.0,0.00038479
FIO/BTC,1612293592941,2021-02-02T19:19:52.941Z,sell,2.39e-06,1067.0,0.00255013
FIO/BTC,1612293596376,2021-02-02T19:19:56.376Z,sell,2.4e-06,15348.0,0.0368352
FIO/BTC,1612293645530,2021-02-02T19:20:45.530Z,buy,2.41e-06,81.0,0.00019521
FIO/BTC,1612293654783,2021-02-02T19:20:54.783Z,buy,2.41e-06,8540.0,0.0205814
FIO/BTC,1612293734498,2021-02-02T19:22:14.498Z,buy,2.41e-06,503.0,0.00121223
FIO/BTC,1612293953604,2021-02-02T19:25:53.604Z,buy,2.41e-06,352.0,0.00084832
FIO/BTC,1612293978375,2021-02-02T19:26:18.375Z,buy,2.41e-06,333.0,0.00080253
FIO/BTC,1612294009871,2021-02-02T19:26:49.871Z,buy,2.41e-06,1169.0,0.0028172899999999996
FIO/BTC,1612294035608,2021-02-02T19:27:15.608Z,buy,2.42e-06,1273.0,0.0030806600000000003
FIO/BTC,1612294068493,2021-02-02T19:27:48.493Z,buy,2.42e-06,67.0,0.00016214000000000002
FIO/BTC,1612294134293,2021-02-02T19:28:54.293Z,buy,2.43e-06,50.0,0.0001215
FIO/BTC,1612294141132,2021-02-02T19:29:01.132Z,buy,2.43e-06,50.0,0.0001215
FIO/BTC,1612294145982,2021-02-02T19:29:05.982Z,buy,2.43e-06,50.0,0.0001215
FIO/BTC,1612294151031,2021-02-02T19:29:11.031Z,buy,2.43e-06,50.0,0.0001215
FIO/BTC,1612294155224,2021-02-02T19:29:15.224Z,buy,2.43e-06,50.0,0.0001215
FIO/BTC,1612294160295,2021-02-02T19:29:20.295Z,buy,2.43e-06,50.0,0.0001215
FIO/BTC,1612294165277,2021-02-02T19:29:25.277Z,buy,2.43e-06,100.0,0.000243
FIO/BTC,1612294168224,2021-02-02T19:29:28.224Z,buy,2.43e-06,42.0,0.00010206
FIO/BTC,1612294227727,2021-02-02T19:30:27.727Z,sell,2.41e-06,1683.0,0.0040560299999999995
FIO/BTC,1612294227727,2021-02-02T19:30:27.727Z,sell,2.4e-06,28969.0,0.06952559999999999
FIO/BTC,1612294257245,2021-02-02T19:30:57.245Z,buy,2.41e-06,660.0,0.0015906
FIO/BTC,1612294259592,2021-02-02T19:30:59.592Z,buy,2.41e-06,4195.0,0.01010995
FIO/BTC,1612294401612,2021-02-02T19:33:21.612Z,buy,2.42e-06,1704.0,0.00412368
FIO/BTC,1612294401612,2021-02-02T19:33:21.612Z,buy,2.43e-06,900.0,0.002187
FIO/BTC,1612294451026,2021-02-02T19:34:11.026Z,sell,2.41e-06,172.0,0.00041452
FIO/BTC,1612294480638,2021-02-02T19:34:40.638Z,buy,2.43e-06,486.0,0.00118098
FIO/BTC,1612294644270,2021-02-02T19:37:24.270Z,buy,2.42e-06,2462.0,0.00595804
FIO/BTC,1612294782370,2021-02-02T19:39:42.370Z,sell,2.41e-06,2000.0,0.00482
FIO/BTC,1612294851250,2021-02-02T19:40:51.250Z,sell,2.41e-06,1071.0,0.0025811099999999997
FIO/BTC,1612295006764,2021-02-02T19:43:26.764Z,buy,2.42e-06,106.0,0.00025652
FIO/BTC,1612295050337,2021-02-02T19:44:10.337Z,sell,2.41e-06,2668.0,0.00642988
FIO/BTC,1612295050356,2021-02-02T19:44:10.356Z,sell,2.4e-06,2668.0,0.0064031999999999995
FIO/BTC,1612295073997,2021-02-02T19:44:33.997Z,buy,2.42e-06,1278.0,0.00309276
FIO/BTC,1612295154737,2021-02-02T19:45:54.737Z,sell,2.41e-06,155.0,0.00037354999999999995
FIO/BTC,1612295154742,2021-02-02T19:45:54.742Z,sell,2.4e-06,656.0,0.0015743999999999999
FIO/BTC,1612295200076,2021-02-02T19:46:40.076Z,sell,2.4e-06,167.0,0.0004008
FIO/BTC,1612295276654,2021-02-02T19:47:56.654Z,sell,2.4e-06,1364.0,0.0032735999999999998
FIO/BTC,1612295276663,2021-02-02T19:47:56.663Z,buy,2.4e-06,753.0,0.0018072
FIO/BTC,1612295276666,2021-02-02T19:47:56.666Z,buy,2.4e-06,250.0,0.0006
FIO/BTC,1612295299334,2021-02-02T19:48:19.334Z,buy,2.4e-06,165.0,0.000396
FIO/BTC,1612295337692,2021-02-02T19:48:57.692Z,buy,2.4e-06,6000.0,0.0144
FIO/BTC,1612295356086,2021-02-02T19:49:16.086Z,sell,2.4e-06,116.0,0.0002784
FIO/BTC,1612295479481,2021-02-02T19:51:19.481Z,sell,2.4e-06,1385.0,0.0033239999999999997
FIO/BTC,1612295486280,2021-02-02T19:51:26.280Z,sell,2.4e-06,374.0,0.0008975999999999999
FIO/BTC,1612295497514,2021-02-02T19:51:37.514Z,sell,2.4e-06,656.0,0.0015743999999999999
FIO/BTC,1612295497534,2021-02-02T19:51:37.534Z,sell,2.4e-06,656.0,0.0015743999999999999
FIO/BTC,1612295497555,2021-02-02T19:51:37.555Z,sell,2.4e-06,492.0,0.0011807999999999999
FIO/BTC,1612295497577,2021-02-02T19:51:37.577Z,sell,2.4e-06,492.0,0.0011807999999999999
FIO/BTC,1612295497604,2021-02-02T19:51:37.604Z,sell,2.4e-06,258.0,0.0006192
FIO/BTC,1612295497723,2021-02-02T19:51:37.723Z,sell,2.4e-06,5936.0,0.0142464
FIO/BTC,1612295498010,2021-02-02T19:51:38.010Z,sell,2.4e-06,2013.0,0.0048312
FIO/BTC,1612295635523,2021-02-02T19:53:55.523Z,sell,2.39e-06,12330.0,0.0294687
FIO/BTC,1612295635523,2021-02-02T19:53:55.523Z,sell,2.38e-06,9962.0,0.02370956
FIO/BTC,1612295637529,2021-02-02T19:53:57.529Z,buy,2.4e-06,445.0,0.001068
FIO/BTC,1612295637536,2021-02-02T19:53:57.536Z,sell,2.4e-06,1181.0,0.0028344
FIO/BTC,1612295637553,2021-02-02T19:53:57.553Z,sell,2.39e-06,1181.0,0.00282259
FIO/BTC,1612295637736,2021-02-02T19:53:57.736Z,sell,2.4e-06,662.0,0.0015888
FIO/BTC,1612295637748,2021-02-02T19:53:57.748Z,sell,2.4e-06,662.0,0.0015888
FIO/BTC,1612295637801,2021-02-02T19:53:57.801Z,sell,2.4e-06,302.0,0.0007247999999999999
FIO/BTC,1612295637813,2021-02-02T19:53:57.813Z,sell,2.39e-06,302.0,0.00072178
FIO/BTC,1612295638128,2021-02-02T19:53:58.128Z,buy,2.41e-06,647.0,0.00155927
FIO/BTC,1612295638150,2021-02-02T19:53:58.150Z,buy,2.41e-06,979.0,0.00235939
FIO/BTC,1612295640027,2021-02-02T19:54:00.027Z,buy,2.4e-06,551.0,0.0013223999999999998
FIO/BTC,1612295665409,2021-02-02T19:54:25.409Z,sell,2.38e-06,243.0,0.00057834
FIO/BTC,1612295803496,2021-02-02T19:56:43.496Z,buy,2.4e-06,100.0,0.00023999999999999998
FIO/BTC,1612295803496,2021-02-02T19:56:43.496Z,buy,2.4e-06,100.0,0.00023999999999999998
FIO/BTC,1612295898197,2021-02-02T19:58:18.197Z,sell,2.39e-06,214.0,0.00051146
FIO/BTC,1612296234580,2021-02-02T20:03:54.580Z,sell,2.38e-06,558.0,0.00132804
FIO/BTC,1612296290571,2021-02-02T20:04:50.571Z,buy,2.4e-06,487.0,0.0011688
FIO/BTC,1612296306055,2021-02-02T20:05:06.055Z,sell,2.38e-06,12102.0,0.02880276
FIO/BTC,1612296306063,2021-02-02T20:05:06.063Z,sell,2.38e-06,5521.0,0.01313998
FIO/BTC,1612296306071,2021-02-02T20:05:06.071Z,sell,2.38e-06,7367.0,0.01753346
FIO/BTC,1612296306157,2021-02-02T20:05:06.157Z,sell,2.38e-06,1166.0,0.00277508
FIO/BTC,1612296316481,2021-02-02T20:05:16.481Z,buy,2.39e-06,663.0,0.00158457
FIO/BTC,1612296398216,2021-02-02T20:06:38.216Z,buy,2.39e-06,130.0,0.0003107
FIO/BTC,1612296482892,2021-02-02T20:08:02.892Z,buy,2.39e-06,147.0,0.00035133
FIO/BTC,1612296498833,2021-02-02T20:08:18.833Z,buy,2.39e-06,42.0,0.00010038
FIO/BTC,1612296505782,2021-02-02T20:08:25.782Z,buy,2.39e-06,42.0,0.00010038
FIO/BTC,1612296510813,2021-02-02T20:08:30.813Z,buy,2.39e-06,42.0,0.00010038
FIO/BTC,1612296535710,2021-02-02T20:08:55.710Z,sell,2.37e-06,11387.0,0.02698719
FIO/BTC,1612296535710,2021-02-02T20:08:55.710Z,sell,2.37e-06,2279.0,0.005401230000000001
FIO/BTC,1612296535710,2021-02-02T20:08:55.710Z,sell,2.36e-06,182.0,0.00042951999999999997
FIO/BTC,1612296546373,2021-02-02T20:09:06.373Z,buy,2.38e-06,1202.0,0.00286076
FIO/BTC,1612296546381,2021-02-02T20:09:06.381Z,sell,2.38e-06,322.0,0.00076636
FIO/BTC,1612296546383,2021-02-02T20:09:06.383Z,sell,2.37e-06,386.0,0.0009148200000000001
FIO/BTC,1612296548371,2021-02-02T20:09:08.371Z,buy,2.39e-06,1524.0,0.00364236
FIO/BTC,1612296551979,2021-02-02T20:09:11.979Z,buy,2.39e-06,209.0,0.00049951
FIO/BTC,1612296551987,2021-02-02T20:09:11.987Z,sell,2.39e-06,1237.0,0.00295643
FIO/BTC,1612296553221,2021-02-02T20:09:13.221Z,sell,2.38e-06,1197.0,0.00284886
FIO/BTC,1612296554453,2021-02-02T20:09:14.453Z,buy,2.39e-06,222.0,0.00053058
FIO/BTC,1612296556392,2021-02-02T20:09:16.392Z,buy,2.39e-06,42.0,0.00010038
FIO/BTC,1612296556812,2021-02-02T20:09:16.812Z,sell,2.37e-06,1008.0,0.0023889600000000003
FIO/BTC,1612296556839,2021-02-02T20:09:16.839Z,sell,2.37e-06,665.0,0.00157605
FIO/BTC,1612296556866,2021-02-02T20:09:16.866Z,sell,2.37e-06,112.0,0.00026544000000000003
FIO/BTC,1612296556866,2021-02-02T20:09:16.866Z,sell,2.36e-06,159.0,0.00037524
FIO/BTC,1612296556875,2021-02-02T20:09:16.875Z,sell,2.36e-06,666.0,0.00157176
FIO/BTC,1612296558377,2021-02-02T20:09:18.377Z,buy,2.38e-06,1371.0,0.00326298
FIO/BTC,1612296559980,2021-02-02T20:09:19.980Z,buy,2.39e-06,155.0,0.00037045
FIO/BTC,1612296560787,2021-02-02T20:09:20.787Z,buy,2.39e-06,925.0,0.00221075
FIO/BTC,1612296563709,2021-02-02T20:09:23.709Z,sell,2.37e-06,111.0,0.00026307
FIO/BTC,1612296563714,2021-02-02T20:09:23.714Z,sell,2.36e-06,499.0,0.00117764
FIO/BTC,1612296563741,2021-02-02T20:09:23.741Z,sell,2.36e-06,279.0,0.0006584399999999999
FIO/BTC,1612296599871,2021-02-02T20:09:59.871Z,sell,2.36e-06,3169.0,0.00747884
FIO/BTC,1612296622509,2021-02-02T20:10:22.509Z,sell,2.36e-06,188.0,0.00044367999999999995
FIO/BTC,1612296626276,2021-02-02T20:10:26.276Z,sell,2.37e-06,1370.0,0.0032469
FIO/BTC,1612296632044,2021-02-02T20:10:32.044Z,sell,2.36e-06,3773.0,0.008904279999999999
FIO/BTC,1612296634605,2021-02-02T20:10:34.605Z,buy,2.37e-06,214.0,0.0005071800000000001
FIO/BTC,1612296644425,2021-02-02T20:10:44.425Z,sell,2.36e-06,8168.0,0.01927648
FIO/BTC,1612296644435,2021-02-02T20:10:44.435Z,buy,2.36e-06,670.0,0.0015811999999999998
FIO/BTC,1612296644439,2021-02-02T20:10:44.439Z,buy,2.36e-06,2780.0,0.0065607999999999994
FIO/BTC,1612296644448,2021-02-02T20:10:44.448Z,buy,2.36e-06,670.0,0.0015811999999999998
FIO/BTC,1612296644448,2021-02-02T20:10:44.448Z,buy,2.36e-06,1185.0,0.0027965999999999998
FIO/BTC,1612296644456,2021-02-02T20:10:44.456Z,buy,2.36e-06,670.0,0.0015811999999999998
FIO/BTC,1612296644461,2021-02-02T20:10:44.461Z,buy,2.36e-06,3563.0,0.00840868
FIO/BTC,1612296644464,2021-02-02T20:10:44.464Z,buy,2.36e-06,503.0,0.0011870799999999999
FIO/BTC,1612296644480,2021-02-02T20:10:44.480Z,buy,2.36e-06,502.0,0.00118472
FIO/BTC,1612296644487,2021-02-02T20:10:44.487Z,buy,2.36e-06,1901.0,0.00448636
FIO/BTC,1612296644493,2021-02-02T20:10:44.493Z,buy,2.36e-06,168.0,0.00039648
FIO/BTC,1612296644530,2021-02-02T20:10:44.530Z,buy,2.36e-06,345.0,0.0008142
FIO/BTC,1612296644589,2021-02-02T20:10:44.589Z,buy,2.36e-06,576.0,0.00135936
FIO/BTC,1612296645594,2021-02-02T20:10:45.594Z,buy,2.36e-06,672.0,0.00158592
FIO/BTC,1612296647456,2021-02-02T20:10:47.456Z,buy,2.36e-06,1599.0,0.0037736399999999995
FIO/BTC,1612296649560,2021-02-02T20:10:49.560Z,buy,2.36e-06,203.0,0.00047907999999999995
FIO/BTC,1612296649975,2021-02-02T20:10:49.975Z,buy,2.37e-06,1153.0,0.0027326100000000003
FIO/BTC,1612296651462,2021-02-02T20:10:51.462Z,buy,2.37e-06,431.0,0.00102147
FIO/BTC,1612296687181,2021-02-02T20:11:27.181Z,buy,2.37e-06,43.0,0.00010191
FIO/BTC,1612296698167,2021-02-02T20:11:38.167Z,buy,2.37e-06,240.0,0.0005688000000000001
FIO/BTC,1612296711094,2021-02-02T20:11:51.094Z,buy,2.37e-06,468.0,0.00110916
FIO/BTC,1612296761427,2021-02-02T20:12:41.427Z,sell,2.36e-06,462.0,0.0010903199999999999
FIO/BTC,1612296773947,2021-02-02T20:12:53.947Z,sell,2.36e-06,781.0,0.00184316
FIO/BTC,1612296817857,2021-02-02T20:13:37.857Z,buy,2.37e-06,43.0,0.00010191
FIO/BTC,1612296851320,2021-02-02T20:14:11.320Z,buy,2.37e-06,2784.0,0.00659808
FIO/BTC,1612296895030,2021-02-02T20:14:55.030Z,buy,2.37e-06,1918.0,0.00454566
FIO/BTC,1612296895030,2021-02-02T20:14:55.030Z,buy,2.38e-06,6757.0,0.01608166
FIO/BTC,1612296895030,2021-02-02T20:14:55.030Z,buy,2.39e-06,17165.0,0.04102435
FIO/BTC,1612296929184,2021-02-02T20:15:29.184Z,sell,2.38e-06,1197.0,0.00284886
FIO/BTC,1612297105873,2021-02-02T20:18:25.873Z,sell,2.37e-06,1270.0,0.0030099000000000002
FIO/BTC,1612297140792,2021-02-02T20:19:00.792Z,buy,2.38e-06,2404.0,0.00572152
FIO/BTC,1612297141787,2021-02-02T20:19:01.787Z,buy,2.38e-06,1270.0,0.0030226000000000003
FIO/BTC,1612297230683,2021-02-02T20:20:30.683Z,sell,2.38e-06,1197.0,0.00284886
FIO/BTC,1612297359383,2021-02-02T20:22:39.383Z,buy,2.38e-06,144.0,0.00034272
FIO/BTC,1612297359405,2021-02-02T20:22:39.405Z,sell,2.38e-06,3170.0,0.0075446
FIO/BTC,1612297359420,2021-02-02T20:22:39.420Z,sell,2.37e-06,1202.0,0.00284874
FIO/BTC,1612297359420,2021-02-02T20:22:39.420Z,sell,2.36e-06,9.0,2.124e-05
FIO/BTC,1612297465282,2021-02-02T20:24:25.282Z,buy,2.38e-06,1202.0,0.00286076
FIO/BTC,1612297495129,2021-02-02T20:24:55.129Z,buy,2.39e-06,46.0,0.00010994
FIO/BTC,1612297605117,2021-02-02T20:26:45.117Z,buy,2.39e-06,1314.0,0.00314046
FIO/BTC,1612297614455,2021-02-02T20:26:54.455Z,sell,2.38e-06,1097.0,0.00261086
FIO/BTC,1612297628235,2021-02-02T20:27:08.235Z,sell,2.38e-06,100.0,0.000238
FIO/BTC,1612297687965,2021-02-02T20:28:07.965Z,buy,2.39e-06,554.0,0.00132406
FIO/BTC,1612297745772,2021-02-02T20:29:05.772Z,buy,2.39e-06,715.0,0.00170885
FIO/BTC,1612297748943,2021-02-02T20:29:08.943Z,sell,2.37e-06,6841.0,0.016213170000000002
FIO/BTC,1612297749024,2021-02-02T20:29:09.024Z,buy,2.37e-06,212.0,0.00050244
FIO/BTC,1612297749032,2021-02-02T20:29:09.032Z,buy,2.37e-06,211.0,0.00050007
FIO/BTC,1612297749063,2021-02-02T20:29:09.063Z,buy,2.37e-06,614.0,0.0014551800000000001
FIO/BTC,1612297749066,2021-02-02T20:29:09.066Z,buy,2.37e-06,613.0,0.0014528100000000001
FIO/BTC,1612297778187,2021-02-02T20:29:38.187Z,sell,2.36e-06,242.0,0.0005711199999999999
FIO/BTC,1612297809736,2021-02-02T20:30:09.736Z,buy,2.37e-06,992.0,0.00235104
FIO/BTC,1612297824486,2021-02-02T20:30:24.486Z,buy,2.37e-06,2280.0,0.005403600000000001
FIO/BTC,1612297879441,2021-02-02T20:31:19.441Z,sell,2.37e-06,1349.0,0.0031971300000000003
FIO/BTC,1612297899249,2021-02-02T20:31:39.249Z,sell,2.37e-06,130.0,0.0003081
FIO/BTC,1612297899249,2021-02-02T20:31:39.249Z,sell,2.36e-06,29947.0,0.07067492
FIO/BTC,1612297905824,2021-02-02T20:31:45.824Z,sell,2.37e-06,1528.0,0.00362136
FIO/BTC,1612297907696,2021-02-02T20:31:47.696Z,sell,2.37e-06,5734.0,0.01358958
FIO/BTC,1612298035942,2021-02-02T20:33:55.942Z,buy,2.38e-06,44.0,0.00010472
FIO/BTC,1612298071562,2021-02-02T20:34:31.562Z,sell,2.37e-06,929.0,0.0022017300000000003
FIO/BTC,1612298078272,2021-02-02T20:34:38.272Z,sell,2.37e-06,400.0,0.0009480000000000001
FIO/BTC,1612298146689,2021-02-02T20:35:46.689Z,sell,2.37e-06,297.0,0.0007038900000000001
FIO/BTC,1612298146697,2021-02-02T20:35:46.697Z,buy,2.37e-06,2465.0,0.0058420500000000005
FIO/BTC,1612298263680,2021-02-02T20:37:43.680Z,sell,2.37e-06,657.0,0.0015570900000000001
FIO/BTC,1612298272690,2021-02-02T20:37:52.690Z,buy,2.37e-06,17702.0,0.04195374
FIO/BTC,1612298285834,2021-02-02T20:38:05.834Z,buy,2.37e-06,13500.0,0.031995
FIO/BTC,1612298285842,2021-02-02T20:38:05.842Z,buy,2.37e-06,12148.0,0.028790760000000002
FIO/BTC,1612298334925,2021-02-02T20:38:54.925Z,buy,2.38e-06,12.0,2.856e-05
FIO/BTC,1612298515654,2021-02-02T20:41:55.654Z,sell,2.36e-06,702.0,0.00165672
FIO/BTC,1612298547550,2021-02-02T20:42:27.550Z,sell,2.36e-06,13423.0,0.031678279999999996
FIO/BTC,1612298555784,2021-02-02T20:42:35.784Z,buy,2.37e-06,649.0,0.0015381300000000002
FIO/BTC,1612298612436,2021-02-02T20:43:32.436Z,buy,2.37e-06,130.0,0.0003081
FIO/BTC,1612298634901,2021-02-02T20:43:54.901Z,buy,2.37e-06,237.0,0.00056169
FIO/BTC,1612298634904,2021-02-02T20:43:54.904Z,buy,2.37e-06,236.0,0.0005593200000000001
FIO/BTC,1612298635831,2021-02-02T20:43:55.831Z,buy,2.37e-06,1480.0,0.0035076000000000005
FIO/BTC,1612298635851,2021-02-02T20:43:55.851Z,buy,2.37e-06,1479.0,0.0035052300000000002
FIO/BTC,1612298657044,2021-02-02T20:44:17.044Z,buy,2.37e-06,1523.0,0.0036095100000000002
FIO/BTC,1612298669633,2021-02-02T20:44:29.633Z,buy,2.37e-06,1312.0,0.00310944
FIO/BTC,1612298699222,2021-02-02T20:44:59.222Z,buy,2.38e-06,1088.0,0.00258944
FIO/BTC,1612298699222,2021-02-02T20:44:59.222Z,buy,2.39e-06,1587.0,0.00379293
FIO/BTC,1612298717479,2021-02-02T20:45:17.479Z,buy,2.39e-06,420.0,0.0010038
FIO/BTC,1612298842936,2021-02-02T20:47:22.936Z,sell,2.37e-06,1202.0,0.00284874
FIO/BTC,1612298854511,2021-02-02T20:47:34.511Z,buy,2.38e-06,59.0,0.00014042000000000001
FIO/BTC,1612298858108,2021-02-02T20:47:38.108Z,sell,2.37e-06,100.0,0.00023700000000000001
FIO/BTC,1612298858114,2021-02-02T20:47:38.114Z,sell,2.36e-06,670.0,0.0015811999999999998
FIO/BTC,1612298862844,2021-02-02T20:47:42.844Z,buy,2.38e-06,32791.0,0.07804258
FIO/BTC,1612298862844,2021-02-02T20:47:42.844Z,buy,2.39e-06,4604.0,0.01100356
FIO/BTC,1612298862844,2021-02-02T20:47:42.844Z,buy,2.4e-06,5967.0,0.0143208
FIO/BTC,1612298862844,2021-02-02T20:47:42.844Z,buy,2.41e-06,11638.0,0.02804758
FIO/BTC,1612298872189,2021-02-02T20:47:52.189Z,sell,2.4e-06,670.0,0.0016079999999999998
FIO/BTC,1612298872200,2021-02-02T20:47:52.200Z,sell,2.4e-06,670.0,0.0016079999999999998
FIO/BTC,1612298872202,2021-02-02T20:47:52.202Z,sell,2.4e-06,823.0,0.0019752
FIO/BTC,1612298872212,2021-02-02T20:47:52.212Z,sell,2.4e-06,613.0,0.0014712
FIO/BTC,1612298872217,2021-02-02T20:47:52.217Z,sell,2.4e-06,1951.0,0.0046824
FIO/BTC,1612298872221,2021-02-02T20:47:52.221Z,sell,2.4e-06,128.0,0.0003072
FIO/BTC,1612298903584,2021-02-02T20:48:23.584Z,buy,2.41e-06,39610.0,0.09546009999999999
FIO/BTC,1612298903584,2021-02-02T20:48:23.584Z,buy,2.42e-06,5390.0,0.013043800000000001
FIO/BTC,1612298905972,2021-02-02T20:48:25.972Z,sell,2.39e-06,1302.0,0.00311178
FIO/BTC,1612298906467,2021-02-02T20:48:26.467Z,sell,2.41e-06,2353.0,0.00567073
FIO/BTC,1612298907477,2021-02-02T20:48:27.477Z,sell,2.39e-06,1303.0,0.00311417
FIO/BTC,1612298909279,2021-02-02T20:48:29.279Z,sell,2.39e-06,601.0,0.00143639
FIO/BTC,1612298910576,2021-02-02T20:48:30.576Z,sell,2.39e-06,179.0,0.00042781
FIO/BTC,1612298960110,2021-02-02T20:49:20.110Z,buy,2.41e-06,4855.0,0.011700549999999999
FIO/BTC,1612298960110,2021-02-02T20:49:20.110Z,buy,2.42e-06,42933.0,0.10389786000000001
FIO/BTC,1612298960118,2021-02-02T20:49:20.118Z,sell,2.42e-06,2212.0,0.00535304
FIO/BTC,1612298960142,2021-02-02T20:49:20.142Z,sell,2.4e-06,2212.0,0.0053088
FIO/BTC,1612298961034,2021-02-02T20:49:21.034Z,sell,2.4e-06,188.0,0.00045119999999999996
FIO/BTC,1612298961041,2021-02-02T20:49:21.041Z,buy,2.4e-06,2121.0,0.0050904
FIO/BTC,1612298961045,2021-02-02T20:49:21.045Z,buy,2.4e-06,2012.0,0.004828799999999999
FIO/BTC,1612298971202,2021-02-02T20:49:31.202Z,sell,2.41e-06,1182.0,0.0028486199999999996
FIO/BTC,1612298993868,2021-02-02T20:49:53.868Z,buy,2.41e-06,423.0,0.00101943
FIO/BTC,1612298993868,2021-02-02T20:49:53.868Z,buy,2.42e-06,1182.0,0.00286044
FIO/BTC,1612298993868,2021-02-02T20:49:53.868Z,buy,2.43e-06,16241.0,0.03946563
FIO/BTC,1612298993868,2021-02-02T20:49:53.868Z,buy,2.44e-06,32154.0,0.07845576
FIO/BTC,1612298993889,2021-02-02T20:49:53.889Z,sell,2.41e-06,748.0,0.0018026799999999999
FIO/BTC,1612298993906,2021-02-02T20:49:53.906Z,sell,2.41e-06,748.0,0.0018026799999999999
FIO/BTC,1612298993914,2021-02-02T20:49:53.914Z,sell,2.41e-06,1618.0,0.0038993799999999996
FIO/BTC,1612298993914,2021-02-02T20:49:53.914Z,sell,2.4e-06,748.0,0.0017951999999999998
FIO/BTC,1612298994007,2021-02-02T20:49:54.007Z,sell,2.41e-06,1215.0,0.0029281499999999996
FIO/BTC,1612298994112,2021-02-02T20:49:54.112Z,sell,2.41e-06,1204.0,0.0029016399999999996
FIO/BTC,1612298994216,2021-02-02T20:49:54.216Z,sell,2.41e-06,1117.0,0.0026919699999999997
FIO/BTC,1612298994313,2021-02-02T20:49:54.313Z,sell,2.41e-06,91.0,0.00021930999999999999
FIO/BTC,1612299000116,2021-02-02T20:50:00.116Z,buy,2.43e-06,1527.0,0.00371061
FIO/BTC,1612299000121,2021-02-02T20:50:00.121Z,sell,2.43e-06,7281.0,0.01769283
FIO/BTC,1612299000123,2021-02-02T20:50:00.123Z,sell,2.43e-06,3344.0,0.00812592
FIO/BTC,1612299001845,2021-02-02T20:50:01.845Z,sell,2.42e-06,111.0,0.00026862
FIO/BTC,1612299001865,2021-02-02T20:50:01.865Z,sell,2.42e-06,1793.0,0.0043390600000000005
FIO/BTC,1612299002247,2021-02-02T20:50:02.247Z,sell,2.42e-06,112.0,0.00027104
FIO/BTC,1612299002347,2021-02-02T20:50:02.347Z,sell,2.42e-06,1375.0,0.0033275
FIO/BTC,1612299003101,2021-02-02T20:50:03.101Z,sell,2.41e-06,136.0,0.00032775999999999997
FIO/BTC,1612299003125,2021-02-02T20:50:03.125Z,sell,2.41e-06,282.0,0.0006796199999999999
FIO/BTC,1612299003452,2021-02-02T20:50:03.452Z,sell,2.41e-06,381.0,0.0009182099999999999
FIO/BTC,1612299015284,2021-02-02T20:50:15.284Z,sell,2.42e-06,412.0,0.00099704
FIO/BTC,1612299016823,2021-02-02T20:50:16.823Z,sell,2.42e-06,2962.0,0.0071680400000000005
FIO/BTC,1612299016823,2021-02-02T20:50:16.823Z,sell,2.41e-06,75222.0,0.18128502
FIO/BTC,1612299026141,2021-02-02T20:50:26.141Z,sell,2.41e-06,975.0,0.00234975
FIO/BTC,1612299051153,2021-02-02T20:50:51.153Z,buy,2.42e-06,6396.0,0.01547832
FIO/BTC,1612299051153,2021-02-02T20:50:51.153Z,buy,2.43e-06,4757.0,0.01155951
FIO/BTC,1612299051153,2021-02-02T20:50:51.153Z,buy,2.44e-06,18674.0,0.04556456
FIO/BTC,1612299051153,2021-02-02T20:50:51.153Z,buy,2.45e-06,10173.0,0.024923849999999997
FIO/BTC,1612299058954,2021-02-02T20:50:58.954Z,sell,2.42e-06,556.0,0.00134552
FIO/BTC,1612299058974,2021-02-02T20:50:58.974Z,sell,2.42e-06,185.0,0.00044770000000000004
FIO/BTC,1612299059728,2021-02-02T20:50:59.728Z,buy,2.44e-06,1955.0,0.0047702
FIO/BTC,1612299059931,2021-02-02T20:50:59.931Z,sell,2.43e-06,5936.0,0.01442448
FIO/BTC,1612299059931,2021-02-02T20:50:59.931Z,sell,2.43e-06,5936.0,0.01442448
FIO/BTC,1612299059934,2021-02-02T20:50:59.934Z,sell,2.43e-06,280.0,0.0006804000000000001
FIO/BTC,1612299059970,2021-02-02T20:50:59.970Z,sell,2.41e-06,5267.0,0.012693469999999998
FIO/BTC,1612299082466,2021-02-02T20:51:22.466Z,sell,2.43e-06,751.0,0.00182493
FIO/BTC,1612299082467,2021-02-02T20:51:22.467Z,sell,2.43e-06,501.0,0.00121743
FIO/BTC,1612299089184,2021-02-02T20:51:29.184Z,buy,2.43e-06,86.0,0.00020898
FIO/BTC,1612299097548,2021-02-02T20:51:37.548Z,sell,2.42e-06,2383.0,0.00576686
FIO/BTC,1612299097559,2021-02-02T20:51:37.559Z,sell,2.42e-06,4399.0,0.01064558
FIO/BTC,1612299097581,2021-02-02T20:51:37.581Z,sell,2.41e-06,4399.0,0.01060159
FIO/BTC,1612299099726,2021-02-02T20:51:39.726Z,buy,2.42e-06,2383.0,0.00576686
FIO/BTC,1612299099726,2021-02-02T20:51:39.726Z,buy,2.43e-06,5741.0,0.01395063
FIO/BTC,1612299099726,2021-02-02T20:51:39.726Z,buy,2.44e-06,25831.0,0.06302764
FIO/BTC,1612299099726,2021-02-02T20:51:39.726Z,buy,2.45e-06,13548.0,0.033192599999999996
FIO/BTC,1612299099726,2021-02-02T20:51:39.726Z,buy,2.46e-06,37926.0,0.09329796000000001
FIO/BTC,1612299099726,2021-02-02T20:51:39.726Z,buy,2.47e-06,13061.0,0.03226067
FIO/BTC,1612299099726,2021-02-02T20:51:39.726Z,buy,2.48e-06,1923.0,0.0047690399999999996
FIO/BTC,1612299099726,2021-02-02T20:51:39.726Z,buy,2.49e-06,30628.0,0.07626372
FIO/BTC,1612299099726,2021-02-02T20:51:39.726Z,buy,2.5e-06,21897.0,0.054742500000000006
FIO/BTC,1612299099726,2021-02-02T20:51:39.726Z,buy,2.51e-06,25024.0,0.06281024
FIO/BTC,1612299099726,2021-02-02T20:51:39.726Z,buy,2.52e-06,20166.0,0.05081832
FIO/BTC,1612299099726,2021-02-02T20:51:39.726Z,buy,2.53e-06,7634.0,0.019314019999999998
FIO/BTC,1612299099841,2021-02-02T20:51:39.841Z,sell,2.44e-06,459.0,0.00111996
FIO/BTC,1612299099842,2021-02-02T20:51:39.842Z,sell,2.44e-06,459.0,0.00111996
FIO/BTC,1612299099842,2021-02-02T20:51:39.842Z,sell,2.44e-06,459.0,0.00111996
FIO/BTC,1612299099843,2021-02-02T20:51:39.843Z,sell,2.44e-06,459.0,0.00111996
FIO/BTC,1612299099844,2021-02-02T20:51:39.844Z,sell,2.44e-06,1202.0,0.00293288
FIO/BTC,1612299099845,2021-02-02T20:51:39.845Z,sell,2.44e-06,363.0,0.00088572
FIO/BTC,1612299099845,2021-02-02T20:51:39.845Z,sell,2.44e-06,1149.0,0.00280356
FIO/BTC,1612299099916,2021-02-02T20:51:39.916Z,sell,2.44e-06,459.0,0.00111996
FIO/BTC,1612299099924,2021-02-02T20:51:39.924Z,sell,2.44e-06,3401.0,0.008298439999999999
FIO/BTC,1612299099943,2021-02-02T20:51:39.943Z,sell,2.45e-06,1999.0,0.00489755
FIO/BTC,1612299099944,2021-02-02T20:51:39.944Z,sell,2.45e-06,1595.0,0.00390775
FIO/BTC,1612299099944,2021-02-02T20:51:39.944Z,sell,2.44e-06,1140.0,0.0027816
FIO/BTC,1612299099970,2021-02-02T20:51:39.970Z,sell,2.44e-06,503.0,0.00122732
FIO/BTC,1612299100003,2021-02-02T20:51:40.003Z,buy,2.48e-06,1265.0,0.0031372
FIO/BTC,1612299100117,2021-02-02T20:51:40.117Z,sell,2.45e-06,893.0,0.00218785
FIO/BTC,1612299100173,2021-02-02T20:51:40.173Z,sell,2.45e-06,1543.0,0.0037803499999999996
FIO/BTC,1612299100173,2021-02-02T20:51:40.173Z,sell,2.44e-06,893.0,0.00217892
FIO/BTC,1612299100437,2021-02-02T20:51:40.437Z,sell,2.45e-06,1756.0,0.0043022
FIO/BTC,1612299100579,2021-02-02T20:51:40.579Z,sell,2.45e-06,1698.0,0.0041601
FIO/BTC,1612299100676,2021-02-02T20:51:40.676Z,sell,2.45e-06,880.0,0.002156
FIO/BTC,1612299100830,2021-02-02T20:51:40.830Z,sell,2.45e-06,80.0,0.000196
FIO/BTC,1612299101139,2021-02-02T20:51:41.139Z,sell,2.45e-06,881.0,0.0021584499999999997
FIO/BTC,1612299101475,2021-02-02T20:51:41.475Z,sell,2.45e-06,264.0,0.0006468
FIO/BTC,1612299102093,2021-02-02T20:51:42.093Z,sell,2.45e-06,1413.0,0.00346185
FIO/BTC,1612299103605,2021-02-02T20:51:43.605Z,sell,2.44e-06,59.0,0.00014396
FIO/BTC,1612299109033,2021-02-02T20:51:49.033Z,buy,2.45e-06,82.0,0.00020089999999999998
FIO/BTC,1612299109469,2021-02-02T20:51:49.469Z,buy,2.45e-06,377.0,0.0009236499999999999
FIO/BTC,1612299109469,2021-02-02T20:51:49.469Z,buy,2.46e-06,4057.0,0.009980220000000001
FIO/BTC,1612299109785,2021-02-02T20:51:49.785Z,sell,2.44e-06,408.0,0.00099552
FIO/BTC,1612299109894,2021-02-02T20:51:49.894Z,buy,2.46e-06,615.0,0.0015129000000000002
FIO/BTC,1612299109894,2021-02-02T20:51:49.894Z,buy,2.47e-06,4005.0,0.00989235
FIO/BTC,1612299110060,2021-02-02T20:51:50.060Z,sell,2.45e-06,1611.0,0.003946949999999999
FIO/BTC,1612299110098,2021-02-02T20:51:50.098Z,buy,2.45e-06,1611.0,0.003946949999999999
FIO/BTC,1612299110098,2021-02-02T20:51:50.098Z,buy,2.47e-06,1452.0,0.00358644
FIO/BTC,1612299110098,2021-02-02T20:51:50.098Z,buy,2.48e-06,2439.0,0.00604872
FIO/BTC,1612299110210,2021-02-02T20:51:50.210Z,sell,2.45e-06,1554.0,0.0038072999999999996
FIO/BTC,1612299110223,2021-02-02T20:51:50.223Z,sell,2.45e-06,1538.0,0.0037681
FIO/BTC,1612299110284,2021-02-02T20:51:50.284Z,buy,2.47e-06,1554.0,0.00383838
FIO/BTC,1612299110292,2021-02-02T20:51:50.292Z,sell,2.47e-06,369.0,0.0009114300000000001
FIO/BTC,1612299110513,2021-02-02T20:51:50.513Z,buy,2.46e-06,369.0,0.0009077400000000001
FIO/BTC,1612299110525,2021-02-02T20:51:50.525Z,sell,2.46e-06,789.0,0.0019409400000000002
FIO/BTC,1612299110636,2021-02-02T20:51:50.636Z,sell,2.45e-06,1562.0,0.0038269
FIO/BTC,1612299110661,2021-02-02T20:51:50.661Z,sell,2.44e-06,1562.0,0.00381128
FIO/BTC,1612299110698,2021-02-02T20:51:50.698Z,sell,2.45e-06,828.0,0.0020285999999999998
FIO/BTC,1612299110702,2021-02-02T20:51:50.702Z,sell,2.45e-06,392.0,0.0009603999999999999
FIO/BTC,1612299124681,2021-02-02T20:52:04.681Z,buy,2.46e-06,1385.0,0.0034071
FIO/BTC,1612299124681,2021-02-02T20:52:04.681Z,buy,2.47e-06,5000.0,0.01235
FIO/BTC,1612299124681,2021-02-02T20:52:04.681Z,buy,2.48e-06,2474.0,0.00613552
FIO/BTC,1612299124713,2021-02-02T20:52:04.713Z,sell,2.45e-06,1143.0,0.0028003499999999996
FIO/BTC,1612299124730,2021-02-02T20:52:04.730Z,sell,2.45e-06,567.0,0.0013891499999999998
FIO/BTC,1612299124734,2021-02-02T20:52:04.734Z,sell,2.45e-06,573.0,0.0014038499999999999
FIO/BTC,1612299130611,2021-02-02T20:52:10.611Z,buy,2.46e-06,1220.0,0.0030012000000000003
FIO/BTC,1612299130611,2021-02-02T20:52:10.611Z,buy,2.47e-06,6199.0,0.01531153
FIO/BTC,1612299130611,2021-02-02T20:52:10.611Z,buy,2.48e-06,28171.0,0.06986408
FIO/BTC,1612299133269,2021-02-02T20:52:13.269Z,buy,2.47e-06,33424.0,0.08255728
FIO/BTC,1612299133311,2021-02-02T20:52:13.311Z,buy,2.47e-06,3995.0,0.00986765
FIO/BTC,1612299133490,2021-02-02T20:52:13.490Z,sell,2.45e-06,1260.0,0.003087
FIO/BTC,1612299133490,2021-02-02T20:52:13.490Z,sell,2.44e-06,720.0,0.0017568
FIO/BTC,1612299135126,2021-02-02T20:52:15.126Z,buy,2.47e-06,78.0,0.00019266000000000002
FIO/BTC,1612299138006,2021-02-02T20:52:18.006Z,buy,2.47e-06,1116.0,0.00275652
FIO/BTC,1612299138006,2021-02-02T20:52:18.006Z,buy,2.48e-06,1923.0,0.0047690399999999996
FIO/BTC,1612299138251,2021-02-02T20:52:18.251Z,sell,2.47e-06,57.0,0.00014079
FIO/BTC,1612299139436,2021-02-02T20:52:19.436Z,sell,2.45e-06,1104.0,0.0027048
FIO/BTC,1612299141970,2021-02-02T20:52:21.970Z,buy,2.47e-06,1162.0,0.00287014
FIO/BTC,1612299141997,2021-02-02T20:52:21.997Z,sell,2.47e-06,738.0,0.0018228600000000001
FIO/BTC,1612299142005,2021-02-02T20:52:22.005Z,sell,2.47e-06,23.0,5.681e-05
FIO/BTC,1612299142608,2021-02-02T20:52:22.608Z,sell,2.47e-06,416.0,0.00102752
FIO/BTC,1612299142610,2021-02-02T20:52:22.610Z,sell,2.47e-06,762.0,0.00188214
FIO/BTC,1612299142708,2021-02-02T20:52:22.708Z,sell,2.47e-06,136.0,0.00033592
FIO/BTC,1612299142721,2021-02-02T20:52:22.721Z,sell,2.47e-06,486.0,0.00120042
FIO/BTC,1612299142732,2021-02-02T20:52:22.732Z,sell,2.47e-06,249.0,0.00061503
FIO/BTC,1612299142749,2021-02-02T20:52:22.749Z,sell,2.47e-06,212.0,0.00052364
FIO/BTC,1612299145626,2021-02-02T20:52:25.626Z,sell,2.47e-06,7.0,1.729e-05
FIO/BTC,1612299145626,2021-02-02T20:52:25.626Z,sell,2.46e-06,1134.0,0.0027896400000000003
FIO/BTC,1612299145752,2021-02-02T20:52:25.752Z,sell,2.47e-06,690.0,0.0017043
FIO/BTC,1612299151961,2021-02-02T20:52:31.961Z,sell,2.47e-06,372.0,0.00091884
FIO/BTC,1612299152093,2021-02-02T20:52:32.093Z,sell,2.47e-06,1021.0,0.0025218700000000003
FIO/BTC,1612299152331,2021-02-02T20:52:32.331Z,sell,2.47e-06,934.0,0.00230698
FIO/BTC,1612299157870,2021-02-02T20:52:37.870Z,sell,2.46e-06,24.0,5.9040000000000004e-05
FIO/BTC,1612299158912,2021-02-02T20:52:38.912Z,sell,2.45e-06,1219.0,0.0029865499999999997
FIO/BTC,1612299159753,2021-02-02T20:52:39.753Z,buy,2.46e-06,435.0,0.0010701
FIO/BTC,1612299159753,2021-02-02T20:52:39.753Z,buy,2.48e-06,1923.0,0.0047690399999999996
FIO/BTC,1612299159753,2021-02-02T20:52:39.753Z,buy,2.49e-06,676.0,0.00168324
FIO/BTC,1612299163358,2021-02-02T20:52:43.358Z,buy,2.46e-06,82.0,0.00020172
FIO/BTC,1612299165048,2021-02-02T20:52:45.048Z,sell,2.45e-06,4009.0,0.009822049999999999
FIO/BTC,1612299171790,2021-02-02T20:52:51.790Z,sell,2.45e-06,987.0,0.00241815
FIO/BTC,1612299172120,2021-02-02T20:52:52.120Z,sell,2.45e-06,233.0,0.0005708499999999999
FIO/BTC,1612299172132,2021-02-02T20:52:52.132Z,buy,2.45e-06,12.0,2.9399999999999996e-05
FIO/BTC,1612299172380,2021-02-02T20:52:52.380Z,buy,2.45e-06,458.0,0.0011221
FIO/BTC,1612299174572,2021-02-02T20:52:54.572Z,sell,2.45e-06,320.0,0.000784
FIO/BTC,1612299181752,2021-02-02T20:53:01.752Z,buy,2.46e-06,4009.0,0.00986214
FIO/BTC,1612299182827,2021-02-02T20:53:02.827Z,sell,2.45e-06,2168.0,0.0053116
FIO/BTC,1612299195309,2021-02-02T20:53:15.309Z,buy,2.45e-06,8718.0,0.0213591
FIO/BTC,1612299196250,2021-02-02T20:53:16.250Z,buy,2.45e-06,253.0,0.0006198499999999999
FIO/BTC,1612299198321,2021-02-02T20:53:18.321Z,sell,2.44e-06,3034.0,0.00740296
FIO/BTC,1612299198338,2021-02-02T20:53:18.338Z,buy,2.45e-06,15.0,3.675e-05
FIO/BTC,1612299205735,2021-02-02T20:53:25.735Z,buy,2.45e-06,997.0,0.0024426499999999998
FIO/BTC,1612299213764,2021-02-02T20:53:33.764Z,buy,2.45e-06,1552.0,0.0038023999999999996
FIO/BTC,1612299215230,2021-02-02T20:53:35.230Z,buy,2.45e-06,403.0,0.00098735
FIO/BTC,1612299215230,2021-02-02T20:53:35.230Z,buy,2.46e-06,327.0,0.00080442
FIO/BTC,1612299215344,2021-02-02T20:53:35.344Z,buy,2.46e-06,463.0,0.0011389800000000002
FIO/BTC,1612299215445,2021-02-02T20:53:35.445Z,buy,2.46e-06,7988.0,0.01965048
FIO/BTC,1612299216046,2021-02-02T20:53:36.046Z,buy,2.46e-06,8163.0,0.020080980000000002
FIO/BTC,1612299216336,2021-02-02T20:53:36.336Z,buy,2.46e-06,2830.0,0.006961800000000001
FIO/BTC,1612299216773,2021-02-02T20:53:36.773Z,buy,2.46e-06,4223.0,0.010388580000000001
FIO/BTC,1612299216773,2021-02-02T20:53:36.773Z,buy,2.47e-06,6158.0,0.01521026
FIO/BTC,1612299216773,2021-02-02T20:53:36.773Z,buy,2.48e-06,1923.0,0.0047690399999999996
FIO/BTC,1612299216773,2021-02-02T20:53:36.773Z,buy,2.49e-06,27964.0,0.06963036
FIO/BTC,1612299216948,2021-02-02T20:53:36.948Z,buy,2.49e-06,12247.0,0.03049503
FIO/BTC,1612299216948,2021-02-02T20:53:36.948Z,buy,2.5e-06,4700.0,0.011750000000000002
FIO/BTC,1612299216953,2021-02-02T20:53:36.953Z,sell,2.5e-06,33053.0,0.08263250000000001
FIO/BTC,1612299216995,2021-02-02T20:53:36.995Z,buy,2.47e-06,6261.0,0.01546467
FIO/BTC,1612299216995,2021-02-02T20:53:36.995Z,buy,2.5e-06,1709.0,0.0042725
FIO/BTC,1612299217020,2021-02-02T20:53:37.020Z,sell,2.45e-06,1495.0,0.0036627499999999998
FIO/BTC,1612299217028,2021-02-02T20:53:37.028Z,buy,2.47e-06,3999.0,0.00987753
FIO/BTC,1612299217050,2021-02-02T20:53:37.050Z,buy,2.46e-06,1495.0,0.0036777000000000003
FIO/BTC,1612299217050,2021-02-02T20:53:37.050Z,buy,2.5e-06,96.0,0.00024000000000000003
FIO/BTC,1612299217050,2021-02-02T20:53:37.050Z,buy,2.51e-06,141.0,0.00035391000000000003
FIO/BTC,1612299217547,2021-02-02T20:53:37.547Z,buy,2.5e-06,679.0,0.0016975000000000002
FIO/BTC,1612299217609,2021-02-02T20:53:37.609Z,buy,2.5e-06,2957.0,0.007392500000000001
FIO/BTC,1612299217609,2021-02-02T20:53:37.609Z,buy,2.51e-06,3934.0,0.00987434
FIO/BTC,1612299219171,2021-02-02T20:53:39.171Z,buy,2.5e-06,3572.0,0.00893
FIO/BTC,1612299219171,2021-02-02T20:53:39.171Z,buy,2.51e-06,3046.0,0.007645460000000001
FIO/BTC,1612299220163,2021-02-02T20:53:40.163Z,buy,2.51e-06,3841.0,0.00964091
FIO/BTC,1612299220163,2021-02-02T20:53:40.163Z,buy,2.52e-06,1484.0,0.00373968
FIO/BTC,1612299220163,2021-02-02T20:53:40.163Z,buy,2.53e-06,340.0,0.0008602
FIO/BTC,1612299220474,2021-02-02T20:53:40.474Z,buy,2.52e-06,3340.0,0.0084168
FIO/BTC,1612299220519,2021-02-02T20:53:40.519Z,sell,2.51e-06,17639.0,0.04427389
FIO/BTC,1612299220520,2021-02-02T20:53:40.520Z,sell,2.51e-06,4627.0,0.01161377
FIO/BTC,1612299220548,2021-02-02T20:53:40.548Z,buy,2.5e-06,548.0,0.0013700000000000001
FIO/BTC,1612299220607,2021-02-02T20:53:40.607Z,buy,2.5e-06,281.0,0.0007025000000000001
FIO/BTC,1612299220896,2021-02-02T20:53:40.896Z,buy,2.5e-06,964.0,0.0024100000000000002
FIO/BTC,1612299221241,2021-02-02T20:53:41.241Z,buy,2.5e-06,7378.0,0.018445000000000003
FIO/BTC,1612299221241,2021-02-02T20:53:41.241Z,buy,2.51e-06,116.0,0.00029116
FIO/BTC,1612299221241,2021-02-02T20:53:41.241Z,buy,2.52e-06,1032.0,0.00260064
FIO/BTC,1612299221277,2021-02-02T20:53:41.277Z,buy,2.52e-06,98.0,0.00024696
FIO/BTC,1612299222188,2021-02-02T20:53:42.188Z,buy,2.52e-06,2001.0,0.00504252
FIO/BTC,1612299223470,2021-02-02T20:53:43.470Z,buy,2.52e-06,2631.0,0.00663012
FIO/BTC,1612299223553,2021-02-02T20:53:43.553Z,buy,2.52e-06,114.0,0.00028728
FIO/BTC,1612299223568,2021-02-02T20:53:43.568Z,buy,2.52e-06,229.0,0.00057708
FIO/BTC,1612299223576,2021-02-02T20:53:43.576Z,sell,2.5e-06,210.0,0.0005250000000000001
FIO/BTC,1612299223596,2021-02-02T20:53:43.596Z,buy,2.52e-06,1521.0,0.00383292
FIO/BTC,1612299223596,2021-02-02T20:53:43.596Z,buy,2.53e-06,4019.0,0.01016807
FIO/BTC,1612299223904,2021-02-02T20:53:43.904Z,buy,2.53e-06,3290.0,0.0083237
FIO/BTC,1612299223928,2021-02-02T20:53:43.928Z,sell,2.52e-06,667.0,0.00168084
FIO/BTC,1612299223966,2021-02-02T20:53:43.966Z,buy,2.53e-06,23741.0,0.06006473
FIO/BTC,1612299224004,2021-02-02T20:53:44.004Z,buy,2.52e-06,896.0,0.00225792
FIO/BTC,1612299224650,2021-02-02T20:53:44.650Z,sell,2.52e-06,638.0,0.00160776
FIO/BTC,1612299224651,2021-02-02T20:53:44.651Z,sell,2.52e-06,16.0,4.032e-05
FIO/BTC,1612299224926,2021-02-02T20:53:44.926Z,sell,2.52e-06,1130.0,0.0028476
FIO/BTC,1612299224928,2021-02-02T20:53:44.928Z,sell,2.52e-06,829.0,0.00208908
FIO/BTC,1612299225074,2021-02-02T20:53:45.074Z,sell,2.5e-06,9372.0,0.023430000000000003
FIO/BTC,1612299225666,2021-02-02T20:53:45.666Z,sell,2.5e-06,2830.0,0.0070750000000000006
FIO/BTC,1612299226015,2021-02-02T20:53:46.015Z,buy,2.51e-06,951.0,0.00238701
FIO/BTC,1612299226370,2021-02-02T20:53:46.370Z,buy,2.51e-06,25.0,6.275000000000001e-05
FIO/BTC,1612299226370,2021-02-02T20:53:46.370Z,buy,2.53e-06,91.0,0.00023023
FIO/BTC,1612299226652,2021-02-02T20:53:46.652Z,sell,2.5e-06,434.0,0.001085
FIO/BTC,1612299226801,2021-02-02T20:53:46.801Z,buy,2.53e-06,3510.0,0.008880299999999999
FIO/BTC,1612299226824,2021-02-02T20:53:46.824Z,sell,2.5e-06,138.0,0.00034500000000000004
FIO/BTC,1612299226993,2021-02-02T20:53:46.993Z,buy,2.53e-06,2144.0,0.00542432
FIO/BTC,1612299227010,2021-02-02T20:53:47.010Z,sell,2.52e-06,1557.0,0.00392364
FIO/BTC,1612299227927,2021-02-02T20:53:47.927Z,sell,2.5e-06,1471.0,0.0036775
FIO/BTC,1612299228171,2021-02-02T20:53:48.171Z,buy,2.51e-06,459.0,0.0011520900000000001
FIO/BTC,1612299228171,2021-02-02T20:53:48.171Z,buy,2.53e-06,6492.0,0.01642476
FIO/BTC,1612299228297,2021-02-02T20:53:48.297Z,buy,2.53e-06,4317.0,0.01092201
FIO/BTC,1612299228591,2021-02-02T20:53:48.591Z,buy,2.53e-06,1257.0,0.0031802099999999997
FIO/BTC,1612299228664,2021-02-02T20:53:48.664Z,buy,2.53e-06,133.0,0.00033649
FIO/BTC,1612299229625,2021-02-02T20:53:49.625Z,buy,2.53e-06,7359.0,0.01861827
FIO/BTC,1612299229642,2021-02-02T20:53:49.642Z,sell,2.52e-06,1538.0,0.0038757600000000002
FIO/BTC,1612299229644,2021-02-02T20:53:49.644Z,buy,2.53e-06,5735.0,0.01450955
FIO/BTC,1612299229700,2021-02-02T20:53:49.700Z,buy,2.53e-06,282.0,0.00071346
FIO/BTC,1612299230389,2021-02-02T20:53:50.389Z,sell,2.5e-06,997.0,0.0024925000000000004
FIO/BTC,1612299230389,2021-02-02T20:53:50.389Z,buy,2.53e-06,461.0,0.00116633
FIO/BTC,1612299230462,2021-02-02T20:53:50.462Z,buy,2.53e-06,513.0,0.00129789
FIO/BTC,1612299230482,2021-02-02T20:53:50.482Z,buy,2.53e-06,1797.0,0.00454641
FIO/BTC,1612299231048,2021-02-02T20:53:51.048Z,buy,2.53e-06,1425.0,0.00360525
FIO/BTC,1612299232019,2021-02-02T20:53:52.019Z,buy,2.53e-06,21395.0,0.05412935
FIO/BTC,1612299233827,2021-02-02T20:53:53.827Z,buy,2.53e-06,52.0,0.00013156
FIO/BTC,1612299234378,2021-02-02T20:53:54.378Z,buy,2.53e-06,552.0,0.00139656
FIO/BTC,1612299234503,2021-02-02T20:53:54.503Z,buy,2.53e-06,996.0,0.00251988
FIO/BTC,1612299234661,2021-02-02T20:53:54.661Z,buy,2.53e-06,203.0,0.00051359
FIO/BTC,1612299235393,2021-02-02T20:53:55.393Z,buy,2.53e-06,493.0,0.0012472899999999999
FIO/BTC,1612299235637,2021-02-02T20:53:55.637Z,buy,2.53e-06,361.0,0.00091333
FIO/BTC,1612299236571,2021-02-02T20:53:56.571Z,buy,2.53e-06,1082.0,0.0027374599999999997
FIO/BTC,1612299236690,2021-02-02T20:53:56.690Z,buy,2.53e-06,786.0,0.0019885799999999998
FIO/BTC,1612299236999,2021-02-02T20:53:56.999Z,sell,2.52e-06,48.0,0.00012096000000000001
FIO/BTC,1612299237042,2021-02-02T20:53:57.042Z,sell,2.52e-06,124.0,0.00031248
FIO/BTC,1612299237128,2021-02-02T20:53:57.128Z,sell,2.52e-06,590.0,0.0014868
FIO/BTC,1612299237135,2021-02-02T20:53:57.135Z,buy,2.51e-06,1175.0,0.00294925
FIO/BTC,1612299237715,2021-02-02T20:53:57.715Z,buy,2.53e-06,1399.0,0.00353947
FIO/BTC,1612299237715,2021-02-02T20:53:57.715Z,buy,2.54e-06,493.0,0.0012522199999999999
FIO/BTC,1612299238289,2021-02-02T20:53:58.289Z,sell,2.51e-06,177.0,0.00044427000000000003
FIO/BTC,1612299238708,2021-02-02T20:53:58.708Z,buy,2.54e-06,682.0,0.0017322799999999999
FIO/BTC,1612299238861,2021-02-02T20:53:58.861Z,buy,2.54e-06,8204.0,0.020838159999999998
FIO/BTC,1612299238924,2021-02-02T20:53:58.924Z,sell,2.51e-06,896.0,0.00224896
FIO/BTC,1612299239325,2021-02-02T20:53:59.325Z,buy,2.54e-06,61.0,0.00015493999999999998
FIO/BTC,1612299239460,2021-02-02T20:53:59.460Z,sell,2.51e-06,963.0,0.00241713
FIO/BTC,1612299239537,2021-02-02T20:53:59.537Z,sell,2.51e-06,57.0,0.00014307
FIO/BTC,1612299239633,2021-02-02T20:53:59.633Z,sell,2.53e-06,2394.0,0.00605682
FIO/BTC,1612299239958,2021-02-02T20:53:59.958Z,buy,2.53e-06,577.0,0.00145981
FIO/BTC,1612299239959,2021-02-02T20:53:59.959Z,buy,2.53e-06,606.0,0.0015331799999999999
FIO/BTC,1612299239972,2021-02-02T20:53:59.972Z,sell,2.52e-06,2502.0,0.00630504
FIO/BTC,1612299239972,2021-02-02T20:53:59.972Z,sell,2.51e-06,170.0,0.0004267
FIO/BTC,1612299240265,2021-02-02T20:54:00.265Z,sell,2.51e-06,463.0,0.0011621300000000002
FIO/BTC,1612299242922,2021-02-02T20:54:02.922Z,buy,2.53e-06,1139.0,0.00288167
FIO/BTC,1612299242977,2021-02-02T20:54:02.977Z,sell,2.53e-06,13975.0,0.03535675
FIO/BTC,1612299242978,2021-02-02T20:54:02.978Z,sell,2.53e-06,13975.0,0.03535675
FIO/BTC,1612299242981,2021-02-02T20:54:02.981Z,sell,2.53e-06,638.0,0.00161414
FIO/BTC,1612299242987,2021-02-02T20:54:02.987Z,sell,2.53e-06,3833.0,0.00969749
FIO/BTC,1612299243001,2021-02-02T20:54:03.001Z,sell,2.53e-06,639.0,0.00161667
FIO/BTC,1612299243021,2021-02-02T20:54:03.021Z,sell,2.53e-06,478.0,0.00120934
FIO/BTC,1612299243044,2021-02-02T20:54:03.044Z,sell,2.53e-06,478.0,0.00120934
FIO/BTC,1612299243048,2021-02-02T20:54:03.048Z,sell,2.53e-06,1823.0,0.0046121899999999995
FIO/BTC,1612299243054,2021-02-02T20:54:03.054Z,sell,2.53e-06,161.0,0.00040732999999999996
FIO/BTC,1612299243068,2021-02-02T20:54:03.068Z,sell,2.53e-06,152.0,0.00038456
FIO/BTC,1612299243080,2021-02-02T20:54:03.080Z,sell,2.53e-06,56.0,0.00014167999999999999
FIO/BTC,1612299243487,2021-02-02T20:54:03.487Z,buy,2.54e-06,60.0,0.0001524
FIO/BTC,1612299243908,2021-02-02T20:54:03.908Z,buy,2.54e-06,1535.0,0.0038989
FIO/BTC,1612299243976,2021-02-02T20:54:03.976Z,buy,2.54e-06,1502.0,0.0038150799999999998
FIO/BTC,1612299244498,2021-02-02T20:54:04.498Z,sell,2.53e-06,52.0,0.00013156
FIO/BTC,1612299244624,2021-02-02T20:54:04.624Z,sell,2.53e-06,107.0,0.00027071
FIO/BTC,1612299244635,2021-02-02T20:54:04.635Z,sell,2.53e-06,193.0,0.00048829
FIO/BTC,1612299244749,2021-02-02T20:54:04.749Z,sell,2.53e-06,175.0,0.00044275
FIO/BTC,1612299244755,2021-02-02T20:54:04.755Z,sell,2.53e-06,121.0,0.00030613
FIO/BTC,1612299244761,2021-02-02T20:54:04.761Z,sell,2.53e-06,127.0,0.00032131
FIO/BTC,1612299244769,2021-02-02T20:54:04.769Z,buy,2.54e-06,158.0,0.00040132
FIO/BTC,1612299245147,2021-02-02T20:54:05.147Z,sell,2.53e-06,168.0,0.00042504
FIO/BTC,1612299246674,2021-02-02T20:54:06.674Z,buy,2.54e-06,5550.0,0.014096999999999998
FIO/BTC,1612299247265,2021-02-02T20:54:07.265Z,buy,2.54e-06,6210.0,0.0157734
FIO/BTC,1612299247414,2021-02-02T20:54:07.414Z,buy,2.54e-06,621.0,0.00157734
FIO/BTC,1612299247662,2021-02-02T20:54:07.662Z,buy,2.54e-06,727.0,0.0018465799999999998
FIO/BTC,1612299247767,2021-02-02T20:54:07.767Z,sell,2.53e-06,1492.0,0.00377476
FIO/BTC,1612299247921,2021-02-02T20:54:07.921Z,buy,2.54e-06,320.0,0.0008127999999999999
FIO/BTC,1612299248320,2021-02-02T20:54:08.320Z,sell,2.53e-06,58021.0,0.14679313
FIO/BTC,1612299248320,2021-02-02T20:54:08.320Z,sell,2.51e-06,7545.0,0.018937950000000002
FIO/BTC,1612299248320,2021-02-02T20:54:08.320Z,sell,2.5e-06,4434.0,0.011085000000000001
FIO/BTC,1612299248320,2021-02-02T20:54:08.320Z,sell,2.49e-06,2500.0,0.006225
FIO/BTC,1612299248971,2021-02-02T20:54:08.971Z,buy,2.53e-06,964.0,0.00243892
FIO/BTC,1612299249345,2021-02-02T20:54:09.345Z,sell,2.51e-06,1423.0,0.00357173
FIO/BTC,1612299249436,2021-02-02T20:54:09.436Z,sell,2.5e-06,1550.0,0.0038750000000000004
FIO/BTC,1612299249726,2021-02-02T20:54:09.726Z,buy,2.53e-06,1462.0,0.00369886
FIO/BTC,1612299249779,2021-02-02T20:54:09.779Z,buy,2.53e-06,76.0,0.00019228
FIO/BTC,1612299249779,2021-02-02T20:54:09.779Z,buy,2.54e-06,923.0,0.00234442
FIO/BTC,1612299249861,2021-02-02T20:54:09.861Z,buy,2.54e-06,1289.0,0.0032740599999999996
FIO/BTC,1612299250753,2021-02-02T20:54:10.753Z,buy,2.54e-06,3300.0,0.008381999999999999
FIO/BTC,1612299251369,2021-02-02T20:54:11.369Z,buy,2.54e-06,60.0,0.0001524
FIO/BTC,1612299253326,2021-02-02T20:54:13.326Z,buy,2.54e-06,10831.0,0.02751074
FIO/BTC,1612299255466,2021-02-02T20:54:15.466Z,buy,2.54e-06,145.0,0.00036829999999999995
FIO/BTC,1612299255694,2021-02-02T20:54:15.694Z,buy,2.54e-06,2748.0,0.00697992
FIO/BTC,1612299255719,2021-02-02T20:54:15.719Z,sell,2.52e-06,116.0,0.00029232
FIO/BTC,1612299256516,2021-02-02T20:54:16.516Z,sell,2.52e-06,2481.0,0.00625212
FIO/BTC,1612299256516,2021-02-02T20:54:16.516Z,sell,2.51e-06,6513.0,0.016347630000000002
FIO/BTC,1612299256516,2021-02-02T20:54:16.516Z,sell,2.5e-06,3250.0,0.008125
FIO/BTC,1612299256516,2021-02-02T20:54:16.516Z,sell,2.49e-06,60256.0,0.15003744
FIO/BTC,1612299256594,2021-02-02T20:54:16.594Z,sell,2.5e-06,5547.0,0.013867500000000001
FIO/BTC,1612299256594,2021-02-02T20:54:16.594Z,sell,2.49e-06,1547.0,0.0038520299999999998
FIO/BTC,1612299256594,2021-02-02T20:54:16.594Z,sell,2.48e-06,4053.0,0.01005144
FIO/BTC,1612299257448,2021-02-02T20:54:17.448Z,buy,2.51e-06,157.0,0.00039407
FIO/BTC,1612299257456,2021-02-02T20:54:17.456Z,buy,2.51e-06,292.0,0.0007329200000000001
FIO/BTC,1612299257456,2021-02-02T20:54:17.456Z,buy,2.52e-06,801.0,0.00201852
FIO/BTC,1612299257573,2021-02-02T20:54:17.573Z,buy,2.52e-06,51.0,0.00012852
FIO/BTC,1612299257821,2021-02-02T20:54:17.821Z,buy,2.52e-06,632.0,0.00159264
FIO/BTC,1612299257821,2021-02-02T20:54:17.821Z,buy,2.53e-06,427.0,0.00108031
FIO/BTC,1612299258437,2021-02-02T20:54:18.437Z,buy,2.53e-06,2873.0,0.0072686899999999995
FIO/BTC,1612299258668,2021-02-02T20:54:18.668Z,buy,2.53e-06,79.0,0.00019987
FIO/BTC,1612299258737,2021-02-02T20:54:18.737Z,buy,2.53e-06,496.0,0.0012548799999999999
FIO/BTC,1612299258819,2021-02-02T20:54:18.819Z,buy,2.53e-06,79.0,0.00019987
FIO/BTC,1612299258885,2021-02-02T20:54:18.885Z,buy,2.53e-06,729.0,0.00184437
FIO/BTC,1612299260370,2021-02-02T20:54:20.370Z,buy,2.53e-06,593.0,0.00150029
FIO/BTC,1612299260370,2021-02-02T20:54:20.370Z,buy,2.54e-06,988.0,0.00250952
FIO/BTC,1612299260804,2021-02-02T20:54:20.804Z,buy,2.54e-06,195.0,0.0004953
FIO/BTC,1612299261878,2021-02-02T20:54:21.878Z,buy,2.54e-06,3828.0,0.00972312
FIO/BTC,1612299261990,2021-02-02T20:54:21.990Z,buy,2.54e-06,4786.0,0.01215644
FIO/BTC,1612299262079,2021-02-02T20:54:22.079Z,sell,2.52e-06,231.0,0.00058212
FIO/BTC,1612299262599,2021-02-02T20:54:22.599Z,sell,2.52e-06,455.0,0.0011466
FIO/BTC,1612299263385,2021-02-02T20:54:23.385Z,buy,2.53e-06,350.0,0.0008855
FIO/BTC,1612299264096,2021-02-02T20:54:24.096Z,sell,2.51e-06,2278.0,0.00571778
FIO/BTC,1612299264175,2021-02-02T20:54:24.175Z,buy,2.51e-06,65.0,0.00016315
FIO/BTC,1612299264175,2021-02-02T20:54:24.175Z,buy,2.53e-06,12282.0,0.03107346
FIO/BTC,1612299264975,2021-02-02T20:54:24.975Z,sell,2.51e-06,1096.0,0.00275096
FIO/BTC,1612299265397,2021-02-02T20:54:25.397Z,buy,2.53e-06,193.0,0.00048829
FIO/BTC,1612299266016,2021-02-02T20:54:26.016Z,buy,2.53e-06,2287.0,0.00578611
FIO/BTC,1612299266148,2021-02-02T20:54:26.148Z,sell,2.51e-06,1563.0,0.00392313
FIO/BTC,1612299266148,2021-02-02T20:54:26.148Z,sell,2.5e-06,17908.0,0.044770000000000004
FIO/BTC,1612299266148,2021-02-02T20:54:26.148Z,sell,2.49e-06,5000.0,0.01245
FIO/BTC,1612299266148,2021-02-02T20:54:26.148Z,sell,2.48e-06,48029.0,0.11911192
FIO/BTC,1612299266182,2021-02-02T20:54:26.182Z,sell,2.48e-06,1547.0,0.00383656
FIO/BTC,1612299266337,2021-02-02T20:54:26.337Z,buy,2.53e-06,793.0,0.00200629
FIO/BTC,1612299266349,2021-02-02T20:54:26.349Z,sell,2.51e-06,447.0,0.0011219700000000001
FIO/BTC,1612299266398,2021-02-02T20:54:26.398Z,sell,2.51e-06,23717.0,0.05952967
FIO/BTC,1612299266479,2021-02-02T20:54:26.479Z,sell,2.51e-06,3273.0,0.00821523
FIO/BTC,1612299266688,2021-02-02T20:54:26.688Z,sell,2.51e-06,1563.0,0.00392313
FIO/BTC,1612299266715,2021-02-02T20:54:26.715Z,sell,2.51e-06,2753.0,0.00691003
FIO/BTC,1612299266982,2021-02-02T20:54:26.982Z,sell,2.48e-06,1231.0,0.00305288
FIO/BTC,1612299266982,2021-02-02T20:54:26.982Z,sell,2.48e-06,1231.0,0.00305288
FIO/BTC,1612299266998,2021-02-02T20:54:26.998Z,buy,2.5e-06,11.0,2.75e-05
FIO/BTC,1612299267188,2021-02-02T20:54:27.188Z,buy,2.5e-06,1141.0,0.0028525000000000004
FIO/BTC,1612299267201,2021-02-02T20:54:27.201Z,buy,2.5e-06,79.0,0.0001975
FIO/BTC,1612299267346,2021-02-02T20:54:27.346Z,buy,2.5e-06,451.0,0.0011275
FIO/BTC,1612299268019,2021-02-02T20:54:28.019Z,buy,2.51e-06,2753.0,0.00691003
FIO/BTC,1612299268019,2021-02-02T20:54:28.019Z,buy,2.53e-06,53.0,0.00013408999999999999
FIO/BTC,1612299268441,2021-02-02T20:54:28.441Z,buy,2.53e-06,11151.0,0.02821203
FIO/BTC,1612299268552,2021-02-02T20:54:28.552Z,sell,2.5e-06,4620.0,0.011550000000000001
FIO/BTC,1612299269261,2021-02-02T20:54:29.261Z,buy,2.51e-06,39.0,9.789e-05
FIO/BTC,1612299269336,2021-02-02T20:54:29.336Z,buy,2.51e-06,4395.0,0.01103145
FIO/BTC,1612299269336,2021-02-02T20:54:29.336Z,buy,2.52e-06,4136.0,0.01042272
FIO/BTC,1612299269336,2021-02-02T20:54:29.336Z,buy,2.53e-06,6810.0,0.0172293
FIO/BTC,1612299269336,2021-02-02T20:54:29.336Z,buy,2.54e-06,19071.0,0.04844034
FIO/BTC,1612299269336,2021-02-02T20:54:29.336Z,buy,2.55e-06,7022.0,0.0179061
FIO/BTC,1612299269857,2021-02-02T20:54:29.857Z,buy,2.54e-06,2401.0,0.0060985399999999995
FIO/BTC,1612299270481,2021-02-02T20:54:30.481Z,buy,2.54e-06,4993.0,0.01268222
FIO/BTC,1612299270481,2021-02-02T20:54:30.481Z,buy,2.55e-06,1213.0,0.0030931500000000002
FIO/BTC,1612299271186,2021-02-02T20:54:31.186Z,buy,2.55e-06,2211.0,0.00563805
FIO/BTC,1612299271248,2021-02-02T20:54:31.248Z,sell,2.51e-06,18055.0,0.04531805
FIO/BTC,1612299271248,2021-02-02T20:54:31.248Z,sell,2.5e-06,4188.0,0.01047
FIO/BTC,1612299271559,2021-02-02T20:54:31.559Z,buy,2.54e-06,592.0,0.0015036799999999999
FIO/BTC,1612299272575,2021-02-02T20:54:32.575Z,buy,2.53e-06,14945.0,0.03781085
FIO/BTC,1612299272575,2021-02-02T20:54:32.575Z,buy,2.54e-06,5534.0,0.014056359999999999
FIO/BTC,1612299272575,2021-02-02T20:54:32.575Z,buy,2.55e-06,58705.0,0.14969775000000002
FIO/BTC,1612299272575,2021-02-02T20:54:32.575Z,buy,2.56e-06,31604.0,0.08090624
FIO/BTC,1612299272575,2021-02-02T20:54:32.575Z,buy,2.57e-06,22894.0,0.05883758
FIO/BTC,1612299272575,2021-02-02T20:54:32.575Z,buy,2.58e-06,35573.0,0.09177834
FIO/BTC,1612299272575,2021-02-02T20:54:32.575Z,buy,2.59e-06,43997.0,0.11395223
FIO/BTC,1612299272606,2021-02-02T20:54:32.606Z,sell,2.55e-06,8486.0,0.0216393
FIO/BTC,1612299272606,2021-02-02T20:54:32.606Z,sell,2.55e-06,999.0,0.00254745
FIO/BTC,1612299272611,2021-02-02T20:54:32.611Z,sell,2.55e-06,625.0,0.0015937500000000001
FIO/BTC,1612299272611,2021-02-02T20:54:32.611Z,sell,2.55e-06,2071.0,0.005281050000000001
FIO/BTC,1612299272629,2021-02-02T20:54:32.629Z,sell,2.55e-06,625.0,0.0015937500000000001
FIO/BTC,1612299272630,2021-02-02T20:54:32.630Z,sell,2.55e-06,2071.0,0.005281050000000001
FIO/BTC,1612299272637,2021-02-02T20:54:32.637Z,sell,2.55e-06,468.0,0.0011934
FIO/BTC,1612299272641,2021-02-02T20:54:32.641Z,sell,2.55e-06,439.0,0.0011194500000000001
FIO/BTC,1612299272650,2021-02-02T20:54:32.650Z,sell,2.55e-06,227.0,0.00057885
FIO/BTC,1612299275337,2021-02-02T20:54:35.337Z,buy,2.55e-06,177.0,0.00045135000000000005
FIO/BTC,1612299275856,2021-02-02T20:54:35.856Z,buy,2.55e-06,41.0,0.00010455000000000001
FIO/BTC,1612299275856,2021-02-02T20:54:35.856Z,buy,2.55e-06,8149.0,0.020779950000000002
FIO/BTC,1612299276976,2021-02-02T20:54:36.976Z,sell,2.54e-06,1112.0,0.00282448
FIO/BTC,1612299277012,2021-02-02T20:54:37.012Z,buy,2.55e-06,399.0,0.00101745
FIO/BTC,1612299277338,2021-02-02T20:54:37.338Z,buy,2.55e-06,487.0,0.00124185
FIO/BTC,1612299277468,2021-02-02T20:54:37.468Z,buy,2.55e-06,5440.0,0.013872
FIO/BTC,1612299278389,2021-02-02T20:54:38.389Z,buy,2.55e-06,741.0,0.00188955
FIO/BTC,1612299278751,2021-02-02T20:54:38.751Z,buy,2.55e-06,1679.0,0.00428145
FIO/BTC,1612299278862,2021-02-02T20:54:38.862Z,buy,2.55e-06,14023.0,0.03575865
FIO/BTC,1612299278863,2021-02-02T20:54:38.863Z,buy,2.55e-06,706.0,0.0018003000000000001
FIO/BTC,1612299278990,2021-02-02T20:54:38.990Z,buy,2.58e-06,438.0,0.00113004
FIO/BTC,1612299279727,2021-02-02T20:54:39.727Z,sell,2.55e-06,678.0,0.0017289
FIO/BTC,1612299279747,2021-02-02T20:54:39.747Z,sell,2.55e-06,4181.0,0.01066155
FIO/BTC,1612299279890,2021-02-02T20:54:39.890Z,sell,2.55e-06,663.0,0.0016906500000000001
FIO/BTC,1612299279988,2021-02-02T20:54:39.988Z,sell,2.56e-06,576.0,0.00147456
FIO/BTC,1612299280178,2021-02-02T20:54:40.178Z,sell,2.56e-06,370.0,0.0009472
FIO/BTC,1612299280409,2021-02-02T20:54:40.409Z,sell,2.56e-06,880.0,0.0022528
FIO/BTC,1612299280596,2021-02-02T20:54:40.596Z,sell,2.56e-06,316.0,0.0008089600000000001
FIO/BTC,1612299280803,2021-02-02T20:54:40.803Z,sell,2.56e-06,1715.0,0.0043904
FIO/BTC,1612299281044,2021-02-02T20:54:41.044Z,sell,2.56e-06,255.0,0.0006528
FIO/BTC,1612299281044,2021-02-02T20:54:41.044Z,sell,2.55e-06,2908.0,0.007415400000000001
FIO/BTC,1612299281044,2021-02-02T20:54:41.044Z,sell,2.54e-06,9954.0,0.02528316
FIO/BTC,1612299281044,2021-02-02T20:54:41.044Z,sell,2.53e-06,1547.0,0.00391391
FIO/BTC,1612299281044,2021-02-02T20:54:41.044Z,sell,2.51e-06,6519.0,0.01636269
FIO/BTC,1612299281074,2021-02-02T20:54:41.074Z,buy,2.55e-06,690.0,0.0017595
FIO/BTC,1612299281228,2021-02-02T20:54:41.228Z,buy,2.55e-06,331.0,0.00084405
FIO/BTC,1612299281238,2021-02-02T20:54:41.238Z,sell,2.53e-06,5000.0,0.01265
FIO/BTC,1612299281243,2021-02-02T20:54:41.243Z,buy,2.53e-06,227.0,0.00057431
FIO/BTC,1612299281243,2021-02-02T20:54:41.243Z,buy,2.53e-06,227.0,0.00057431
FIO/BTC,1612299281244,2021-02-02T20:54:41.244Z,buy,2.53e-06,227.0,0.00057431
FIO/BTC,1612299281244,2021-02-02T20:54:41.244Z,buy,2.53e-06,227.0,0.00057431
FIO/BTC,1612299281244,2021-02-02T20:54:41.244Z,buy,2.53e-06,227.0,0.00057431
FIO/BTC,1612299281244,2021-02-02T20:54:41.244Z,buy,2.53e-06,227.0,0.00057431
FIO/BTC,1612299281244,2021-02-02T20:54:41.244Z,buy,2.53e-06,227.0,0.00057431
FIO/BTC,1612299281244,2021-02-02T20:54:41.244Z,buy,2.53e-06,227.0,0.00057431
FIO/BTC,1612299281244,2021-02-02T20:54:41.244Z,buy,2.53e-06,227.0,0.00057431
FIO/BTC,1612299281244,2021-02-02T20:54:41.244Z,buy,2.53e-06,227.0,0.00057431
FIO/BTC,1612299281244,2021-02-02T20:54:41.244Z,buy,2.53e-06,227.0,0.00057431
FIO/BTC,1612299281244,2021-02-02T20:54:41.244Z,buy,2.53e-06,227.0,0.00057431
FIO/BTC,1612299281245,2021-02-02T20:54:41.245Z,buy,2.53e-06,227.0,0.00057431
FIO/BTC,1612299281245,2021-02-02T20:54:41.245Z,buy,2.53e-06,15896.0,0.040216879999999997
FIO/BTC,1612299281245,2021-02-02T20:54:41.245Z,buy,2.53e-06,227.0,0.00057431
FIO/BTC,1612299281245,2021-02-02T20:54:41.245Z,buy,2.53e-06,7343.0,0.01857779
FIO/BTC,1612299281272,2021-02-02T20:54:41.272Z,buy,2.58e-06,1526.0,0.00393708
FIO/BTC,1612299282013,2021-02-02T20:54:42.013Z,buy,2.58e-06,10132.0,0.02614056
FIO/BTC,1612299282013,2021-02-02T20:54:42.013Z,buy,2.59e-06,5674.0,0.014695660000000001
FIO/BTC,1612299282013,2021-02-02T20:54:42.013Z,buy,2.6e-06,13533.0,0.0351858
FIO/BTC,1612299282013,2021-02-02T20:54:42.013Z,buy,2.61e-06,14404.0,0.03759444
FIO/BTC,1612299282391,2021-02-02T20:54:42.391Z,sell,2.57e-06,4786.0,0.01230002
FIO/BTC,1612299283504,2021-02-02T20:54:43.504Z,buy,2.59e-06,42.0,0.00010878000000000001
FIO/BTC,1612299283537,2021-02-02T20:54:43.537Z,sell,2.57e-06,240.0,0.0006168
FIO/BTC,1612299283847,2021-02-02T20:54:43.847Z,sell,2.57e-06,509.0,0.00130813
FIO/BTC,1612299284030,2021-02-02T20:54:44.030Z,buy,2.59e-06,97.0,0.00025123
FIO/BTC,1612299284271,2021-02-02T20:54:44.271Z,sell,2.57e-06,700.0,0.001799
FIO/BTC,1612299284528,2021-02-02T20:54:44.528Z,buy,2.59e-06,97.0,0.00025123
FIO/BTC,1612299285345,2021-02-02T20:54:45.345Z,sell,2.57e-06,5554.0,0.01427378
FIO/BTC,1612299285512,2021-02-02T20:54:45.512Z,sell,2.57e-06,1200.0,0.003084
FIO/BTC,1612299285598,2021-02-02T20:54:45.598Z,buy,2.59e-06,5670.0,0.014685300000000002
FIO/BTC,1612299286169,2021-02-02T20:54:46.169Z,buy,2.58e-06,4015.0,0.0103587
FIO/BTC,1612299286267,2021-02-02T20:54:46.267Z,buy,2.58e-06,1539.0,0.003970619999999999
FIO/BTC,1612299286684,2021-02-02T20:54:46.684Z,buy,2.58e-06,329.0,0.0008488199999999999
FIO/BTC,1612299287117,2021-02-02T20:54:47.117Z,sell,2.57e-06,3469.0,0.008915329999999999
FIO/BTC,1612299287117,2021-02-02T20:54:47.117Z,sell,2.56e-06,6110.0,0.015641600000000002
FIO/BTC,1612299287117,2021-02-02T20:54:47.117Z,sell,2.55e-06,11097.0,0.028297350000000002
FIO/BTC,1612299287821,2021-02-02T20:54:47.821Z,buy,2.59e-06,6584.0,0.01705256
FIO/BTC,1612299287943,2021-02-02T20:54:47.943Z,buy,2.59e-06,34.0,8.806000000000001e-05
FIO/BTC,1612299287943,2021-02-02T20:54:47.943Z,buy,2.61e-06,1586.0,0.00413946
FIO/BTC,1612299288621,2021-02-02T20:54:48.621Z,buy,2.6e-06,3250.0,0.008450000000000001
FIO/BTC,1612299288813,2021-02-02T20:54:48.813Z,sell,2.58e-06,55.0,0.00014189999999999998
FIO/BTC,1612299289031,2021-02-02T20:54:49.031Z,sell,2.58e-06,242.0,0.00062436
FIO/BTC,1612299289248,2021-02-02T20:54:49.248Z,sell,2.58e-06,439.0,0.00113262
FIO/BTC,1612299290051,2021-02-02T20:54:50.051Z,sell,2.59e-06,614.0,0.00159026
FIO/BTC,1612299290072,2021-02-02T20:54:50.072Z,sell,2.59e-06,486.0,0.0012587400000000002
FIO/BTC,1612299290088,2021-02-02T20:54:50.088Z,sell,2.58e-06,1100.0,0.002838
FIO/BTC,1612299290470,2021-02-02T20:54:50.470Z,buy,2.59e-06,385.0,0.00099715
FIO/BTC,1612299290486,2021-02-02T20:54:50.486Z,buy,2.59e-06,875.0,0.00226625
FIO/BTC,1612299290493,2021-02-02T20:54:50.493Z,sell,2.6e-06,1227.0,0.0031902000000000002
FIO/BTC,1612299290499,2021-02-02T20:54:50.499Z,sell,2.6e-06,275.0,0.000715
FIO/BTC,1612299290499,2021-02-02T20:54:50.499Z,sell,2.6e-06,811.0,0.0021086
FIO/BTC,1612299290502,2021-02-02T20:54:50.502Z,sell,2.6e-06,153.0,0.0003978
FIO/BTC,1612299290517,2021-02-02T20:54:50.517Z,sell,2.6e-06,612.0,0.0015912
FIO/BTC,1612299290541,2021-02-02T20:54:50.541Z,sell,2.6e-06,570.0,0.001482
FIO/BTC,1612299290541,2021-02-02T20:54:50.541Z,sell,2.58e-06,612.0,0.00157896
FIO/BTC,1612299290558,2021-02-02T20:54:50.558Z,sell,2.58e-06,461.0,0.0011893799999999999
FIO/BTC,1612299290993,2021-02-02T20:54:50.993Z,sell,2.58e-06,3563.0,0.009192539999999999
FIO/BTC,1612299291971,2021-02-02T20:54:51.971Z,buy,2.6e-06,681.0,0.0017706
FIO/BTC,1612299291971,2021-02-02T20:54:51.971Z,buy,2.61e-06,19591.0,0.05113251
FIO/BTC,1612299291979,2021-02-02T20:54:51.979Z,sell,2.61e-06,8567.0,0.02235987
FIO/BTC,1612299291979,2021-02-02T20:54:51.979Z,sell,2.61e-06,8567.0,0.02235987
FIO/BTC,1612299291980,2021-02-02T20:54:51.980Z,sell,2.61e-06,15896.0,0.04148856
FIO/BTC,1612299291980,2021-02-02T20:54:51.980Z,sell,2.61e-06,4846.0,0.01264806
FIO/BTC,1612299293716,2021-02-02T20:54:53.716Z,sell,2.58e-06,7980.0,0.0205884
FIO/BTC,1612299293716,2021-02-02T20:54:53.716Z,sell,2.57e-06,9729.0,0.02500353
FIO/BTC,1612299293716,2021-02-02T20:54:53.716Z,sell,2.56e-06,3007.0,0.0076979200000000005
FIO/BTC,1612299293779,2021-02-02T20:54:53.779Z,buy,2.6e-06,1553.0,0.0040378
FIO/BTC,1612299293907,2021-02-02T20:54:53.907Z,sell,2.57e-06,998.0,0.00256486
FIO/BTC,1612299294713,2021-02-02T20:54:54.713Z,buy,2.58e-06,158.0,0.00040763999999999997
FIO/BTC,1612299295361,2021-02-02T20:54:55.361Z,sell,2.57e-06,9669.0,0.02484933
FIO/BTC,1612299295361,2021-02-02T20:54:55.361Z,sell,2.56e-06,29904.0,0.07655424
FIO/BTC,1612299295361,2021-02-02T20:54:55.361Z,sell,2.55e-06,1373.0,0.00350115
