symbol,timestamp,datetime,side,price,amount,btc_volume
FIO/BTC,1623430886119,2021-06-11T17:01:26.119Z,sell,5.75e-06,620.0,0.003565
FIO/BTC,1623430887855,2021-06-11T17:01:27.855Z,sell,5.74e-06,6675.0,0.0383145
FIO/BTC,1623430887855,2021-06-11T17:01:27.855Z,sell,5.73e-06,620.0,0.0035526
FIO/BTC,1623430887860,2021-06-11T17:01:27.860Z,sell,5.72e-06,886.0,0.00506792
FIO/BTC,1623430887888,2021-06-11T17:01:27.888Z,sell,5.72e-06,7300.0,0.041756
FIO/BTC,1623430887908,2021-06-11T17:01:27.908Z,sell,5.72e-06,405.0,0.0023166000000000003
FIO/BTC,1623430893292,2021-06-11T17:01:33.292Z,sell,5.73e-06,127.0,0.00072771
FIO/BTC,1623430921796,2021-06-11T17:02:01.796Z,sell,5.73e-06,620.0,0.0035526
FIO/BTC,1623430921849,2021-06-11T17:02:01.849Z,sell,5.72e-06,6640.0,0.0379808
FIO/BTC,1623430921858,2021-06-11T17:02:01.858Z,sell,5.72e-06,10.0,5.72e-05
FIO/BTC,1623430921867,2021-06-11T17:02:01.867Z,sell,5.72e-06,620.0,0.0035464000000000003
FIO/BTC,1623430921922,2021-06-11T17:02:01.922Z,sell,5.71e-06,556.0,0.0031747600000000004
FIO/BTC,1623430921947,2021-06-11T17:02:01.947Z,sell,5.71e-06,327.0,0.00186717
FIO/BTC,1623430921948,2021-06-11T17:02:01.948Z,sell,5.71e-06,568.0,0.0032432800000000003
FIO/BTC,1623430925284,2021-06-11T17:02:05.284Z,buy,5.73e-06,620.0,0.0035526
FIO/BTC,1623430925582,2021-06-11T17:02:05.582Z,buy,5.73e-06,620.0,0.0035526
FIO/BTC,1623430925686,2021-06-11T17:02:05.686Z,buy,5.73e-06,620.0,0.0035526
FIO/BTC,1623430925887,2021-06-11T17:02:05.887Z,buy,5.73e-06,620.0,0.0035526
FIO/BTC,1623430925983,2021-06-11T17:02:05.983Z,buy,5.73e-06,620.0,0.0035526
FIO/BTC,1623430926385,2021-06-11T17:02:06.385Z,buy,5.73e-06,620.0,0.0035526
FIO/BTC,1623430926485,2021-06-11T17:02:06.485Z,buy,5.73e-06,620.0,0.0035526
FIO/BTC,1623430931084,2021-06-11T17:02:11.084Z,buy,5.74e-06,3890.0,0.0223286
FIO/BTC,1623430931690,2021-06-11T17:02:11.690Z,buy,5.74e-06,1161.0,0.00666414
FIO/BTC,1623430937949,2021-06-11T17:02:17.949Z,sell,5.72e-06,620.0,0.0035464000000000003
FIO/BTC,1623430946366,2021-06-11T17:02:26.366Z,sell,5.72e-06,690.0,0.0039468
FIO/BTC,1623430946366,2021-06-11T17:02:26.366Z,sell,5.71e-06,3376.0,0.019276960000000003
FIO/BTC,1623430953199,2021-06-11T17:02:33.199Z,buy,5.74e-06,690.0,0.0039606
FIO/BTC,1623430953307,2021-06-11T17:02:33.307Z,buy,5.74e-06,690.0,0.0039606
FIO/BTC,1623431010274,2021-06-11T17:03:30.274Z,sell,5.73e-06,435.0,0.00249255
FIO/BTC,1623431032133,2021-06-11T17:03:52.133Z,buy,5.74e-06,6.0,3.444e-05
FIO/BTC,1623431101885,2021-06-11T17:05:01.885Z,buy,5.74e-06,56.0,0.00032144
FIO/BTC,1623431101968,2021-06-11T17:05:01.968Z,buy,5.75e-06,264.0,0.001518
FIO/BTC,1623431112130,2021-06-11T17:05:12.130Z,sell,5.74e-06,65.0,0.0003731
FIO/BTC,1623431155310,2021-06-11T17:05:55.310Z,buy,5.76e-06,149.0,0.00085824
FIO/BTC,1623431171139,2021-06-11T17:06:11.139Z,buy,5.77e-06,1352.0,0.0078010399999999995
FIO/BTC,1623431171295,2021-06-11T17:06:11.295Z,buy,5.78e-06,500.0,0.0028899999999999998
FIO/BTC,1623431178154,2021-06-11T17:06:18.154Z,buy,5.78e-06,1174.0,0.006785719999999999
FIO/BTC,1623431223209,2021-06-11T17:07:03.209Z,sell,5.78e-06,5125.0,0.0296225
FIO/BTC,1623431249894,2021-06-11T17:07:29.894Z,buy,5.79e-06,405.0,0.0023449499999999997
FIO/BTC,1623431291161,2021-06-11T17:08:11.161Z,sell,5.78e-06,72.0,0.00041616
FIO/BTC,1623431303122,2021-06-11T17:08:23.122Z,buy,5.8e-06,79.0,0.0004582
FIO/BTC,1623431376691,2021-06-11T17:09:36.691Z,buy,5.8e-06,588.0,0.0034104
FIO/BTC,1623431376793,2021-06-11T17:09:36.793Z,buy,5.8e-06,176.0,0.0010208
FIO/BTC,1623431393907,2021-06-11T17:09:53.907Z,sell,5.79e-06,469.0,0.00271551
FIO/BTC,1623431412724,2021-06-11T17:10:12.724Z,sell,5.79e-06,299.0,0.00173121
FIO/BTC,1623431433811,2021-06-11T17:10:33.811Z,buy,5.8e-06,19.0,0.00011020000000000001
FIO/BTC,1623431485781,2021-06-11T17:11:25.781Z,buy,5.8e-06,3221.0,0.018681800000000002
FIO/BTC,1623431485948,2021-06-11T17:11:25.948Z,buy,5.81e-06,416.0,0.00241696
FIO/BTC,1623431520751,2021-06-11T17:12:00.751Z,buy,5.82e-06,690.0,0.0040158
FIO/BTC,1623431520751,2021-06-11T17:12:00.751Z,buy,5.82e-06,171.0,0.00099522
FIO/BTC,1623431520761,2021-06-11T17:12:00.761Z,buy,5.82e-06,866.0,0.00504012
FIO/BTC,1623431520763,2021-06-11T17:12:00.763Z,buy,5.82e-06,690.0,0.0040158
FIO/BTC,1623431520773,2021-06-11T17:12:00.773Z,buy,5.82e-06,690.0,0.0040158
FIO/BTC,1623431520783,2021-06-11T17:12:00.783Z,buy,5.82e-06,261.0,0.00151902
FIO/BTC,1623431520867,2021-06-11T17:12:00.867Z,buy,5.82e-06,752.0,0.00437664
FIO/BTC,1623431520966,2021-06-11T17:12:00.966Z,buy,5.82e-06,225.0,0.0013095000000000001
FIO/BTC,1623431536733,2021-06-11T17:12:16.733Z,buy,5.83e-06,19.0,0.00011077
FIO/BTC,1623431566793,2021-06-11T17:12:46.793Z,sell,5.82e-06,2700.0,0.015714
FIO/BTC,1623431579909,2021-06-11T17:12:59.909Z,sell,5.82e-06,1231.0,0.00716442
FIO/BTC,1623431587783,2021-06-11T17:13:07.783Z,sell,5.82e-06,18.0,0.00010476
FIO/BTC,1623431607653,2021-06-11T17:13:27.653Z,buy,5.83e-06,838.0,0.00488554
FIO/BTC,1623431640530,2021-06-11T17:14:00.530Z,sell,5.82e-06,65.0,0.00037830000000000003
FIO/BTC,1623431662504,2021-06-11T17:14:22.504Z,sell,5.82e-06,500.0,0.0029100000000000003
FIO/BTC,1623431662505,2021-06-11T17:14:22.505Z,sell,5.82e-06,246.0,0.00143172
FIO/BTC,1623431662506,2021-06-11T17:14:22.506Z,sell,5.82e-06,44.0,0.00025608
FIO/BTC,1623431662506,2021-06-11T17:14:22.506Z,sell,5.82e-06,344.0,0.0020020800000000003
FIO/BTC,1623431667936,2021-06-11T17:14:27.936Z,buy,5.82e-06,246.0,0.00143172
FIO/BTC,1623431728637,2021-06-11T17:15:28.637Z,sell,5.82e-06,64.0,0.00037248
FIO/BTC,1623431734187,2021-06-11T17:15:34.187Z,buy,5.84e-06,380.0,0.0022192
FIO/BTC,1623431734193,2021-06-11T17:15:34.193Z,buy,5.84e-06,9467.0,0.05528728
FIO/BTC,1623431734355,2021-06-11T17:15:34.355Z,buy,5.85e-06,40.0,0.000234
FIO/BTC,1623431734467,2021-06-11T17:15:34.467Z,sell,5.83e-06,690.0,0.0040227
FIO/BTC,1623431734467,2021-06-11T17:15:34.467Z,sell,5.82e-06,752.0,0.00437664
FIO/BTC,1623431734744,2021-06-11T17:15:34.744Z,sell,5.84e-06,690.0,0.0040296
FIO/BTC,1623431734846,2021-06-11T17:15:34.846Z,sell,5.84e-06,690.0,0.0040296
FIO/BTC,1623431735410,2021-06-11T17:15:35.410Z,sell,5.83e-06,86.0,0.0005013800000000001
FIO/BTC,1623431735525,2021-06-11T17:15:35.525Z,buy,5.83e-06,202.0,0.00117766
FIO/BTC,1623431740436,2021-06-11T17:15:40.436Z,sell,5.82e-06,40.0,0.00023280000000000002
FIO/BTC,1623431741149,2021-06-11T17:15:41.149Z,buy,5.85e-06,19.0,0.00011114999999999999
FIO/BTC,1623431760976,2021-06-11T17:16:00.976Z,buy,5.82e-06,690.0,0.0040158
FIO/BTC,1623431761080,2021-06-11T17:16:01.080Z,buy,5.82e-06,690.0,0.0040158
FIO/BTC,1623431761200,2021-06-11T17:16:01.200Z,sell,5.82e-06,690.0,0.0040158
FIO/BTC,1623431761206,2021-06-11T17:16:01.206Z,sell,5.82e-06,625.0,0.0036375
FIO/BTC,1623431761219,2021-06-11T17:16:01.219Z,sell,5.82e-06,185.0,0.0010767
FIO/BTC,1623431761277,2021-06-11T17:16:01.277Z,buy,5.82e-06,690.0,0.0040158
FIO/BTC,1623431761484,2021-06-11T17:16:01.484Z,buy,5.82e-06,690.0,0.0040158
FIO/BTC,1623431764358,2021-06-11T17:16:04.358Z,sell,5.82e-06,18945.0,0.11025990000000001
FIO/BTC,1623431765780,2021-06-11T17:16:05.780Z,buy,5.82e-06,690.0,0.0040158
FIO/BTC,1623431765879,2021-06-11T17:16:05.879Z,buy,5.82e-06,2190.0,0.0127458
FIO/BTC,1623431777598,2021-06-11T17:16:17.598Z,sell,5.82e-06,690.0,0.0040158
FIO/BTC,1623431778325,2021-06-11T17:16:18.325Z,sell,5.82e-06,214.0,0.00124548
FIO/BTC,1623431789590,2021-06-11T17:16:29.590Z,buy,5.83e-06,820.0,0.0047806
FIO/BTC,1623431793527,2021-06-11T17:16:33.527Z,buy,5.84e-06,38.0,0.00022192
FIO/BTC,1623431806703,2021-06-11T17:16:46.703Z,buy,5.85e-06,19.0,0.00011114999999999999
FIO/BTC,1623431833924,2021-06-11T17:17:13.924Z,sell,5.83e-06,688.0,0.0040110400000000004
FIO/BTC,1623431835295,2021-06-11T17:17:15.295Z,sell,5.83e-06,1004.0,0.00585332
FIO/BTC,1623431840596,2021-06-11T17:17:20.596Z,sell,5.83e-06,977.0,0.00569591
FIO/BTC,1623431843312,2021-06-11T17:17:23.312Z,buy,5.85e-06,19.0,0.00011114999999999999
FIO/BTC,1623431869397,2021-06-11T17:17:49.397Z,sell,5.84e-06,86.0,0.00050224
FIO/BTC,1623431878752,2021-06-11T17:17:58.752Z,sell,5.84e-06,690.0,0.0040296
FIO/BTC,1623431882471,2021-06-11T17:18:02.471Z,buy,5.85e-06,19.0,0.00011114999999999999
FIO/BTC,1623431888312,2021-06-11T17:18:08.312Z,buy,5.85e-06,990.0,0.0057915
FIO/BTC,1623431894097,2021-06-11T17:18:14.097Z,buy,5.86e-06,19.0,0.00011134
FIO/BTC,1623431914663,2021-06-11T17:18:34.663Z,buy,5.86e-06,690.0,0.0040434
FIO/BTC,1623431914668,2021-06-11T17:18:34.668Z,buy,5.86e-06,1279.0,0.007494939999999999
FIO/BTC,1623431915154,2021-06-11T17:18:35.154Z,sell,5.85e-06,185.0,0.0010822499999999999
FIO/BTC,1623431915355,2021-06-11T17:18:35.355Z,sell,5.85e-06,186.0,0.0010881
FIO/BTC,1623431915452,2021-06-11T17:18:35.452Z,sell,5.85e-06,185.0,0.0010822499999999999
FIO/BTC,1623431915555,2021-06-11T17:18:35.555Z,sell,5.85e-06,110.0,0.0006435
FIO/BTC,1623431915659,2021-06-11T17:18:35.659Z,sell,5.85e-06,75.0,0.00043875
FIO/BTC,1623431915858,2021-06-11T17:18:35.858Z,sell,5.85e-06,157.0,0.00091845
FIO/BTC,1623431925122,2021-06-11T17:18:45.122Z,sell,5.86e-06,85.0,0.0004981
FIO/BTC,1623431926601,2021-06-11T17:18:46.601Z,buy,5.87e-06,19.0,0.00011153
FIO/BTC,1623431966885,2021-06-11T17:19:26.885Z,buy,5.87e-06,2244.0,0.01317228
FIO/BTC,1623431998588,2021-06-11T17:19:58.588Z,buy,5.86e-06,655.0,0.0038383
FIO/BTC,1623431998590,2021-06-11T17:19:58.590Z,buy,5.86e-06,35.0,0.0002051
FIO/BTC,1623431998998,2021-06-11T17:19:58.998Z,sell,5.86e-06,327.0,0.00191622
FIO/BTC,1623432012991,2021-06-11T17:20:12.991Z,sell,5.85e-06,690.0,0.0040365
FIO/BTC,1623432012997,2021-06-11T17:20:12.997Z,buy,5.85e-06,8994.0,0.0526149
FIO/BTC,1623432038565,2021-06-11T17:20:38.565Z,buy,5.87e-06,461.0,0.0027060699999999997
FIO/BTC,1623432045616,2021-06-11T17:20:45.616Z,buy,5.87e-06,6.0,3.522e-05
FIO/BTC,1623432063628,2021-06-11T17:21:03.628Z,sell,5.85e-06,86.0,0.0005031
FIO/BTC,1623432080428,2021-06-11T17:21:20.428Z,sell,5.85e-06,24.0,0.0001404
FIO/BTC,1623432105151,2021-06-11T17:21:45.151Z,sell,5.84e-06,190.0,0.0011096
FIO/BTC,1623432105162,2021-06-11T17:21:45.162Z,sell,5.83e-06,751.0,0.00437833
FIO/BTC,1623432105166,2021-06-11T17:21:45.166Z,sell,5.82e-06,949.0,0.00552318
FIO/BTC,1623432105171,2021-06-11T17:21:45.171Z,sell,5.82e-06,3853.0,0.02242446
FIO/BTC,1623432105172,2021-06-11T17:21:45.172Z,sell,5.82e-06,3853.0,0.02242446
FIO/BTC,1623432105172,2021-06-11T17:21:45.172Z,sell,5.82e-06,3853.0,0.02242446
FIO/BTC,1623432105174,2021-06-11T17:21:45.174Z,sell,5.82e-06,3853.0,0.02242446
FIO/BTC,1623432105174,2021-06-11T17:21:45.174Z,sell,5.82e-06,3853.0,0.02242446
FIO/BTC,1623432105176,2021-06-11T17:21:45.176Z,sell,5.82e-06,3853.0,0.02242446
FIO/BTC,1623432105179,2021-06-11T17:21:45.179Z,sell,5.82e-06,2904.0,0.01690128
FIO/BTC,1623432105180,2021-06-11T17:21:45.180Z,sell,5.82e-06,1955.0,0.0113781
FIO/BTC,1623432105183,2021-06-11T17:21:45.183Z,sell,5.82e-06,690.0,0.0040158
FIO/BTC,1623432105192,2021-06-11T17:21:45.192Z,sell,5.82e-06,1040.0,0.0060528000000000005
FIO/BTC,1623432105202,2021-06-11T17:21:45.202Z,sell,5.82e-06,642.0,0.00373644
FIO/BTC,1623432105337,2021-06-11T17:21:45.337Z,sell,5.82e-06,915.0,0.0053253
FIO/BTC,1623432105806,2021-06-11T17:21:45.806Z,sell,5.82e-06,1.0,5.82e-06
FIO/BTC,1623432107130,2021-06-11T17:21:47.130Z,sell,5.81e-06,95.0,0.00055195
FIO/BTC,1623432107564,2021-06-11T17:21:47.564Z,sell,5.8e-06,1263.0,0.0073254
FIO/BTC,1623432107567,2021-06-11T17:21:47.567Z,sell,5.79e-06,934.0,0.00540786
FIO/BTC,1623432107580,2021-06-11T17:21:47.580Z,sell,5.8e-06,690.0,0.004002
FIO/BTC,1623432107580,2021-06-11T17:21:47.580Z,sell,5.79e-06,4895.0,0.028342049999999997
FIO/BTC,1623432107608,2021-06-11T17:21:47.608Z,sell,5.78e-06,2080.0,0.012022399999999999
FIO/BTC,1623432107694,2021-06-11T17:21:47.694Z,sell,5.78e-06,4.0,2.312e-05
FIO/BTC,1623432107712,2021-06-11T17:21:47.712Z,sell,5.77e-06,375.0,0.00216375
FIO/BTC,1623432107757,2021-06-11T17:21:47.757Z,buy,5.78e-06,2342.0,0.01353676
FIO/BTC,1623432108395,2021-06-11T17:21:48.395Z,buy,5.77e-06,1173.0,0.00676821
FIO/BTC,1623432108396,2021-06-11T17:21:48.396Z,buy,5.77e-06,218.0,0.00125786
FIO/BTC,1623432108459,2021-06-11T17:21:48.459Z,buy,5.77e-06,485.0,0.00279845
FIO/BTC,1623432113918,2021-06-11T17:21:53.918Z,sell,5.76e-06,110.0,0.0006336
FIO/BTC,1623432113981,2021-06-11T17:21:53.981Z,sell,5.75e-06,330.0,0.0018975
FIO/BTC,1623432114034,2021-06-11T17:21:54.034Z,sell,5.74e-06,149.0,0.00085526
FIO/BTC,1623432114223,2021-06-11T17:21:54.223Z,buy,5.75e-06,665.0,0.00382375
FIO/BTC,1623432114611,2021-06-11T17:21:54.611Z,buy,5.75e-06,770.0,0.0044275
FIO/BTC,1623432117442,2021-06-11T17:21:57.442Z,buy,5.74e-06,8690.0,0.049880600000000004
FIO/BTC,1623432118266,2021-06-11T17:21:58.266Z,buy,5.75e-06,870.0,0.0050025
FIO/BTC,1623432118444,2021-06-11T17:21:58.444Z,buy,5.75e-06,4646.0,0.0267145
FIO/BTC,1623432118467,2021-06-11T17:21:58.467Z,buy,5.75e-06,48.0,0.000276
FIO/BTC,1623432142708,2021-06-11T17:22:22.708Z,buy,5.77e-06,690.0,0.0039813
FIO/BTC,1623432142725,2021-06-11T17:22:22.725Z,buy,5.77e-06,690.0,0.0039813
FIO/BTC,1623432142755,2021-06-11T17:22:22.755Z,buy,5.77e-06,690.0,0.0039813
FIO/BTC,1623432142795,2021-06-11T17:22:22.795Z,buy,5.77e-06,690.0,0.0039813
FIO/BTC,1623432145922,2021-06-11T17:22:25.922Z,sell,5.77e-06,1513.0,0.00873001
FIO/BTC,1623432159865,2021-06-11T17:22:39.865Z,sell,5.76e-06,62.0,0.00035712
FIO/BTC,1623432161966,2021-06-11T17:22:41.966Z,buy,5.77e-06,265.0,0.00152905
FIO/BTC,1623432179452,2021-06-11T17:22:59.452Z,sell,5.77e-06,87.0,0.00050199
FIO/BTC,1623432182069,2021-06-11T17:23:02.069Z,buy,5.78e-06,144.0,0.00083232
FIO/BTC,1623432182069,2021-06-11T17:23:02.069Z,buy,5.79e-06,190.0,0.0011001
FIO/BTC,1623432182069,2021-06-11T17:23:02.069Z,buy,5.8e-06,1826.0,0.010590800000000001
FIO/BTC,1623432182069,2021-06-11T17:23:02.069Z,buy,5.81e-06,15056.0,0.08747536
FIO/BTC,1623432211262,2021-06-11T17:23:31.262Z,sell,5.77e-06,52.0,0.00030004
FIO/BTC,1623432219577,2021-06-11T17:23:39.577Z,sell,5.76e-06,1037.0,0.00597312
FIO/BTC,1623432219577,2021-06-11T17:23:39.577Z,sell,5.76e-06,488.0,0.00281088
FIO/BTC,1623432242603,2021-06-11T17:24:02.603Z,sell,5.76e-06,87.0,0.00050112
FIO/BTC,1623432254018,2021-06-11T17:24:14.018Z,sell,5.75e-06,30.0,0.0001725
FIO/BTC,1623432274846,2021-06-11T17:24:34.846Z,sell,5.75e-06,293.0,0.00168475
FIO/BTC,1623432292147,2021-06-11T17:24:52.147Z,sell,5.75e-06,85.0,0.00048875
FIO/BTC,1623432303891,2021-06-11T17:25:03.891Z,buy,5.78e-06,214.0,0.0012369199999999999
FIO/BTC,1623432358611,2021-06-11T17:25:58.611Z,buy,5.8e-06,1612.0,0.009349600000000001
FIO/BTC,1623432358617,2021-06-11T17:25:58.617Z,sell,5.8e-06,2795.0,0.016211
FIO/BTC,1623432358621,2021-06-11T17:25:58.621Z,sell,5.8e-06,2795.0,0.016211
FIO/BTC,1623432358621,2021-06-11T17:25:58.621Z,sell,5.8e-06,2795.0,0.016211
FIO/BTC,1623432358621,2021-06-11T17:25:58.621Z,sell,5.8e-06,410.0,0.0023780000000000003
FIO/BTC,1623432358629,2021-06-11T17:25:58.629Z,sell,5.78e-06,1120.0,0.0064735999999999995
FIO/BTC,1623432358674,2021-06-11T17:25:58.674Z,buy,5.78e-06,1231.0,0.00711518
FIO/BTC,1623432389193,2021-06-11T17:26:29.193Z,buy,5.8e-06,20.0,0.000116
FIO/BTC,1623432392600,2021-06-11T17:26:32.600Z,sell,5.78e-06,87.0,0.0005028599999999999
FIO/BTC,1623432409296,2021-06-11T17:26:49.296Z,buy,5.81e-06,20.0,0.0001162
FIO/BTC,1623432429398,2021-06-11T17:27:09.398Z,sell,5.77e-06,190.0,0.0010963
FIO/BTC,1623432429598,2021-06-11T17:27:09.598Z,sell,5.76e-06,3295.0,0.018979199999999998
FIO/BTC,1623432434299,2021-06-11T17:27:14.299Z,sell,5.76e-06,87.0,0.00050112
FIO/BTC,1623432501040,2021-06-11T17:28:21.040Z,buy,5.77e-06,2481.0,0.01431537
FIO/BTC,1623432501172,2021-06-11T17:28:21.172Z,buy,5.77e-06,744.0,0.00429288
FIO/BTC,1623432501307,2021-06-11T17:28:21.307Z,buy,5.77e-06,223.0,0.00128671
FIO/BTC,1623432501341,2021-06-11T17:28:21.341Z,buy,5.77e-06,1153.0,0.0066528099999999995
FIO/BTC,1623432501542,2021-06-11T17:28:21.542Z,sell,5.77e-06,381.0,0.00219837
FIO/BTC,1623432501623,2021-06-11T17:28:21.623Z,buy,5.78e-06,635.0,0.0036702999999999996
FIO/BTC,1623432505425,2021-06-11T17:28:25.425Z,buy,5.78e-06,295.0,0.0017051
FIO/BTC,1623432531760,2021-06-11T17:28:51.760Z,sell,5.76e-06,38.0,0.00021888
FIO/BTC,1623432540500,2021-06-11T17:29:00.500Z,sell,5.76e-06,278.0,0.00160128
FIO/BTC,1623432558778,2021-06-11T17:29:18.778Z,sell,5.76e-06,2412.0,0.01389312
FIO/BTC,1623432558954,2021-06-11T17:29:18.954Z,buy,5.76e-06,860.0,0.0049536
FIO/BTC,1623432559052,2021-06-11T17:29:19.052Z,buy,5.76e-06,258.0,0.00148608
FIO/BTC,1623432595218,2021-06-11T17:29:55.218Z,buy,5.76e-06,110.0,0.0006336
FIO/BTC,1623432609506,2021-06-11T17:30:09.506Z,sell,5.75e-06,365.0,0.00209875
FIO/BTC,1623432618385,2021-06-11T17:30:18.385Z,sell,5.75e-06,87.0,0.00050025
FIO/BTC,1623432618419,2021-06-11T17:30:18.419Z,sell,5.74e-06,944.0,0.00541856
FIO/BTC,1623432636706,2021-06-11T17:30:36.706Z,sell,5.75e-06,5217.0,0.02999775
FIO/BTC,1623432663418,2021-06-11T17:31:03.418Z,sell,5.74e-06,20.0,0.0001148
FIO/BTC,1623432789960,2021-06-11T17:33:09.960Z,buy,5.75e-06,554.0,0.0031855
FIO/BTC,1623432792067,2021-06-11T17:33:12.067Z,sell,5.74e-06,116.0,0.00066584
FIO/BTC,1623432793961,2021-06-11T17:33:13.961Z,sell,5.74e-06,116.0,0.00066584
FIO/BTC,1623432832847,2021-06-11T17:33:52.847Z,sell,5.75e-06,334.0,0.0019205
FIO/BTC,1623432835183,2021-06-11T17:33:55.183Z,buy,5.76e-06,261.0,0.00150336
FIO/BTC,1623432859896,2021-06-11T17:34:19.896Z,buy,5.77e-06,1614.0,0.00931278
FIO/BTC,1623432860093,2021-06-11T17:34:20.093Z,buy,5.78e-06,231.0,0.0013351799999999998
FIO/BTC,1623432861270,2021-06-11T17:34:21.270Z,sell,5.77e-06,3101.0,0.01789277
FIO/BTC,1623432861670,2021-06-11T17:34:21.670Z,sell,5.77e-06,680.0,0.0039236
FIO/BTC,1623432862068,2021-06-11T17:34:22.068Z,sell,5.77e-06,506.0,0.00291962
FIO/BTC,1623432916416,2021-06-11T17:35:16.416Z,buy,5.79e-06,6.0,3.4739999999999996e-05
FIO/BTC,1623432923874,2021-06-11T17:35:23.874Z,buy,5.79e-06,271.0,0.00156909
FIO/BTC,1623432929445,2021-06-11T17:35:29.445Z,buy,5.79e-06,116.0,0.0006716399999999999
FIO/BTC,1623432931089,2021-06-11T17:35:31.089Z,buy,5.79e-06,116.0,0.0006716399999999999
FIO/BTC,1623432956964,2021-06-11T17:35:56.964Z,buy,5.8e-06,388.0,0.0022504
FIO/BTC,1623432957252,2021-06-11T17:35:57.252Z,sell,5.79e-06,754.0,0.0043656599999999995
FIO/BTC,1623432962252,2021-06-11T17:36:02.252Z,buy,5.8e-06,12.0,6.960000000000001e-05
FIO/BTC,1623432965190,2021-06-11T17:36:05.190Z,buy,5.81e-06,163.0,0.0009470300000000001
FIO/BTC,1623432972331,2021-06-11T17:36:12.331Z,sell,5.8e-06,680.0,0.0039440000000000005
FIO/BTC,1623432972337,2021-06-11T17:36:12.337Z,buy,5.8e-06,9935.0,0.057623
FIO/BTC,1623432995663,2021-06-11T17:36:35.663Z,sell,5.81e-06,86.0,0.0004996600000000001
FIO/BTC,1623432995780,2021-06-11T17:36:35.780Z,buy,5.81e-06,18.0,0.00010458
FIO/BTC,1623433169083,2021-06-11T17:39:29.083Z,sell,5.8e-06,796.0,0.0046168
FIO/BTC,1623433169090,2021-06-11T17:39:29.090Z,buy,5.8e-06,1932.0,0.011205600000000001
FIO/BTC,1623433169096,2021-06-11T17:39:29.096Z,buy,5.8e-06,1932.0,0.011205600000000001
FIO/BTC,1623433169099,2021-06-11T17:39:29.099Z,buy,5.8e-06,1932.0,0.011205600000000001
FIO/BTC,1623433169099,2021-06-11T17:39:29.099Z,buy,5.8e-06,1932.0,0.011205600000000001
FIO/BTC,1623433169109,2021-06-11T17:39:29.109Z,buy,5.8e-06,2204.0,0.012783200000000002
FIO/BTC,1623433192940,2021-06-11T17:39:52.940Z,sell,5.79e-06,92.0,0.00053268
FIO/BTC,1623433203157,2021-06-11T17:40:03.157Z,sell,5.79e-06,1054.0,0.006102659999999999
FIO/BTC,1623433225124,2021-06-11T17:40:25.124Z,sell,5.79e-06,680.0,0.0039372
FIO/BTC,1623433225124,2021-06-11T17:40:25.124Z,sell,5.78e-06,496.0,0.00286688
FIO/BTC,1623433237841,2021-06-11T17:40:37.841Z,sell,5.78e-06,214.0,0.0012369199999999999
FIO/BTC,1623433330194,2021-06-11T17:42:10.194Z,buy,5.8e-06,214.0,0.0012412
FIO/BTC,1623433382321,2021-06-11T17:43:02.321Z,buy,5.81e-06,730.0,0.0042413
FIO/BTC,1623433392245,2021-06-11T17:43:12.245Z,buy,5.81e-06,19.0,0.00011039
FIO/BTC,1623433470536,2021-06-11T17:44:30.536Z,sell,5.79e-06,148.0,0.00085692
FIO/BTC,1623433527086,2021-06-11T17:45:27.086Z,buy,5.79e-06,680.0,0.0039372
FIO/BTC,1623433572504,2021-06-11T17:46:12.504Z,buy,5.8e-06,45.0,0.000261
FIO/BTC,1623433798148,2021-06-11T17:49:58.148Z,sell,5.79e-06,630.0,0.0036477
FIO/BTC,1623433852781,2021-06-11T17:50:52.781Z,sell,5.78e-06,214.0,0.0012369199999999999
FIO/BTC,1623433852845,2021-06-11T17:50:52.845Z,buy,5.78e-06,240.0,0.0013871999999999999
FIO/BTC,1623433965365,2021-06-11T17:52:45.365Z,sell,5.78e-06,911.0,0.00526558
FIO/BTC,1623433965367,2021-06-11T17:52:45.367Z,sell,5.78e-06,647.0,0.0037396599999999997
FIO/BTC,1623433965381,2021-06-11T17:52:45.381Z,buy,5.79e-06,5.0,2.895e-05
FIO/BTC,1623434061569,2021-06-11T17:54:21.569Z,sell,5.79e-06,34.0,0.00019685999999999998
FIO/BTC,1623434061972,2021-06-11T17:54:21.972Z,sell,5.77e-06,108.0,0.00062316
FIO/BTC,1623434077138,2021-06-11T17:54:37.138Z,sell,5.78e-06,321.0,0.00185538
FIO/BTC,1623434109802,2021-06-11T17:55:09.802Z,sell,5.77e-06,116.0,0.0006693199999999999
FIO/BTC,1623434109906,2021-06-11T17:55:09.906Z,sell,5.76e-06,720.0,0.0041472
FIO/BTC,1623434110479,2021-06-11T17:55:10.479Z,buy,5.77e-06,610.0,0.0035196999999999997
FIO/BTC,1623434110486,2021-06-11T17:55:10.486Z,sell,5.77e-06,477.0,0.00275229
FIO/BTC,1623434110509,2021-06-11T17:55:10.509Z,sell,5.75e-06,477.0,0.00274275
FIO/BTC,1623434110685,2021-06-11T17:55:10.685Z,buy,5.77e-06,477.0,0.00275229
FIO/BTC,1623434134111,2021-06-11T17:55:34.111Z,buy,5.77e-06,265.0,0.00152905
FIO/BTC,1623434209134,2021-06-11T17:56:49.134Z,sell,5.77e-06,690.0,0.0039813
FIO/BTC,1623434209141,2021-06-11T17:56:49.141Z,sell,5.77e-06,242.0,0.00139634
FIO/BTC,1623434209158,2021-06-11T17:56:49.158Z,sell,5.75e-06,242.0,0.0013915
FIO/BTC,1623434222572,2021-06-11T17:57:02.572Z,sell,5.76e-06,87.0,0.00050112
FIO/BTC,1623434351787,2021-06-11T17:59:11.787Z,buy,5.76e-06,105.0,0.0006048
FIO/BTC,1623434371891,2021-06-11T17:59:31.891Z,buy,5.76e-06,3.0,1.728e-05
FIO/BTC,1623434371891,2021-06-11T17:59:31.891Z,buy,5.77e-06,3752.0,0.021649039999999998
FIO/BTC,1623434394931,2021-06-11T17:59:54.931Z,buy,5.77e-06,75.0,0.00043275
FIO/BTC,1623434450274,2021-06-11T18:00:50.274Z,buy,5.77e-06,597.0,0.00344469
FIO/BTC,1623434450274,2021-06-11T18:00:50.274Z,buy,5.77e-06,597.0,0.00344469
FIO/BTC,1623434469954,2021-06-11T18:01:09.954Z,sell,5.76e-06,5226.0,0.030101759999999998
FIO/BTC,1623434504438,2021-06-11T18:01:44.438Z,buy,5.77e-06,13.0,7.501e-05
FIO/BTC,1623434504458,2021-06-11T18:01:44.458Z,buy,5.78e-06,720.0,0.0041616
FIO/BTC,1623434512021,2021-06-11T18:01:52.021Z,sell,5.78e-06,20.0,0.00011559999999999999
FIO/BTC,1623434524022,2021-06-11T18:02:04.022Z,sell,5.77e-06,483.0,0.00278691
FIO/BTC,1623434573264,2021-06-11T18:02:53.264Z,buy,5.78e-06,2263.0,0.013080139999999999
FIO/BTC,1623434573269,2021-06-11T18:02:53.269Z,sell,5.78e-06,170.0,0.0009826
FIO/BTC,1623434761436,2021-06-11T18:06:01.436Z,buy,5.78e-06,260.0,0.0015027999999999999
FIO/BTC,1623434848025,2021-06-11T18:07:28.025Z,sell,5.76e-06,110.0,0.0006336
FIO/BTC,1623434866804,2021-06-11T18:07:46.804Z,sell,5.75e-06,352.0,0.002024
FIO/BTC,1623434888448,2021-06-11T18:08:08.448Z,sell,5.74e-06,130.0,0.0007462
FIO/BTC,1623434892146,2021-06-11T18:08:12.146Z,sell,5.74e-06,87.0,0.00049938
FIO/BTC,1623434928426,2021-06-11T18:08:48.426Z,buy,5.74e-06,34.0,0.00019516
FIO/BTC,1623434928426,2021-06-11T18:08:48.426Z,buy,5.75e-06,597.0,0.00343275
FIO/BTC,1623434934670,2021-06-11T18:08:54.670Z,buy,5.77e-06,259.0,0.00149443
FIO/BTC,1623434981061,2021-06-11T18:09:41.061Z,buy,5.76e-06,62.0,0.00035712
FIO/BTC,1623434991592,2021-06-11T18:09:51.592Z,buy,5.77e-06,1674.0,0.00965898
FIO/BTC,1623434991599,2021-06-11T18:09:51.599Z,buy,5.77e-06,35.0,0.00020195
FIO/BTC,1623435022716,2021-06-11T18:10:22.716Z,sell,5.76e-06,203.0,0.00116928
FIO/BTC,1623435100182,2021-06-11T18:11:40.182Z,sell,5.77e-06,610.0,0.0035196999999999997
FIO/BTC,1623435100186,2021-06-11T18:11:40.186Z,sell,5.76e-06,407.0,0.00234432
FIO/BTC,1623435100186,2021-06-11T18:11:40.186Z,sell,5.75e-06,5461.0,0.03140075
FIO/BTC,1623435145102,2021-06-11T18:12:25.102Z,sell,5.76e-06,23.0,0.00013248
FIO/BTC,1623435166271,2021-06-11T18:12:46.271Z,buy,5.77e-06,265.0,0.00152905
FIO/BTC,1623435178589,2021-06-11T18:12:58.589Z,sell,5.77e-06,1044.0,0.00602388
FIO/BTC,1623435291986,2021-06-11T18:14:51.986Z,sell,5.75e-06,3682.0,0.0211715
FIO/BTC,1623435291986,2021-06-11T18:14:51.986Z,sell,5.74e-06,917.0,0.00526358
FIO/BTC,1623435372988,2021-06-11T18:16:12.988Z,buy,5.76e-06,62.0,0.00035712
FIO/BTC,1623435373016,2021-06-11T18:16:13.016Z,buy,5.77e-06,265.0,0.00152905
FIO/BTC,1623435374716,2021-06-11T18:16:14.716Z,buy,5.77e-06,837.0,0.00482949
FIO/BTC,1623435374817,2021-06-11T18:16:14.817Z,buy,5.77e-06,251.0,0.00144827
FIO/BTC,1623435405503,2021-06-11T18:16:45.503Z,sell,5.74e-06,4401.0,0.02526174
FIO/BTC,1623435405503,2021-06-11T18:16:45.503Z,sell,5.73e-06,7556.0,0.04329588
FIO/BTC,1623435406139,2021-06-11T18:16:46.139Z,buy,5.75e-06,234.0,0.0013455
FIO/BTC,1623435408493,2021-06-11T18:16:48.493Z,buy,5.75e-06,156.0,0.000897
FIO/BTC,1623435408497,2021-06-11T18:16:48.497Z,buy,5.75e-06,135.0,0.00077625
FIO/BTC,1623435408500,2021-06-11T18:16:48.500Z,buy,5.75e-06,3085.0,0.01773875
FIO/BTC,1623435535311,2021-06-11T18:18:55.311Z,sell,5.76e-06,550.0,0.003168
FIO/BTC,1623435555203,2021-06-11T18:19:15.203Z,buy,5.75e-06,319.0,0.00183425
FIO/BTC,1623435555502,2021-06-11T18:19:15.502Z,buy,5.75e-06,372.0,0.002139
FIO/BTC,1623435555509,2021-06-11T18:19:15.509Z,buy,5.75e-06,2442.0,0.0140415
FIO/BTC,1623435555718,2021-06-11T18:19:15.718Z,buy,5.75e-06,843.0,0.00484725
FIO/BTC,1623435555725,2021-06-11T18:19:15.725Z,buy,5.75e-06,564.0,0.003243
FIO/BTC,1623435556204,2021-06-11T18:19:16.204Z,buy,5.75e-06,421.0,0.00242075
FIO/BTC,1623435556211,2021-06-11T18:19:16.211Z,buy,5.75e-06,986.0,0.0056695
FIO/BTC,1623435556530,2021-06-11T18:19:16.530Z,buy,5.75e-06,1324.0,0.007613
FIO/BTC,1623435557128,2021-06-11T18:19:17.128Z,sell,5.75e-06,1324.0,0.007613
FIO/BTC,1623435563981,2021-06-11T18:19:23.981Z,sell,5.74e-06,41.0,0.00023534
FIO/BTC,1623435636564,2021-06-11T18:20:36.564Z,buy,5.77e-06,230.0,0.0013271
FIO/BTC,1623435769017,2021-06-11T18:22:49.017Z,buy,5.77e-06,21.0,0.00012117
FIO/BTC,1623435844648,2021-06-11T18:24:04.648Z,buy,5.76e-06,630.0,0.0036287999999999997
FIO/BTC,1623435926398,2021-06-11T18:25:26.398Z,sell,5.76e-06,124.0,0.00071424
FIO/BTC,1623435926398,2021-06-11T18:25:26.398Z,sell,5.74e-06,106.0,0.00060844
FIO/BTC,1623436012638,2021-06-11T18:26:52.638Z,buy,5.75e-06,102.0,0.0005865
FIO/BTC,1623436044011,2021-06-11T18:27:24.011Z,buy,5.76e-06,6.0,3.456e-05
FIO/BTC,1623436051475,2021-06-11T18:27:31.475Z,sell,5.73e-06,527.0,0.00301971
FIO/BTC,1623436079293,2021-06-11T18:27:59.293Z,buy,5.74e-06,597.0,0.00342678
FIO/BTC,1623436079309,2021-06-11T18:27:59.309Z,sell,5.73e-06,690.0,0.0039537
FIO/BTC,1623436079321,2021-06-11T18:27:59.321Z,sell,5.73e-06,690.0,0.0039537
FIO/BTC,1623436079329,2021-06-11T18:27:59.329Z,sell,5.73e-06,72.0,0.00041256
FIO/BTC,1623436080283,2021-06-11T18:28:00.283Z,sell,5.73e-06,6048.0,0.03465504
FIO/BTC,1623436089616,2021-06-11T18:28:09.616Z,sell,5.72e-06,3730.0,0.0213356
FIO/BTC,1623436090274,2021-06-11T18:28:10.274Z,sell,5.71e-06,68982.0,0.39388722000000004
FIO/BTC,1623436090275,2021-06-11T18:28:10.275Z,sell,5.71e-06,13444.0,0.07676524
FIO/BTC,1623436090280,2021-06-11T18:28:10.280Z,sell,5.7e-06,2776.0,0.0158232
FIO/BTC,1623436090280,2021-06-11T18:28:10.280Z,sell,5.7e-06,65.0,0.00037049999999999995
FIO/BTC,1623436090293,2021-06-11T18:28:10.293Z,sell,5.7e-06,2811.0,0.016022699999999997
FIO/BTC,1623436090353,2021-06-11T18:28:10.353Z,sell,5.7e-06,1521.0,0.008669699999999999
FIO/BTC,1623436090380,2021-06-11T18:28:10.380Z,sell,5.7e-06,18942.0,0.1079694
FIO/BTC,1623436090572,2021-06-11T18:28:10.572Z,sell,5.69e-06,585.0,0.00332865
FIO/BTC,1623436090877,2021-06-11T18:28:10.877Z,sell,5.68e-06,183.0,0.00103944
FIO/BTC,1623436090907,2021-06-11T18:28:10.907Z,sell,5.68e-06,1952.0,0.01108736
FIO/BTC,1623436091616,2021-06-11T18:28:11.616Z,sell,5.67e-06,185.0,0.0010489499999999999
FIO/BTC,1623436091616,2021-06-11T18:28:11.616Z,sell,5.67e-06,77.0,0.00043659
FIO/BTC,1623436092504,2021-06-11T18:28:12.504Z,buy,5.68e-06,795.0,0.0045156
FIO/BTC,1623436092504,2021-06-11T18:28:12.504Z,buy,5.69e-06,608.0,0.0034595199999999998
FIO/BTC,1623436093085,2021-06-11T18:28:13.085Z,sell,5.67e-06,1944.0,0.01102248
FIO/BTC,1623436093088,2021-06-11T18:28:13.088Z,sell,5.68e-06,33.0,0.00018743999999999998
FIO/BTC,1623436093088,2021-06-11T18:28:13.088Z,sell,5.68e-06,7.0,3.976e-05
FIO/BTC,1623436093117,2021-06-11T18:28:13.117Z,buy,5.68e-06,610.0,0.0034648
FIO/BTC,1623436094588,2021-06-11T18:28:14.588Z,sell,5.67e-06,116.0,0.00065772
FIO/BTC,1623436098639,2021-06-11T18:28:18.639Z,buy,5.68e-06,186.0,0.00105648
FIO/BTC,1623436098639,2021-06-11T18:28:18.639Z,buy,5.69e-06,1217.0,0.00692473
FIO/BTC,1623436112335,2021-06-11T18:28:32.335Z,sell,5.69e-06,88.0,0.00050072
FIO/BTC,1623436128869,2021-06-11T18:28:48.869Z,buy,5.71e-06,194.0,0.00110774
FIO/BTC,1623436154651,2021-06-11T18:29:14.651Z,buy,5.71e-06,1882.0,0.01074622
FIO/BTC,1623436159346,2021-06-11T18:29:19.346Z,buy,5.71e-06,27.0,0.00015417000000000002
FIO/BTC,1623436170030,2021-06-11T18:29:30.030Z,sell,5.71e-06,498.0,0.00284358
FIO/BTC,1623436174089,2021-06-11T18:29:34.089Z,sell,5.71e-06,88.0,0.00050248
FIO/BTC,1623436174089,2021-06-11T18:29:34.089Z,sell,5.7e-06,44.0,0.00025079999999999997
FIO/BTC,1623436176084,2021-06-11T18:29:36.084Z,sell,5.7e-06,185.0,0.0010544999999999999
FIO/BTC,1623436183997,2021-06-11T18:29:43.997Z,sell,5.7e-06,6157.0,0.0350949
FIO/BTC,1623436184005,2021-06-11T18:29:44.005Z,sell,5.7e-06,44.0,0.00025079999999999997
FIO/BTC,1623436184039,2021-06-11T18:29:44.039Z,sell,5.69e-06,610.0,0.0034709
FIO/BTC,1623436184047,2021-06-11T18:29:44.047Z,buy,5.69e-06,357.0,0.00203133
FIO/BTC,1623436186743,2021-06-11T18:29:46.743Z,sell,5.67e-06,130.0,0.0007371
FIO/BTC,1623436187024,2021-06-11T18:29:47.024Z,buy,5.69e-06,610.0,0.0034709
FIO/BTC,1623436187024,2021-06-11T18:29:47.024Z,buy,5.7e-06,2228.0,0.012699599999999998
FIO/BTC,1623436205107,2021-06-11T18:30:05.107Z,buy,5.68e-06,597.0,0.0033909599999999997
FIO/BTC,1623436213917,2021-06-11T18:30:13.917Z,sell,5.67e-06,2721.0,0.01542807
FIO/BTC,1623436214306,2021-06-11T18:30:14.306Z,sell,5.66e-06,320.0,0.0018112
FIO/BTC,1623436215649,2021-06-11T18:30:15.649Z,sell,5.66e-06,97.0,0.00054902
FIO/BTC,1623436217871,2021-06-11T18:30:17.871Z,buy,5.68e-06,59.0,0.00033512
FIO/BTC,1623436229316,2021-06-11T18:30:29.316Z,sell,5.66e-06,88.0,0.00049808
FIO/BTC,1623436236434,2021-06-11T18:30:36.434Z,sell,5.65e-06,616.0,0.0034804000000000002
FIO/BTC,1623436242606,2021-06-11T18:30:42.606Z,buy,5.68e-06,1501.0,0.008525679999999999
FIO/BTC,1623436242715,2021-06-11T18:30:42.715Z,buy,5.68e-06,5272.0,0.02994496
FIO/BTC,1623436284731,2021-06-11T18:31:24.731Z,sell,5.66e-06,122.0,0.00069052
FIO/BTC,1623436293508,2021-06-11T18:31:33.508Z,sell,5.65e-06,2565.0,0.01449225
FIO/BTC,1623436293521,2021-06-11T18:31:33.521Z,sell,5.64e-06,1700.0,0.009588000000000001
FIO/BTC,1623436293530,2021-06-11T18:31:33.530Z,sell,5.63e-06,971.0,0.00546673
FIO/BTC,1623436293542,2021-06-11T18:31:33.542Z,sell,5.63e-06,3220.0,0.0181286
FIO/BTC,1623436294715,2021-06-11T18:31:34.715Z,sell,5.63e-06,401.0,0.00225763
FIO/BTC,1623436297739,2021-06-11T18:31:37.739Z,sell,5.62e-06,208.0,0.0011689600000000001
FIO/BTC,1623436302199,2021-06-11T18:31:42.199Z,sell,5.63e-06,44.0,0.00024772
FIO/BTC,1623436312835,2021-06-11T18:31:52.835Z,buy,5.66e-06,2450.0,0.013867
FIO/BTC,1623436328695,2021-06-11T18:32:08.695Z,buy,5.66e-06,638.0,0.00361108
FIO/BTC,1623436342368,2021-06-11T18:32:22.368Z,sell,5.63e-06,400.0,0.002252
FIO/BTC,1623436361467,2021-06-11T18:32:41.467Z,buy,5.66e-06,14.0,7.924000000000001e-05
FIO/BTC,1623436361467,2021-06-11T18:32:41.467Z,buy,5.67e-06,1215.0,0.00688905
FIO/BTC,1623436378743,2021-06-11T18:32:58.743Z,sell,5.65e-06,610.0,0.0034465
FIO/BTC,1623436378743,2021-06-11T18:32:58.743Z,sell,5.64e-06,1424.0,0.00803136
FIO/BTC,1623436379481,2021-06-11T18:32:59.481Z,sell,5.65e-06,176.0,0.0009944
FIO/BTC,1623436387603,2021-06-11T18:33:07.603Z,buy,5.66e-06,191.0,0.00108106
FIO/BTC,1623436404209,2021-06-11T18:33:24.209Z,buy,5.67e-06,3374.0,0.01913058
FIO/BTC,1623436411150,2021-06-11T18:33:31.150Z,sell,5.66e-06,610.0,0.0034526
FIO/BTC,1623436411162,2021-06-11T18:33:31.162Z,buy,5.66e-06,29.0,0.00016414
FIO/BTC,1623436411214,2021-06-11T18:33:31.214Z,buy,5.66e-06,712.0,0.00402992
FIO/BTC,1623436414870,2021-06-11T18:33:34.870Z,sell,5.67e-06,88.0,0.00049896
FIO/BTC,1623436435273,2021-06-11T18:33:55.273Z,buy,5.68e-06,157.0,0.00089176
FIO/BTC,1623436435341,2021-06-11T18:33:55.341Z,buy,5.69e-06,262.0,0.00149078
FIO/BTC,1623436435545,2021-06-11T18:33:55.545Z,buy,5.7e-06,1458.0,0.0083106
FIO/BTC,1623436437333,2021-06-11T18:33:57.333Z,buy,5.71e-06,3341.0,0.01907711
FIO/BTC,1623436437727,2021-06-11T18:33:57.727Z,buy,5.72e-06,4164.0,0.023818080000000002
FIO/BTC,1623436504219,2021-06-11T18:35:04.219Z,sell,5.7e-06,332.0,0.0018923999999999998
FIO/BTC,1623436539246,2021-06-11T18:35:39.246Z,sell,5.69e-06,424.0,0.00241256
FIO/BTC,1623436542813,2021-06-11T18:35:42.813Z,sell,5.68e-06,89.0,0.00050552
FIO/BTC,1623436551064,2021-06-11T18:35:51.064Z,buy,5.7e-06,18.0,0.0001026
FIO/BTC,1623436572022,2021-06-11T18:36:12.022Z,buy,5.7e-06,610.0,0.0034769999999999996
FIO/BTC,1623436572022,2021-06-11T18:36:12.022Z,buy,5.71e-06,54.0,0.00030834000000000005
FIO/BTC,1623436628364,2021-06-11T18:37:08.364Z,sell,5.68e-06,185.0,0.0010508
FIO/BTC,1623436628364,2021-06-11T18:37:08.364Z,sell,5.67e-06,425.0,0.00240975
FIO/BTC,1623436762231,2021-06-11T18:39:22.231Z,sell,5.68e-06,88.0,0.00049984
FIO/BTC,1623436771859,2021-06-11T18:39:31.859Z,buy,5.69e-06,132.0,0.00075108
FIO/BTC,1623436780115,2021-06-11T18:39:40.115Z,buy,5.7e-06,18.0,0.0001026
FIO/BTC,1623436840925,2021-06-11T18:40:40.925Z,buy,5.7e-06,109.0,0.0006213
FIO/BTC,1623436983290,2021-06-11T18:43:03.290Z,sell,5.67e-06,132.0,0.00074844
FIO/BTC,1623436984218,2021-06-11T18:43:04.218Z,sell,5.66e-06,188.0,0.00106408
FIO/BTC,1623437009611,2021-06-11T18:43:29.611Z,sell,5.65e-06,5610.0,0.0316965
FIO/BTC,1623437013657,2021-06-11T18:43:33.657Z,sell,5.64e-06,293.0,0.00165252
FIO/BTC,1623437013694,2021-06-11T18:43:33.694Z,sell,5.63e-06,424.0,0.00238712
FIO/BTC,1623437013700,2021-06-11T18:43:33.700Z,sell,5.63e-06,1255.0,0.007065650000000001
FIO/BTC,1623437020868,2021-06-11T18:43:40.868Z,buy,5.64e-06,125.0,0.000705
FIO/BTC,1623437033217,2021-06-11T18:43:53.217Z,buy,5.64e-06,422.0,0.00238008
FIO/BTC,1623437042073,2021-06-11T18:44:02.073Z,sell,5.63e-06,89.0,0.00050107
FIO/BTC,1623437042298,2021-06-11T18:44:02.298Z,sell,5.62e-06,3281.0,0.018439220000000003
FIO/BTC,1623437042619,2021-06-11T18:44:02.619Z,buy,5.63e-06,18.0,0.00010134
FIO/BTC,1623437046154,2021-06-11T18:44:06.154Z,buy,5.63e-06,610.0,0.0034343000000000004
FIO/BTC,1623437058630,2021-06-11T18:44:18.630Z,buy,5.63e-06,597.0,0.00336111
FIO/BTC,1623437072402,2021-06-11T18:44:32.402Z,buy,5.63e-06,13.0,7.319000000000001e-05
FIO/BTC,1623437072408,2021-06-11T18:44:32.408Z,sell,5.63e-06,479.0,0.0026967700000000002
FIO/BTC,1623437072410,2021-06-11T18:44:32.410Z,sell,5.63e-06,479.0,0.0026967700000000002
FIO/BTC,1623437072410,2021-06-11T18:44:32.410Z,sell,5.63e-06,217.0,0.00122171
FIO/BTC,1623437082771,2021-06-11T18:44:42.771Z,buy,5.62e-06,4146.0,0.02330052
FIO/BTC,1623437094545,2021-06-11T18:44:54.545Z,sell,5.63e-06,1317.0,0.007414710000000001
FIO/BTC,1623437098946,2021-06-11T18:44:58.946Z,sell,5.62e-06,89.0,0.00050018
FIO/BTC,1623437106657,2021-06-11T18:45:06.657Z,sell,5.61e-06,1681.0,0.00943041
FIO/BTC,1623437130381,2021-06-11T18:45:30.381Z,buy,5.64e-06,1140.0,0.006429600000000001
FIO/BTC,1623437133964,2021-06-11T18:45:33.964Z,buy,5.65e-06,2628.0,0.0148482
FIO/BTC,1623437134083,2021-06-11T18:45:34.083Z,buy,5.66e-06,3031.0,0.01715546
FIO/BTC,1623437135709,2021-06-11T18:45:35.709Z,buy,5.67e-06,276.0,0.00156492
FIO/BTC,1623437139069,2021-06-11T18:45:39.069Z,buy,5.68e-06,157.0,0.00089176
FIO/BTC,1623437139566,2021-06-11T18:45:39.566Z,buy,5.69e-06,262.0,0.00149078
FIO/BTC,1623437141442,2021-06-11T18:45:41.442Z,buy,5.7e-06,3275.0,0.0186675
FIO/BTC,1623437142206,2021-06-11T18:45:42.206Z,buy,5.71e-06,613.0,0.0035002300000000004
FIO/BTC,1623437142221,2021-06-11T18:45:42.221Z,sell,5.71e-06,613.0,0.0035002300000000004
FIO/BTC,1623437142222,2021-06-11T18:45:42.222Z,sell,5.71e-06,613.0,0.0035002300000000004
FIO/BTC,1623437142224,2021-06-11T18:45:42.224Z,sell,5.71e-06,613.0,0.0035002300000000004
FIO/BTC,1623437142224,2021-06-11T18:45:42.224Z,sell,5.71e-06,613.0,0.0035002300000000004
FIO/BTC,1623437142227,2021-06-11T18:45:42.227Z,sell,5.71e-06,613.0,0.0035002300000000004
FIO/BTC,1623437143272,2021-06-11T18:45:43.272Z,buy,5.72e-06,1599.0,0.00914628
FIO/BTC,1623437143669,2021-06-11T18:45:43.669Z,buy,5.73e-06,1755.0,0.01005615
FIO/BTC,1623437144484,2021-06-11T18:45:44.484Z,buy,5.74e-06,122.0,0.0007002800000000001
FIO/BTC,1623437144674,2021-06-11T18:45:44.674Z,sell,5.73e-06,4663.0,0.02671899
FIO/BTC,1623437144696,2021-06-11T18:45:44.696Z,buy,5.73e-06,690.0,0.0039537
FIO/BTC,1623437144708,2021-06-11T18:45:44.708Z,buy,5.73e-06,690.0,0.0039537
FIO/BTC,1623437144715,2021-06-11T18:45:44.715Z,buy,5.73e-06,386.0,0.00221178
FIO/BTC,1623437145727,2021-06-11T18:45:45.727Z,buy,5.74e-06,762.0,0.00437388
FIO/BTC,1623437146278,2021-06-11T18:45:46.278Z,buy,5.75e-06,20550.0,0.1181625
FIO/BTC,1623437146344,2021-06-11T18:45:46.344Z,sell,5.75e-06,460.0,0.002645
FIO/BTC,1623437146498,2021-06-11T18:45:46.498Z,sell,5.75e-06,1427.0,0.00820525
FIO/BTC,1623437146498,2021-06-11T18:45:46.498Z,sell,5.75e-06,8723.0,0.05015725
FIO/BTC,1623437158727,2021-06-11T18:45:58.727Z,sell,5.73e-06,89.0,0.00050997
FIO/BTC,1623437179217,2021-06-11T18:46:19.217Z,sell,5.71e-06,137.0,0.0007822700000000001
FIO/BTC,1623437184969,2021-06-11T18:46:24.969Z,sell,5.7e-06,66.0,0.0003762
FIO/BTC,1623437197737,2021-06-11T18:46:37.737Z,buy,5.72e-06,62.0,0.00035464000000000003
FIO/BTC,1623437230895,2021-06-11T18:47:10.895Z,sell,5.71e-06,225.0,0.00128475
FIO/BTC,1623437236540,2021-06-11T18:47:16.540Z,sell,5.7e-06,854.0,0.004867799999999999
FIO/BTC,1623437251672,2021-06-11T18:47:31.672Z,sell,5.69e-06,458.0,0.0026060199999999997
FIO/BTC,1623437252737,2021-06-11T18:47:32.737Z,sell,5.68e-06,314.0,0.00178352
FIO/BTC,1623437267460,2021-06-11T18:47:47.460Z,sell,5.67e-06,167.0,0.00094689
FIO/BTC,1623437325506,2021-06-11T18:48:45.506Z,sell,5.67e-06,88.0,0.00049896
FIO/BTC,1623437372109,2021-06-11T18:49:32.109Z,sell,5.67e-06,43.0,0.00024380999999999998
FIO/BTC,1623437382531,2021-06-11T18:49:42.531Z,sell,5.68e-06,88.0,0.00049984
FIO/BTC,1623437416493,2021-06-11T18:50:16.493Z,sell,5.66e-06,1012.0,0.00572792
FIO/BTC,1623437417443,2021-06-11T18:50:17.443Z,sell,5.65e-06,244.0,0.0013786
FIO/BTC,1623437417597,2021-06-11T18:50:17.597Z,buy,5.65e-06,329.0,0.00185885
FIO/BTC,1623437417714,2021-06-11T18:50:17.714Z,buy,5.65e-06,1163.0,0.00657095
FIO/BTC,1623437417787,2021-06-11T18:50:17.787Z,sell,5.64e-06,1543.0,0.00870252
FIO/BTC,1623437417828,2021-06-11T18:50:17.828Z,sell,5.63e-06,1353.0,0.007617390000000001
FIO/BTC,1623437417982,2021-06-11T18:50:17.982Z,buy,5.63e-06,2405.0,0.01354015
FIO/BTC,1623437418017,2021-06-11T18:50:18.017Z,sell,5.62e-06,507.0,0.00284934
FIO/BTC,1623437418100,2021-06-11T18:50:18.100Z,buy,5.63e-06,257.0,0.00144691
FIO/BTC,1623437418119,2021-06-11T18:50:18.119Z,buy,5.63e-06,200.0,0.001126
FIO/BTC,1623437418295,2021-06-11T18:50:18.295Z,buy,5.62e-06,4914.0,0.02761668
FIO/BTC,1623437418316,2021-06-11T18:50:18.316Z,sell,5.61e-06,24393.0,0.13684473
FIO/BTC,1623437418347,2021-06-11T18:50:18.347Z,sell,5.6e-06,1872.0,0.0104832
FIO/BTC,1623437418347,2021-06-11T18:50:18.347Z,sell,5.6e-06,91.0,0.0005096
FIO/BTC,1623437418353,2021-06-11T18:50:18.353Z,sell,5.6e-06,335.0,0.0018759999999999998
FIO/BTC,1623437418375,2021-06-11T18:50:18.375Z,sell,5.6e-06,385.0,0.002156
FIO/BTC,1623437418495,2021-06-11T18:50:18.495Z,buy,5.6e-06,7417.0,0.0415352
FIO/BTC,1623437418610,2021-06-11T18:50:18.610Z,buy,5.6e-06,2583.0,0.0144648
FIO/BTC,1623437418747,2021-06-11T18:50:18.747Z,buy,5.61e-06,1416.0,0.00794376
FIO/BTC,1623437418750,2021-06-11T18:50:18.750Z,buy,5.61e-06,184.0,0.00103224
FIO/BTC,1623437418775,2021-06-11T18:50:18.775Z,sell,5.6e-06,23217.0,0.1300152
FIO/BTC,1623437419050,2021-06-11T18:50:19.050Z,sell,5.59e-06,2173.0,0.01214707
FIO/BTC,1623437421299,2021-06-11T18:50:21.299Z,sell,5.6e-06,193.0,0.0010808
FIO/BTC,1623437437172,2021-06-11T18:50:37.172Z,buy,5.63e-06,610.0,0.0034343000000000004
FIO/BTC,1623437438404,2021-06-11T18:50:38.404Z,buy,5.64e-06,1031.0,0.00581484
FIO/BTC,1623437438428,2021-06-11T18:50:38.428Z,buy,5.64e-06,610.0,0.0034404
FIO/BTC,1623437440102,2021-06-11T18:50:40.102Z,buy,5.64e-06,8110.0,0.0457404
FIO/BTC,1623437452617,2021-06-11T18:50:52.617Z,sell,5.63e-06,89.0,0.00050107
FIO/BTC,1623437457778,2021-06-11T18:50:57.778Z,buy,5.65e-06,12280.0,0.069382
FIO/BTC,1623437460265,2021-06-11T18:51:00.265Z,sell,5.64e-06,490.0,0.0027636
FIO/BTC,1623437462264,2021-06-11T18:51:02.264Z,sell,5.64e-06,120.0,0.0006768
FIO/BTC,1623437462264,2021-06-11T18:51:02.264Z,sell,5.63e-06,232.0,0.00130616
FIO/BTC,1623437463445,2021-06-11T18:51:03.445Z,sell,5.64e-06,42.0,0.00023688000000000002
FIO/BTC,1623437464319,2021-06-11T18:51:04.319Z,sell,5.64e-06,459.0,0.0025887600000000003
FIO/BTC,1623437464398,2021-06-11T18:51:04.398Z,buy,5.65e-06,7000.0,0.03955
FIO/BTC,1623437464945,2021-06-11T18:51:04.945Z,sell,5.65e-06,431.0,0.00243515
FIO/BTC,1623437466282,2021-06-11T18:51:06.282Z,sell,5.64e-06,150.0,0.0008460000000000001
FIO/BTC,1623437466289,2021-06-11T18:51:06.289Z,buy,5.64e-06,251.0,0.0014156400000000001
FIO/BTC,1623437473978,2021-06-11T18:51:13.978Z,buy,5.65e-06,176.0,0.0009944
FIO/BTC,1623437475286,2021-06-11T18:51:15.286Z,buy,5.66e-06,411.0,0.00232626
FIO/BTC,1623437490972,2021-06-11T18:51:30.972Z,buy,5.66e-06,4960.0,0.0280736
FIO/BTC,1623437501489,2021-06-11T18:51:41.489Z,sell,5.66e-06,88.0,0.00049808
FIO/BTC,1623437501508,2021-06-11T18:51:41.508Z,sell,5.65e-06,88.0,0.0004972
FIO/BTC,1623437502813,2021-06-11T18:51:42.813Z,sell,5.65e-06,235.0,0.00132775
FIO/BTC,1623437504745,2021-06-11T18:51:44.745Z,sell,5.65e-06,287.0,0.00162155
FIO/BTC,1623437504813,2021-06-11T18:51:44.813Z,sell,5.65e-06,211.0,0.0011921500000000001
FIO/BTC,1623437504998,2021-06-11T18:51:44.998Z,sell,5.65e-06,93.0,0.00052545
FIO/BTC,1623437506821,2021-06-11T18:51:46.821Z,sell,5.65e-06,306.0,0.0017289
FIO/BTC,1623437637556,2021-06-11T18:53:57.556Z,sell,5.65e-06,87.0,0.00049155
FIO/BTC,1623437643709,2021-06-11T18:54:03.709Z,sell,5.64e-06,191.0,0.0010772400000000001
FIO/BTC,1623437686017,2021-06-11T18:54:46.017Z,sell,5.65e-06,2395.0,0.01353175
FIO/BTC,1623437710686,2021-06-11T18:55:10.686Z,sell,5.64e-06,33.0,0.00018612000000000001
FIO/BTC,1623437712483,2021-06-11T18:55:12.483Z,sell,5.64e-06,577.0,0.00325428
FIO/BTC,1623437714949,2021-06-11T18:55:14.949Z,sell,5.64e-06,607.0,0.00342348
FIO/BTC,1623437721650,2021-06-11T18:55:21.650Z,sell,5.64e-06,713.0,0.00402132
FIO/BTC,1623437733842,2021-06-11T18:55:33.842Z,buy,5.65e-06,883.0,0.00498895
FIO/BTC,1623437733939,2021-06-11T18:55:33.939Z,buy,5.66e-06,191.0,0.00108106
FIO/BTC,1623437788497,2021-06-11T18:56:28.497Z,sell,5.64e-06,191.0,0.0010772400000000001
FIO/BTC,1623437788500,2021-06-11T18:56:28.500Z,sell,5.63e-06,286.0,0.0016101800000000001
FIO/BTC,1623437791337,2021-06-11T18:56:31.337Z,buy,5.65e-06,41.0,0.00023165
FIO/BTC,1623437799590,2021-06-11T18:56:39.590Z,buy,5.65e-06,17.0,9.605e-05
FIO/BTC,1623437846888,2021-06-11T18:57:26.888Z,buy,5.66e-06,25.0,0.0001415
FIO/BTC,1623437860952,2021-06-11T18:57:40.952Z,sell,5.62e-06,5357.0,0.030106340000000002
FIO/BTC,1623437860952,2021-06-11T18:57:40.952Z,sell,5.61e-06,4883.0,0.02739363
FIO/BTC,1623437897505,2021-06-11T18:58:17.505Z,sell,5.62e-06,29394.0,0.16519428
FIO/BTC,1623437899517,2021-06-11T18:58:19.517Z,buy,5.62e-06,670.0,0.0037654000000000003
FIO/BTC,1623437899621,2021-06-11T18:58:19.621Z,buy,5.62e-06,6670.0,0.0374854
FIO/BTC,1623437899815,2021-06-11T18:58:19.815Z,buy,5.62e-06,670.0,0.0037654000000000003
FIO/BTC,1623437899858,2021-06-11T18:58:19.858Z,sell,5.62e-06,710.0,0.0039902
FIO/BTC,1623437900320,2021-06-11T18:58:20.320Z,buy,5.63e-06,4626.0,0.026044380000000002
FIO/BTC,1623437957284,2021-06-11T18:59:17.284Z,sell,5.63e-06,459.0,0.0025841700000000002
FIO/BTC,1623437959341,2021-06-11T18:59:19.341Z,buy,5.64e-06,401.0,0.00226164
FIO/BTC,1623437959632,2021-06-11T18:59:19.632Z,sell,5.64e-06,818.0,0.00461352
FIO/BTC,1623437959656,2021-06-11T18:59:19.656Z,sell,5.64e-06,151.0,0.0008516400000000001
FIO/BTC,1623437972519,2021-06-11T18:59:32.519Z,buy,5.65e-06,176.0,0.0009944
FIO/BTC,1623437972652,2021-06-11T18:59:32.652Z,buy,5.66e-06,191.0,0.00108106
FIO/BTC,1623437973960,2021-06-11T18:59:33.960Z,sell,5.65e-06,217.0,0.00122605
FIO/BTC,1623437973960,2021-06-11T18:59:33.960Z,sell,5.65e-06,217.0,0.00122605
FIO/BTC,1623438066802,2021-06-11T19:01:06.802Z,buy,5.67e-06,1415.0,0.00802305
FIO/BTC,1623438066997,2021-06-11T19:01:06.997Z,buy,5.68e-06,827.0,0.00469736
FIO/BTC,1623438067197,2021-06-11T19:01:07.197Z,buy,5.68e-06,572.0,0.00324896
FIO/BTC,1623438083785,2021-06-11T19:01:23.785Z,buy,5.68e-06,53.0,0.00030104
FIO/BTC,1623438097647,2021-06-11T19:01:37.647Z,buy,5.68e-06,45.0,0.0002556
FIO/BTC,1623438110268,2021-06-11T19:01:50.268Z,sell,5.67e-06,44.0,0.00024948
FIO/BTC,1623438234159,2021-06-11T19:03:54.159Z,buy,5.68e-06,310.0,0.0017607999999999999
FIO/BTC,1623438266596,2021-06-11T19:04:26.596Z,sell,5.66e-06,122.0,0.00069052
FIO/BTC,1623438274698,2021-06-11T19:04:34.698Z,sell,5.65e-06,120.0,0.000678
FIO/BTC,1623438307551,2021-06-11T19:05:07.551Z,sell,5.64e-06,5722.0,0.03227208
FIO/BTC,1623438308232,2021-06-11T19:05:08.232Z,buy,5.64e-06,18.0,0.00010152
FIO/BTC,1623438308452,2021-06-11T19:05:08.452Z,buy,5.64e-06,701.0,0.0039536400000000005
FIO/BTC,1623438308454,2021-06-11T19:05:08.454Z,buy,5.64e-06,195.0,0.0010998
FIO/BTC,1623438308460,2021-06-11T19:05:08.460Z,buy,5.64e-06,580.0,0.0032712
FIO/BTC,1623438308462,2021-06-11T19:05:08.462Z,buy,5.64e-06,313.0,0.0017653200000000001
FIO/BTC,1623438309363,2021-06-11T19:05:09.363Z,buy,5.65e-06,23.0,0.00012995000000000001
FIO/BTC,1623438309364,2021-06-11T19:05:09.364Z,buy,5.65e-06,76.0,0.00042940000000000003
FIO/BTC,1623438309370,2021-06-11T19:05:09.370Z,buy,5.65e-06,265.0,0.00149725
FIO/BTC,1623438336529,2021-06-11T19:05:36.529Z,sell,5.63e-06,1176.0,0.00662088
FIO/BTC,1623438337226,2021-06-11T19:05:37.226Z,sell,5.62e-06,657.0,0.00369234
FIO/BTC,1623438377613,2021-06-11T19:06:17.613Z,sell,5.64e-06,89.0,0.00050196
FIO/BTC,1623438435567,2021-06-11T19:07:15.567Z,buy,5.64e-06,401.0,0.00226164
FIO/BTC,1623438461367,2021-06-11T19:07:41.367Z,sell,5.64e-06,88.0,0.00049632
FIO/BTC,1623438470586,2021-06-11T19:07:50.586Z,buy,5.65e-06,176.0,0.0009944
FIO/BTC,1623438470786,2021-06-11T19:07:50.786Z,buy,5.66e-06,380.0,0.0021508
FIO/BTC,1623438470986,2021-06-11T19:07:50.986Z,buy,5.67e-06,229.0,0.00129843
FIO/BTC,1623438471386,2021-06-11T19:07:51.386Z,buy,5.68e-06,994.0,0.00564592
FIO/BTC,1623438471402,2021-06-11T19:07:51.402Z,buy,5.68e-06,322.0,0.00182896
FIO/BTC,1623438471582,2021-06-11T19:07:51.582Z,buy,5.68e-06,348.0,0.00197664
FIO/BTC,1623438471613,2021-06-11T19:07:51.613Z,buy,5.68e-06,89.0,0.00050552
FIO/BTC,1623438472716,2021-06-11T19:07:52.716Z,buy,5.69e-06,567.0,0.0032262299999999996
FIO/BTC,1623438472744,2021-06-11T19:07:52.744Z,buy,5.7e-06,690.0,0.003933
FIO/BTC,1623438472750,2021-06-11T19:07:52.750Z,buy,5.7e-06,7449.0,0.0424593
FIO/BTC,1623438472758,2021-06-11T19:07:52.758Z,buy,5.71e-06,613.0,0.0035002300000000004
FIO/BTC,1623438472884,2021-06-11T19:07:52.884Z,buy,5.72e-06,2444.0,0.013979680000000001
FIO/BTC,1623438473388,2021-06-11T19:07:53.388Z,buy,5.73e-06,1067.0,0.00611391
FIO/BTC,1623438474084,2021-06-11T19:07:54.084Z,buy,5.74e-06,191.0,0.0010963400000000001
FIO/BTC,1623438474676,2021-06-11T19:07:54.676Z,sell,5.73e-06,55.0,0.00031515
FIO/BTC,1623438481514,2021-06-11T19:08:01.514Z,sell,5.71e-06,670.0,0.0038257000000000005
FIO/BTC,1623438482669,2021-06-11T19:08:02.669Z,sell,5.72e-06,87.0,0.00049764
FIO/BTC,1623438482689,2021-06-11T19:08:02.689Z,buy,5.72e-06,541.0,0.0030945200000000003
FIO/BTC,1623438542485,2021-06-11T19:09:02.485Z,sell,5.72e-06,62.0,0.00035464000000000003
FIO/BTC,1623438544196,2021-06-11T19:09:04.196Z,buy,5.73e-06,670.0,0.0038391000000000002
FIO/BTC,1623438588469,2021-06-11T19:09:48.469Z,sell,5.73e-06,473.0,0.00271029
FIO/BTC,1623438588666,2021-06-11T19:09:48.666Z,sell,5.73e-06,197.0,0.00112881
FIO/BTC,1623438588675,2021-06-11T19:09:48.675Z,buy,5.73e-06,408.0,0.00233784
FIO/BTC,1623438588764,2021-06-11T19:09:48.764Z,sell,5.73e-06,605.0,0.00346665
FIO/BTC,1623438607258,2021-06-11T19:10:07.258Z,sell,5.71e-06,225.0,0.00128475
FIO/BTC,1623438607655,2021-06-11T19:10:07.655Z,sell,5.7e-06,292.0,0.0016644
FIO/BTC,1623438612324,2021-06-11T19:10:12.324Z,sell,5.7e-06,21647.0,0.1233879
FIO/BTC,1623438612630,2021-06-11T19:10:12.630Z,sell,5.69e-06,527.0,0.00299863
FIO/BTC,1623438639830,2021-06-11T19:10:39.830Z,buy,5.71e-06,196.0,0.0011191600000000001
FIO/BTC,1623438676104,2021-06-11T19:11:16.104Z,buy,5.7e-06,51.0,0.00029069999999999996
FIO/BTC,1623438676185,2021-06-11T19:11:16.185Z,buy,5.71e-06,1094.0,0.006246740000000001
FIO/BTC,1623438678149,2021-06-11T19:11:18.149Z,buy,5.72e-06,244.0,0.00139568
FIO/BTC,1623438689486,2021-06-11T19:11:29.486Z,sell,5.72e-06,368.0,0.00210496
FIO/BTC,1623438762523,2021-06-11T19:12:42.523Z,buy,5.71e-06,33.0,0.00018843
FIO/BTC,1623438818841,2021-06-11T19:13:38.841Z,sell,5.71e-06,2721.0,0.015536910000000001
FIO/BTC,1623438849006,2021-06-11T19:14:09.006Z,buy,5.72e-06,18.0,0.00010296
FIO/BTC,1623438887949,2021-06-11T19:14:47.949Z,sell,5.71e-06,32.0,0.00018272
FIO/BTC,1623438888112,2021-06-11T19:14:48.112Z,sell,5.71e-06,34.0,0.00019414
FIO/BTC,1623438893653,2021-06-11T19:14:53.653Z,sell,5.71e-06,22.0,0.00012562
FIO/BTC,1623439025989,2021-06-11T19:17:05.989Z,buy,5.73e-06,225.0,0.00128925
FIO/BTC,1623439027908,2021-06-11T19:17:07.908Z,sell,5.71e-06,670.0,0.0038257000000000005
FIO/BTC,1623439027908,2021-06-11T19:17:07.908Z,sell,5.7e-06,1915.0,0.0109155
FIO/BTC,1623439057743,2021-06-11T19:17:37.743Z,sell,5.73e-06,87.0,0.00049851
FIO/BTC,1623439057754,2021-06-11T19:17:37.754Z,sell,5.71e-06,87.0,0.00049677
FIO/BTC,1623439200886,2021-06-11T19:20:00.886Z,buy,5.73e-06,225.0,0.00128925
FIO/BTC,1623439266224,2021-06-11T19:21:06.224Z,sell,5.7e-06,244.0,0.0013908
FIO/BTC,1623439266316,2021-06-11T19:21:06.316Z,sell,5.69e-06,512.0,0.00291328
FIO/BTC,1623439271996,2021-06-11T19:21:11.996Z,buy,5.7e-06,225.0,0.0012825
FIO/BTC,1623439288838,2021-06-11T19:21:28.838Z,sell,5.69e-06,1107.0,0.00629883
FIO/BTC,1623439376941,2021-06-11T19:22:56.941Z,buy,5.7e-06,21.0,0.0001197
FIO/BTC,1623439388011,2021-06-11T19:23:08.011Z,buy,5.7e-06,1337.0,0.0076209
FIO/BTC,1623439388410,2021-06-11T19:23:08.410Z,buy,5.7e-06,670.0,0.003819
FIO/BTC,1623439388813,2021-06-11T19:23:08.813Z,buy,5.7e-06,670.0,0.003819
FIO/BTC,1623439388836,2021-06-11T19:23:08.836Z,buy,5.7e-06,670.0,0.003819
FIO/BTC,1623439389034,2021-06-11T19:23:09.034Z,buy,5.7e-06,663.0,0.0037790999999999996
FIO/BTC,1623439417183,2021-06-11T19:23:37.183Z,sell,5.7e-06,886.0,0.0050501999999999995
FIO/BTC,1623439436324,2021-06-11T19:23:56.324Z,buy,5.71e-06,424.0,0.00242104
FIO/BTC,1623439503842,2021-06-11T19:25:03.842Z,buy,5.72e-06,6.0,3.4320000000000003e-05
FIO/BTC,1623439576828,2021-06-11T19:26:16.828Z,sell,5.69e-06,424.0,0.00241256
FIO/BTC,1623439576864,2021-06-11T19:26:16.864Z,sell,5.68e-06,2248.0,0.01276864
FIO/BTC,1623439579934,2021-06-11T19:26:19.934Z,sell,5.67e-06,352.0,0.00199584
FIO/BTC,1623439580635,2021-06-11T19:26:20.635Z,sell,5.66e-06,5013.0,0.02837358
FIO/BTC,1623439580835,2021-06-11T19:26:20.835Z,sell,5.65e-06,154.0,0.0008701000000000001
FIO/BTC,1623439580931,2021-06-11T19:26:20.931Z,sell,5.65e-06,34.0,0.0001921
FIO/BTC,1623439667181,2021-06-11T19:27:47.181Z,buy,5.67e-06,100.0,0.000567
FIO/BTC,1623439714104,2021-06-11T19:28:34.104Z,buy,5.67e-06,41.0,0.00023247
FIO/BTC,1623439714224,2021-06-11T19:28:34.224Z,sell,5.67e-06,743.0,0.00421281
FIO/BTC,1623439740505,2021-06-11T19:29:00.505Z,buy,5.68e-06,722.0,0.00410096
FIO/BTC,1623439783896,2021-06-11T19:29:43.896Z,buy,5.69e-06,216.0,0.00122904
FIO/BTC,1623439784027,2021-06-11T19:29:44.027Z,buy,5.7e-06,185.0,0.0010544999999999999
FIO/BTC,1623439977769,2021-06-11T19:32:57.769Z,sell,5.7e-06,18.0,0.0001026
FIO/BTC,1623439991457,2021-06-11T19:33:11.457Z,sell,5.7e-06,19.0,0.00010829999999999999
FIO/BTC,1623440012686,2021-06-11T19:33:32.686Z,sell,5.68e-06,185.0,0.0010508
FIO/BTC,1623440036536,2021-06-11T19:33:56.536Z,sell,5.68e-06,88.0,0.00049984
FIO/BTC,1623440036539,2021-06-11T19:33:56.539Z,sell,5.67e-06,88.0,0.00049896
FIO/BTC,1623440106988,2021-06-11T19:35:06.988Z,sell,5.67e-06,304.0,0.00172368
FIO/BTC,1623440119650,2021-06-11T19:35:19.650Z,buy,5.7e-06,47.0,0.0002679
FIO/BTC,1623440169685,2021-06-11T19:36:09.685Z,sell,5.69e-06,516.0,0.00293604
FIO/BTC,1623440169702,2021-06-11T19:36:09.702Z,sell,5.67e-06,516.0,0.00292572
FIO/BTC,1623440169931,2021-06-11T19:36:09.931Z,buy,5.69e-06,55.0,0.00031295
FIO/BTC,1623440195138,2021-06-11T19:36:35.138Z,buy,5.69e-06,140.0,0.0007966
FIO/BTC,1623440196804,2021-06-11T19:36:36.804Z,buy,5.69e-06,888.0,0.00505272
FIO/BTC,1623440197015,2021-06-11T19:36:37.015Z,buy,5.69e-06,75.0,0.00042675
FIO/BTC,1623440266686,2021-06-11T19:37:46.686Z,buy,5.69e-06,58.0,0.00033002
FIO/BTC,1623440267206,2021-06-11T19:37:47.206Z,buy,5.69e-06,22.0,0.00012518
FIO/BTC,1623440267657,2021-06-11T19:37:47.657Z,buy,5.69e-06,29.0,0.00016501
FIO/BTC,1623440267693,2021-06-11T19:37:47.693Z,buy,5.69e-06,63.0,0.00035847
FIO/BTC,1623440267770,2021-06-11T19:37:47.770Z,buy,5.69e-06,18.0,0.00010242
FIO/BTC,1623440267860,2021-06-11T19:37:47.860Z,sell,5.69e-06,34.0,0.00019345999999999998
FIO/BTC,1623440268211,2021-06-11T19:37:48.211Z,sell,5.69e-06,41.0,0.00023328999999999998
FIO/BTC,1623440268996,2021-06-11T19:37:48.996Z,buy,5.7e-06,501.0,0.0028556999999999996
FIO/BTC,1623440269078,2021-06-11T19:37:49.078Z,buy,5.7e-06,24.0,0.0001368
FIO/BTC,1623440269488,2021-06-11T19:37:49.488Z,buy,5.7e-06,89.0,0.0005072999999999999
FIO/BTC,1623440269538,2021-06-11T19:37:49.538Z,buy,5.7e-06,237.0,0.0013509
FIO/BTC,1623440269951,2021-06-11T19:37:49.951Z,buy,5.7e-06,44.0,0.00025079999999999997
FIO/BTC,1623440270308,2021-06-11T19:37:50.308Z,buy,5.7e-06,21.0,0.0001197
FIO/BTC,1623440273477,2021-06-11T19:37:53.477Z,sell,5.69e-06,2649.0,0.015072809999999999
FIO/BTC,1623440273872,2021-06-11T19:37:53.872Z,buy,5.69e-06,49.0,0.00027881
FIO/BTC,1623440276658,2021-06-11T19:37:56.658Z,sell,5.68e-06,391.0,0.0022208799999999997
FIO/BTC,1623440297340,2021-06-11T19:38:17.340Z,buy,5.67e-06,88.0,0.00049896
FIO/BTC,1623440297378,2021-06-11T19:38:17.378Z,buy,5.67e-06,572.0,0.00324324
FIO/BTC,1623440350586,2021-06-11T19:39:10.586Z,sell,5.68e-06,185.0,0.0010508
FIO/BTC,1623440350608,2021-06-11T19:39:10.608Z,sell,5.66e-06,185.0,0.0010471
FIO/BTC,1623440352576,2021-06-11T19:39:12.576Z,buy,5.67e-06,132.0,0.00074844
FIO/BTC,1623440356529,2021-06-11T19:39:16.529Z,sell,5.66e-06,25.0,0.0001415
FIO/BTC,1623440398857,2021-06-11T19:39:58.857Z,buy,5.66e-06,80.0,0.0004528
FIO/BTC,1623440398868,2021-06-11T19:39:58.868Z,buy,5.66e-06,542.0,0.00306772
FIO/BTC,1623440405258,2021-06-11T19:40:05.258Z,buy,5.66e-06,74.0,0.00041884
FIO/BTC,1623440416754,2021-06-11T19:40:16.754Z,buy,5.66e-06,94.0,0.00053204
FIO/BTC,1623440429272,2021-06-11T19:40:29.272Z,buy,5.66e-06,210.0,0.0011886
FIO/BTC,1623440454680,2021-06-11T19:40:54.680Z,sell,5.65e-06,208.0,0.0011752
FIO/BTC,1623440454766,2021-06-11T19:40:54.766Z,buy,5.65e-06,208.0,0.0011752
FIO/BTC,1623440485487,2021-06-11T19:41:25.487Z,buy,5.66e-06,5300.0,0.029998
FIO/BTC,1623440737600,2021-06-11T19:45:37.600Z,sell,5.65e-06,196.0,0.0011074
FIO/BTC,1623440816931,2021-06-11T19:46:56.931Z,buy,5.67e-06,127.0,0.0007200899999999999
FIO/BTC,1623440842366,2021-06-11T19:47:22.366Z,sell,5.64e-06,997.0,0.00562308
FIO/BTC,1623440842366,2021-06-11T19:47:22.366Z,sell,5.63e-06,2952.0,0.01661976
FIO/BTC,1623440842367,2021-06-11T19:47:22.367Z,sell,5.63e-06,1.0,5.63e-06
FIO/BTC,1623440842371,2021-06-11T19:47:22.371Z,sell,5.62e-06,946.0,0.005316520000000001
FIO/BTC,1623440842384,2021-06-11T19:47:22.384Z,sell,5.62e-06,720.0,0.0040464
FIO/BTC,1623440842384,2021-06-11T19:47:22.384Z,sell,5.61e-06,2591.0,0.01453551
FIO/BTC,1623440842393,2021-06-11T19:47:22.393Z,sell,5.62e-06,600.0,0.0033720000000000004
FIO/BTC,1623440842393,2021-06-11T19:47:22.393Z,sell,5.61e-06,83.0,0.00046562999999999997
FIO/BTC,1623440842954,2021-06-11T19:47:22.954Z,sell,5.61e-06,120.0,0.0006732
FIO/BTC,1623440843650,2021-06-11T19:47:23.650Z,sell,5.61e-06,1066.0,0.005980259999999999
FIO/BTC,1623440843739,2021-06-11T19:47:23.739Z,sell,5.6e-06,2282.0,0.0127792
FIO/BTC,1623440843785,2021-06-11T19:47:23.785Z,sell,5.59e-06,32818.0,0.18345261999999998
FIO/BTC,1623440843792,2021-06-11T19:47:23.792Z,sell,5.59e-06,30617.0,0.17114903
FIO/BTC,1623440843841,2021-06-11T19:47:23.841Z,sell,5.58e-06,12641.0,0.07053678
FIO/BTC,1623440843850,2021-06-11T19:47:23.850Z,buy,5.6e-06,102.0,0.0005712
FIO/BTC,1623440844454,2021-06-11T19:47:24.454Z,sell,5.57e-06,5496.0,0.03061272
FIO/BTC,1623440844456,2021-06-11T19:47:24.456Z,sell,5.57e-06,3889.0,0.02166173
FIO/BTC,1623440844492,2021-06-11T19:47:24.492Z,buy,5.58e-06,1426.0,0.00795708
FIO/BTC,1623440845116,2021-06-11T19:47:25.116Z,sell,5.56e-06,1044.0,0.00580464
FIO/BTC,1623440846125,2021-06-11T19:47:26.125Z,buy,5.58e-06,1426.0,0.00795708
FIO/BTC,1623440846349,2021-06-11T19:47:26.349Z,buy,5.58e-06,1431.0,0.00798498
FIO/BTC,1623440847029,2021-06-11T19:47:27.029Z,buy,5.58e-06,600.0,0.003348
FIO/BTC,1623440847035,2021-06-11T19:47:27.035Z,sell,5.58e-06,580.0,0.0032364
FIO/BTC,1623440847036,2021-06-11T19:47:27.036Z,sell,5.58e-06,251.0,0.00140058
FIO/BTC,1623440847065,2021-06-11T19:47:27.065Z,sell,5.56e-06,385.0,0.0021406
FIO/BTC,1623440847289,2021-06-11T19:47:27.289Z,sell,5.58e-06,374.0,0.00208692
FIO/BTC,1623440848104,2021-06-11T19:47:28.104Z,buy,5.59e-06,600.0,0.0033539999999999998
FIO/BTC,1623440848193,2021-06-11T19:47:28.193Z,buy,5.6e-06,881.0,0.0049336
FIO/BTC,1623440849313,2021-06-11T19:47:29.313Z,buy,5.59e-06,20.0,0.0001118
FIO/BTC,1623440850204,2021-06-11T19:47:30.204Z,buy,5.6e-06,600.0,0.0033599999999999997
FIO/BTC,1623440866712,2021-06-11T19:47:46.712Z,buy,5.6e-06,346.0,0.0019375999999999998
FIO/BTC,1623440867770,2021-06-11T19:47:47.770Z,buy,5.61e-06,36.0,0.00020196
FIO/BTC,1623440868168,2021-06-11T19:47:48.168Z,buy,5.62e-06,5782.0,0.032494840000000004
FIO/BTC,1623440868177,2021-06-11T19:47:48.177Z,buy,5.63e-06,952.0,0.00535976
FIO/BTC,1623440868302,2021-06-11T19:47:48.302Z,buy,5.64e-06,268.0,0.0015115200000000001
FIO/BTC,1623440868316,2021-06-11T19:47:48.316Z,buy,5.65e-06,634.0,0.0035821
FIO/BTC,1623440868879,2021-06-11T19:47:48.879Z,buy,5.66e-06,1815.0,0.0102729
FIO/BTC,1623440869245,2021-06-11T19:47:49.245Z,buy,5.67e-06,67.0,0.00037988999999999997
FIO/BTC,1623440870843,2021-06-11T19:47:50.843Z,buy,5.68e-06,211.0,0.00119848
FIO/BTC,1623440871148,2021-06-11T19:47:51.148Z,sell,5.67e-06,490.0,0.0027783
FIO/BTC,1623440872721,2021-06-11T19:47:52.721Z,sell,5.65e-06,352.0,0.0019888
FIO/BTC,1623440874721,2021-06-11T19:47:54.721Z,sell,5.65e-06,248.0,0.0014012
FIO/BTC,1623440874721,2021-06-11T19:47:54.721Z,sell,5.64e-06,211.0,0.00119004
FIO/BTC,1623440876719,2021-06-11T19:47:56.719Z,sell,5.65e-06,401.0,0.00226565
FIO/BTC,1623440876972,2021-06-11T19:47:56.972Z,buy,5.66e-06,104.0,0.00058864
FIO/BTC,1623440878746,2021-06-11T19:47:58.746Z,sell,5.65e-06,176.0,0.0009944
FIO/BTC,1623440879889,2021-06-11T19:47:59.889Z,buy,5.66e-06,447.0,0.00253002
FIO/BTC,1623440883842,2021-06-11T19:48:03.842Z,buy,5.66e-06,191.0,0.00108106
FIO/BTC,1623440911200,2021-06-11T19:48:31.200Z,sell,5.65e-06,2678.0,0.0151307
FIO/BTC,1623440911214,2021-06-11T19:48:31.214Z,sell,5.64e-06,35.0,0.0001974
FIO/BTC,1623440911369,2021-06-11T19:48:31.369Z,sell,5.62e-06,844.0,0.004743280000000001
FIO/BTC,1623440911373,2021-06-11T19:48:31.373Z,sell,5.61e-06,588.0,0.0032986799999999996
FIO/BTC,1623440918056,2021-06-11T19:48:38.056Z,buy,5.62e-06,363.0,0.0020400600000000002
FIO/BTC,1623440998843,2021-06-11T19:49:58.843Z,buy,5.63e-06,191.0,0.00107533
FIO/BTC,1623441002850,2021-06-11T19:50:02.850Z,buy,5.63e-06,176.0,0.00099088
FIO/BTC,1623441004883,2021-06-11T19:50:04.883Z,sell,5.62e-06,286.0,0.0016073200000000002
FIO/BTC,1623441004894,2021-06-11T19:50:04.894Z,sell,5.62e-06,1473.0,0.00827826
FIO/BTC,1623441063777,2021-06-11T19:51:03.777Z,sell,5.62e-06,168.0,0.0009441600000000001
FIO/BTC,1623441112398,2021-06-11T19:51:52.398Z,buy,5.62e-06,366.0,0.0020569200000000003
FIO/BTC,1623441129905,2021-06-11T19:52:09.905Z,sell,5.61e-06,38.0,0.00021318
FIO/BTC,1623441147033,2021-06-11T19:52:27.033Z,sell,5.61e-06,1110.0,0.006227099999999999
FIO/BTC,1623441155185,2021-06-11T19:52:35.185Z,sell,5.61e-06,194.0,0.00108834
FIO/BTC,1623441189665,2021-06-11T19:53:09.665Z,sell,5.6e-06,2870.0,0.016072
FIO/BTC,1623441201003,2021-06-11T19:53:21.003Z,sell,5.6e-06,89.0,0.0004984
FIO/BTC,1623441202890,2021-06-11T19:53:22.890Z,buy,5.6e-06,512.0,0.0028672
FIO/BTC,1623441238212,2021-06-11T19:53:58.212Z,buy,5.6e-06,708.0,0.0039648
FIO/BTC,1623441238220,2021-06-11T19:53:58.220Z,buy,5.6e-06,2072.0,0.0116032
FIO/BTC,1623441238270,2021-06-11T19:53:58.270Z,buy,5.6e-06,9035.0,0.050595999999999995
FIO/BTC,1623441238533,2021-06-11T19:53:58.533Z,buy,5.61e-06,1636.0,0.009177959999999999
FIO/BTC,1623441238560,2021-06-11T19:53:58.560Z,buy,5.62e-06,360.0,0.0020232
FIO/BTC,1623441240135,2021-06-11T19:54:00.135Z,buy,5.63e-06,459.0,0.0025841700000000002
FIO/BTC,1623441244538,2021-06-11T19:54:04.538Z,buy,5.64e-06,539.0,0.00303996
FIO/BTC,1623441244986,2021-06-11T19:54:04.986Z,buy,5.65e-06,265.0,0.00149725
FIO/BTC,1623441255512,2021-06-11T19:54:15.512Z,sell,5.64e-06,89.0,0.00050196
FIO/BTC,1623441270565,2021-06-11T19:54:30.565Z,buy,5.63e-06,600.0,0.0033780000000000004
FIO/BTC,1623441270567,2021-06-11T19:54:30.567Z,sell,5.63e-06,600.0,0.0033780000000000004
FIO/BTC,1623441270573,2021-06-11T19:54:30.573Z,sell,5.63e-06,111.0,0.00062493
FIO/BTC,1623441270581,2021-06-11T19:54:30.581Z,sell,5.63e-06,264.0,0.0014863200000000002
FIO/BTC,1623441270714,2021-06-11T19:54:30.714Z,buy,5.62e-06,2387.0,0.01341494
FIO/BTC,1623441271054,2021-06-11T19:54:31.054Z,buy,5.63e-06,600.0,0.0033780000000000004
FIO/BTC,1623441271551,2021-06-11T19:54:31.551Z,buy,5.63e-06,600.0,0.0033780000000000004
FIO/BTC,1623441271853,2021-06-11T19:54:31.853Z,buy,5.61e-06,2183.0,0.01224663
FIO/BTC,1623441272751,2021-06-11T19:54:32.751Z,buy,5.62e-06,600.0,0.0033720000000000004
FIO/BTC,1623441276564,2021-06-11T19:54:36.564Z,sell,5.62e-06,1569.0,0.00881778
FIO/BTC,1623441283562,2021-06-11T19:54:43.562Z,buy,5.62e-06,758.0,0.00425996
FIO/BTC,1623441301602,2021-06-11T19:55:01.602Z,buy,5.64e-06,1569.0,0.00884916
FIO/BTC,1623441324319,2021-06-11T19:55:24.319Z,sell,5.64e-06,89.0,0.00050196
FIO/BTC,1623441407750,2021-06-11T19:56:47.750Z,sell,5.63e-06,158.0,0.0008895400000000001
FIO/BTC,1623441429556,2021-06-11T19:57:09.556Z,sell,5.63e-06,18.0,0.00010134
FIO/BTC,1623441430052,2021-06-11T19:57:10.052Z,sell,5.62e-06,1976.0,0.011105120000000001
FIO/BTC,1623441430073,2021-06-11T19:57:10.073Z,sell,5.61e-06,459.0,0.0025749899999999997
FIO/BTC,1623441435160,2021-06-11T19:57:15.160Z,sell,5.6e-06,476.0,0.0026655999999999997
FIO/BTC,1623441443483,2021-06-11T19:57:23.483Z,buy,5.62e-06,1575.0,0.0088515
FIO/BTC,1623441444262,2021-06-11T19:57:24.262Z,sell,5.63e-06,210.0,0.0011823
FIO/BTC,1623441468372,2021-06-11T19:57:48.372Z,buy,5.64e-06,35.0,0.0001974
FIO/BTC,1623441472623,2021-06-11T19:57:52.623Z,sell,5.63e-06,232.0,0.00130616
FIO/BTC,1623441507460,2021-06-11T19:58:27.460Z,sell,5.62e-06,352.0,0.00197824
FIO/BTC,1623441508168,2021-06-11T19:58:28.168Z,sell,5.62e-06,210.0,0.0011802000000000002
FIO/BTC,1623441510175,2021-06-11T19:58:30.175Z,buy,5.63e-06,89.0,0.00050107
FIO/BTC,1623441557930,2021-06-11T19:59:17.930Z,buy,5.61e-06,540.0,0.0030294
FIO/BTC,1623441557930,2021-06-11T19:59:17.930Z,buy,5.61e-06,540.0,0.0030294
FIO/BTC,1623441614577,2021-06-11T20:00:14.577Z,sell,5.61e-06,89.0,0.00049929
FIO/BTC,1623441614620,2021-06-11T20:00:14.620Z,sell,5.6e-06,387.0,0.0021671999999999998
FIO/BTC,1623441616176,2021-06-11T20:00:16.176Z,sell,5.59e-06,4404.0,0.02461836
FIO/BTC,1623441617118,2021-06-11T20:00:17.118Z,sell,5.58e-06,181.0,0.00100998
FIO/BTC,1623441618199,2021-06-11T20:00:18.199Z,buy,5.6e-06,478.0,0.0026768
FIO/BTC,1623441704075,2021-06-11T20:01:44.075Z,sell,5.6e-06,89.0,0.0004984
FIO/BTC,1623441727674,2021-06-11T20:02:07.674Z,buy,5.6e-06,29.0,0.0001624
FIO/BTC,1623441836829,2021-06-11T20:03:56.829Z,buy,5.61e-06,490.0,0.0027489
FIO/BTC,1623441836930,2021-06-11T20:03:56.930Z,buy,5.62e-06,352.0,0.00197824
FIO/BTC,1623441836953,2021-06-11T20:03:56.953Z,sell,5.62e-06,210.0,0.0011802000000000002
FIO/BTC,1623441907539,2021-06-11T20:05:07.539Z,sell,5.6e-06,352.0,0.0019711999999999998
FIO/BTC,1623441907807,2021-06-11T20:05:07.807Z,sell,5.59e-06,4065.0,0.02272335
FIO/BTC,1623441932630,2021-06-11T20:05:32.630Z,sell,5.6e-06,540.0,0.0030239999999999998
FIO/BTC,1623441934231,2021-06-11T20:05:34.231Z,buy,5.6e-06,281.0,0.0015735999999999999
FIO/BTC,1623441961167,2021-06-11T20:06:01.167Z,buy,5.59e-06,177.0,0.00098943
FIO/BTC,1623441961167,2021-06-11T20:06:01.167Z,buy,5.6e-06,198.0,0.0011087999999999998
FIO/BTC,1623441987471,2021-06-11T20:06:27.471Z,buy,5.6e-06,144.0,0.0008064
FIO/BTC,1623442155246,2021-06-11T20:09:15.246Z,sell,5.59e-06,1700.0,0.009503
FIO/BTC,1623442155246,2021-06-11T20:09:15.246Z,sell,5.59e-06,223.0,0.00124657
FIO/BTC,1623442155258,2021-06-11T20:09:15.258Z,sell,5.58e-06,6365.0,0.0355167
FIO/BTC,1623442157558,2021-06-11T20:09:17.558Z,sell,5.58e-06,540.0,0.0030132
FIO/BTC,1623442157647,2021-06-11T20:09:17.647Z,buy,5.59e-06,87.0,0.00048633
FIO/BTC,1623442256065,2021-06-11T20:10:56.065Z,sell,5.59e-06,18.0,0.00010062
FIO/BTC,1623442266777,2021-06-11T20:11:06.777Z,sell,5.57e-06,328.0,0.00182696
FIO/BTC,1623442269559,2021-06-11T20:11:09.559Z,buy,5.58e-06,702.0,0.00391716
FIO/BTC,1623442288718,2021-06-11T20:11:28.718Z,buy,5.6e-06,346.0,0.0019375999999999998
FIO/BTC,1623442328262,2021-06-11T20:12:08.262Z,buy,5.6e-06,346.0,0.0019375999999999998
FIO/BTC,1623442340889,2021-06-11T20:12:20.889Z,buy,5.6e-06,53.0,0.0002968
FIO/BTC,1623442485965,2021-06-11T20:14:45.965Z,sell,5.58e-06,346.0,0.00193068
FIO/BTC,1623442512612,2021-06-11T20:15:12.612Z,sell,5.58e-06,690.0,0.0038502
FIO/BTC,1623442526613,2021-06-11T20:15:26.613Z,sell,5.58e-06,690.0,0.0038502
FIO/BTC,1623442598558,2021-06-11T20:16:38.558Z,buy,5.6e-06,6.0,3.36e-05
FIO/BTC,1623442621707,2021-06-11T20:17:01.707Z,sell,5.58e-06,90.0,0.0005022
FIO/BTC,1623442692827,2021-06-11T20:18:12.827Z,sell,5.57e-06,224.0,0.00124768
FIO/BTC,1623442755689,2021-06-11T20:19:15.689Z,sell,5.56e-06,1539.0,0.00855684
FIO/BTC,1623442790952,2021-06-11T20:19:50.952Z,sell,5.57e-06,90.0,0.0005013
FIO/BTC,1623442843185,2021-06-11T20:20:43.185Z,sell,5.55e-06,1007.0,0.00558885
FIO/BTC,1623442843185,2021-06-11T20:20:43.185Z,sell,5.54e-06,828.0,0.00458712
FIO/BTC,1623442846338,2021-06-11T20:20:46.338Z,buy,5.55e-06,51.0,0.00028305
FIO/BTC,1623442849799,2021-06-11T20:20:49.799Z,buy,5.54e-06,83.0,0.00045982000000000005
FIO/BTC,1623442849817,2021-06-11T20:20:49.817Z,buy,5.54e-06,33.0,0.00018282000000000001
FIO/BTC,1623442854214,2021-06-11T20:20:54.214Z,sell,5.54e-06,90.0,0.0004986
FIO/BTC,1623442860634,2021-06-11T20:21:00.634Z,buy,5.55e-06,2173.0,0.01206015
FIO/BTC,1623442867985,2021-06-11T20:21:07.985Z,buy,5.55e-06,68.0,0.0003774
FIO/BTC,1623442912308,2021-06-11T20:21:52.308Z,buy,5.55e-06,197.0,0.00109335
FIO/BTC,1623442959967,2021-06-11T20:22:39.967Z,buy,5.55e-06,116.0,0.0006438
FIO/BTC,1623442997009,2021-06-11T20:23:17.009Z,sell,5.53e-06,99.0,0.00054747
FIO/BTC,1623442997009,2021-06-11T20:23:17.009Z,sell,5.53e-06,177.0,0.00097881
FIO/BTC,1623442997684,2021-06-11T20:23:17.684Z,sell,5.53e-06,312.0,0.0017253600000000002
FIO/BTC,1623442997689,2021-06-11T20:23:17.689Z,sell,5.53e-06,578.0,0.00319634
FIO/BTC,1623442997690,2021-06-11T20:23:17.690Z,sell,5.53e-06,194.0,0.0010728200000000002
FIO/BTC,1623442997697,2021-06-11T20:23:17.697Z,sell,5.53e-06,699.0,0.00386547
FIO/BTC,1623442997881,2021-06-11T20:23:17.881Z,sell,5.53e-06,1145.0,0.006331850000000001
FIO/BTC,1623442998077,2021-06-11T20:23:18.077Z,sell,5.53e-06,343.0,0.0018967900000000002
FIO/BTC,1623442998366,2021-06-11T20:23:18.366Z,sell,5.53e-06,264.0,0.0014599200000000002
FIO/BTC,1623442998377,2021-06-11T20:23:18.377Z,sell,5.53e-06,182.0,0.00100646
FIO/BTC,1623442998593,2021-06-11T20:23:18.593Z,sell,5.53e-06,23.0,0.00012719
FIO/BTC,1623442998595,2021-06-11T20:23:18.595Z,sell,5.53e-06,75.0,0.00041475
FIO/BTC,1623443014462,2021-06-11T20:23:34.462Z,sell,5.53e-06,461.0,0.0025493300000000003
FIO/BTC,1623443021505,2021-06-11T20:23:41.505Z,sell,5.53e-06,659.0,0.0036442700000000002
FIO/BTC,1623443026662,2021-06-11T20:23:46.662Z,buy,5.54e-06,414.0,0.00229356
FIO/BTC,1623443052090,2021-06-11T20:24:12.090Z,sell,5.53e-06,697.0,0.0038544100000000004
FIO/BTC,1623443058070,2021-06-11T20:24:18.070Z,sell,5.53e-06,6364.0,0.03519292
FIO/BTC,1623443058078,2021-06-11T20:24:18.078Z,buy,5.53e-06,833.0,0.00460649
FIO/BTC,1623443058101,2021-06-11T20:24:18.101Z,buy,5.53e-06,6365.0,0.035198450000000006
FIO/BTC,1623443077349,2021-06-11T20:24:37.349Z,sell,5.52e-06,1367.0,0.00754584
FIO/BTC,1623443080284,2021-06-11T20:24:40.284Z,buy,5.53e-06,19.0,0.00010507000000000001
FIO/BTC,1623443082692,2021-06-11T20:24:42.692Z,buy,5.53e-06,32.0,0.00017696
FIO/BTC,1623443088390,2021-06-11T20:24:48.390Z,sell,5.52e-06,20010.0,0.11045519999999999
FIO/BTC,1623443098141,2021-06-11T20:24:58.141Z,buy,5.52e-06,1347.0,0.00743544
FIO/BTC,1623443099154,2021-06-11T20:24:59.154Z,sell,5.51e-06,662.0,0.00364762
FIO/BTC,1623443133383,2021-06-11T20:25:33.383Z,sell,5.5e-06,2507.0,0.0137885
FIO/BTC,1623443133383,2021-06-11T20:25:33.383Z,sell,5.49e-06,181.0,0.00099369
FIO/BTC,1623443133712,2021-06-11T20:25:33.712Z,buy,5.52e-06,181.0,0.00099912
FIO/BTC,1623443149554,2021-06-11T20:25:49.554Z,buy,5.51e-06,4284.0,0.02360484
FIO/BTC,1623443150250,2021-06-11T20:25:50.250Z,buy,5.5e-06,4135.0,0.0227425
FIO/BTC,1623443150355,2021-06-11T20:25:50.355Z,buy,5.5e-06,1240.0,0.00682
FIO/BTC,1623443151553,2021-06-11T20:25:51.553Z,buy,5.5e-06,368.0,0.0020239999999999998
FIO/BTC,1623443158428,2021-06-11T20:25:58.428Z,buy,5.5e-06,4518.0,0.024849
FIO/BTC,1623443158429,2021-06-11T20:25:58.429Z,buy,5.5e-06,60076.0,0.330418
FIO/BTC,1623443158554,2021-06-11T20:25:58.554Z,buy,5.52e-06,4542.0,0.025071839999999998
FIO/BTC,1623443158655,2021-06-11T20:25:58.655Z,buy,5.52e-06,2159.0,0.01191768
FIO/BTC,1623443159454,2021-06-11T20:25:59.454Z,buy,5.52e-06,690.0,0.0038087999999999998
FIO/BTC,1623443159555,2021-06-11T20:25:59.555Z,buy,5.52e-06,690.0,0.0038087999999999998
FIO/BTC,1623443160158,2021-06-11T20:26:00.158Z,buy,5.52e-06,690.0,0.0038087999999999998
FIO/BTC,1623443160258,2021-06-11T20:26:00.258Z,buy,5.52e-06,690.0,0.0038087999999999998
FIO/BTC,1623443160456,2021-06-11T20:26:00.456Z,buy,5.52e-06,690.0,0.0038087999999999998
FIO/BTC,1623443200982,2021-06-11T20:26:40.982Z,buy,5.52e-06,200.0,0.001104
FIO/BTC,1623443209392,2021-06-11T20:26:49.392Z,buy,5.52e-06,74.0,0.00040847999999999997
FIO/BTC,1623443209392,2021-06-11T20:26:49.392Z,buy,5.53e-06,43.0,0.00023779
FIO/BTC,1623443213308,2021-06-11T20:26:53.308Z,buy,5.53e-06,180.0,0.0009954
FIO/BTC,1623443213353,2021-06-11T20:26:53.353Z,buy,5.53e-06,100.0,0.000553
FIO/BTC,1623443213706,2021-06-11T20:26:53.706Z,buy,5.53e-06,468.0,0.0025880400000000002
FIO/BTC,1623443221392,2021-06-11T20:27:01.392Z,sell,5.52e-06,91.0,0.00050232
FIO/BTC,1623443226227,2021-06-11T20:27:06.227Z,sell,5.51e-06,1143.0,0.006297929999999999
FIO/BTC,1623443226289,2021-06-11T20:27:06.289Z,buy,5.51e-06,6876.0,0.03788676
FIO/BTC,1623443280479,2021-06-11T20:28:00.479Z,sell,5.5e-06,93.0,0.0005115
FIO/BTC,1623443280479,2021-06-11T20:28:00.479Z,sell,5.49e-06,577.0,0.00316773
FIO/BTC,1623443281104,2021-06-11T20:28:01.104Z,sell,5.51e-06,19.0,0.00010469
FIO/BTC,1623443281649,2021-06-11T20:28:01.649Z,buy,5.51e-06,225.0,0.00123975
FIO/BTC,1623443281959,2021-06-11T20:28:01.959Z,sell,5.49e-06,418.0,0.00229482
FIO/BTC,1623443284377,2021-06-11T20:28:04.377Z,sell,5.5e-06,838.0,0.004609
FIO/BTC,1623443285529,2021-06-11T20:28:05.529Z,buy,5.52e-06,40.0,0.0002208
FIO/BTC,1623443288419,2021-06-11T20:28:08.419Z,buy,5.52e-06,650.0,0.0035879999999999996
FIO/BTC,1623443288463,2021-06-11T20:28:08.463Z,buy,5.52e-06,610.0,0.0033672
FIO/BTC,1623443296289,2021-06-11T20:28:16.289Z,sell,5.51e-06,690.0,0.0038019
FIO/BTC,1623443296322,2021-06-11T20:28:16.322Z,buy,5.51e-06,690.0,0.0038019
FIO/BTC,1623443296421,2021-06-11T20:28:16.421Z,buy,5.52e-06,690.0,0.0038087999999999998
FIO/BTC,1623443298274,2021-06-11T20:28:18.274Z,sell,5.51e-06,297.0,0.00163647
FIO/BTC,1623443316131,2021-06-11T20:28:36.131Z,buy,5.52e-06,1064.0,0.00587328
FIO/BTC,1623443316435,2021-06-11T20:28:36.435Z,buy,5.52e-06,319.0,0.0017608799999999998
FIO/BTC,1623443323547,2021-06-11T20:28:43.547Z,buy,5.52e-06,17584.0,0.09706368
FIO/BTC,1623443338540,2021-06-11T20:28:58.540Z,buy,5.54e-06,191.0,0.0010581400000000002
FIO/BTC,1623443378967,2021-06-11T20:29:38.967Z,sell,5.53e-06,225.0,0.0012442500000000001
FIO/BTC,1623443384065,2021-06-11T20:29:44.065Z,buy,5.54e-06,20.0,0.00011080000000000001
FIO/BTC,1623443390921,2021-06-11T20:29:50.921Z,buy,5.54e-06,157.0,0.00086978
FIO/BTC,1623443390929,2021-06-11T20:29:50.929Z,buy,5.55e-06,269.0,0.00149295
FIO/BTC,1623443390944,2021-06-11T20:29:50.944Z,buy,5.56e-06,953.0,0.00529868
FIO/BTC,1623443390958,2021-06-11T20:29:50.958Z,sell,5.55e-06,614.0,0.0034077
FIO/BTC,1623443390959,2021-06-11T20:29:50.959Z,sell,5.55e-06,614.0,0.0034077
FIO/BTC,1623443391009,2021-06-11T20:29:51.009Z,buy,5.55e-06,489.0,0.00271395
FIO/BTC,1623443408913,2021-06-11T20:30:08.913Z,sell,5.56e-06,90.0,0.0005004
FIO/BTC,1623443412981,2021-06-11T20:30:12.981Z,sell,5.55e-06,4148.0,0.0230214
FIO/BTC,1623443414079,2021-06-11T20:30:14.079Z,buy,5.55e-06,1173.0,0.00651015
FIO/BTC,1623443423086,2021-06-11T20:30:23.086Z,buy,5.56e-06,690.0,0.0038364000000000002
FIO/BTC,1623443456307,2021-06-11T20:30:56.307Z,buy,5.57e-06,34.0,0.00018938
FIO/BTC,1623443482146,2021-06-11T20:31:22.146Z,sell,5.56e-06,510.0,0.0028356
FIO/BTC,1623443506575,2021-06-11T20:31:46.575Z,sell,5.56e-06,120.0,0.0006672000000000001
FIO/BTC,1623443529101,2021-06-11T20:32:09.101Z,sell,5.55e-06,22.0,0.0001221
FIO/BTC,1623443599388,2021-06-11T20:33:19.388Z,sell,5.55e-06,41.0,0.00022755
FIO/BTC,1623443647493,2021-06-11T20:34:07.493Z,buy,5.57e-06,143.0,0.0007965100000000001
FIO/BTC,1623443678045,2021-06-11T20:34:38.045Z,buy,5.58e-06,284.0,0.00158472
FIO/BTC,1623443767796,2021-06-11T20:36:07.796Z,sell,5.58e-06,19.0,0.00010602
FIO/BTC,1623443769740,2021-06-11T20:36:09.740Z,buy,5.59e-06,357.0,0.00199563
FIO/BTC,1623443823877,2021-06-11T20:37:03.877Z,buy,5.59e-06,37.0,0.00020683
FIO/BTC,1623443823975,2021-06-11T20:37:03.975Z,buy,5.6e-06,237.0,0.0013272
FIO/BTC,1623443936932,2021-06-11T20:38:56.932Z,sell,5.57e-06,243.0,0.00135351
FIO/BTC,1623443936935,2021-06-11T20:38:56.935Z,sell,5.56e-06,217.0,0.00120652
FIO/BTC,1623443937186,2021-06-11T20:38:57.186Z,sell,5.56e-06,90.0,0.0005004
FIO/BTC,1623443946656,2021-06-11T20:39:06.656Z,buy,5.56e-06,127.0,0.00070612
FIO/BTC,1623444271797,2021-06-11T20:44:31.797Z,sell,5.55e-06,64.0,0.0003552
FIO/BTC,1623444272464,2021-06-11T20:44:32.464Z,sell,5.54e-06,538.0,0.00298052
FIO/BTC,1623444290837,2021-06-11T20:44:50.837Z,sell,5.54e-06,1090.0,0.006038600000000001
FIO/BTC,1623444341510,2021-06-11T20:45:41.510Z,sell,5.53e-06,352.0,0.0019465600000000002
FIO/BTC,1623444397566,2021-06-11T20:46:37.566Z,buy,5.56e-06,502.0,0.0027911200000000002
FIO/BTC,1623444397653,2021-06-11T20:46:37.653Z,buy,5.57e-06,64.0,0.00035648
FIO/BTC,1623444397664,2021-06-11T20:46:37.664Z,sell,5.57e-06,64.0,0.00035648
FIO/BTC,1623444461895,2021-06-11T20:47:41.895Z,buy,5.57e-06,64.0,0.00035648
FIO/BTC,1623444680835,2021-06-11T20:51:20.835Z,buy,5.57e-06,274.0,0.00152618
FIO/BTC,1623444701312,2021-06-11T20:51:41.312Z,sell,5.57e-06,20.0,0.0001114
FIO/BTC,1623444705654,2021-06-11T20:51:45.654Z,buy,5.57e-06,88.0,0.00049016
FIO/BTC,1623444818856,2021-06-11T20:53:38.856Z,sell,5.55e-06,64.0,0.0003552
FIO/BTC,1623444842295,2021-06-11T20:54:02.295Z,sell,5.55e-06,90.0,0.0004995
FIO/BTC,1623444842499,2021-06-11T20:54:02.499Z,buy,5.55e-06,19.0,0.00010545
FIO/BTC,1623444867086,2021-06-11T20:54:27.086Z,sell,5.54e-06,502.0,0.00278108
FIO/BTC,1623444877358,2021-06-11T20:54:37.358Z,sell,5.53e-06,27.0,0.00014931000000000002
FIO/BTC,1623444877455,2021-06-11T20:54:37.455Z,sell,5.53e-06,31.0,0.00017143
FIO/BTC,1623444895612,2021-06-11T20:54:55.612Z,sell,5.53e-06,432.0,0.0023889600000000003
FIO/BTC,1623444895612,2021-06-11T20:54:55.612Z,sell,5.53e-06,3850.0,0.0212905
FIO/BTC,1623444908543,2021-06-11T20:55:08.543Z,sell,5.52e-06,86.0,0.00047472
FIO/BTC,1623444908543,2021-06-11T20:55:08.543Z,sell,5.51e-06,100.0,0.000551
FIO/BTC,1623444908750,2021-06-11T20:55:08.750Z,buy,5.52e-06,26.0,0.00014351999999999998
FIO/BTC,1623444909206,2021-06-11T20:55:09.206Z,sell,5.51e-06,225.0,0.00123975
FIO/BTC,1623444957871,2021-06-11T20:55:57.871Z,sell,5.52e-06,91.0,0.00050232
FIO/BTC,1623444957871,2021-06-11T20:55:57.871Z,sell,5.51e-06,109.0,0.00060059
FIO/BTC,1623445094149,2021-06-11T20:58:14.149Z,sell,5.52e-06,1164.0,0.006425279999999999
FIO/BTC,1623445094160,2021-06-11T20:58:14.160Z,sell,5.51e-06,19.0,0.00010469
FIO/BTC,1623445094172,2021-06-11T20:58:14.172Z,sell,5.5e-06,1296.0,0.007128
FIO/BTC,1623445095126,2021-06-11T20:58:15.126Z,sell,5.49e-06,550.0,0.0030195
FIO/BTC,1623445096002,2021-06-11T20:58:16.002Z,buy,5.5e-06,690.0,0.0037949999999999998
FIO/BTC,1623445096696,2021-06-11T20:58:16.696Z,sell,5.5e-06,603.0,0.0033165
FIO/BTC,1623445096735,2021-06-11T20:58:16.735Z,buy,5.52e-06,452.0,0.00249504
FIO/BTC,1623445105338,2021-06-11T20:58:25.338Z,sell,5.48e-06,413.0,0.00226324
FIO/BTC,1623445107400,2021-06-11T20:58:27.400Z,sell,5.48e-06,840.0,0.0046032
FIO/BTC,1623445120387,2021-06-11T20:58:40.387Z,sell,5.49e-06,690.0,0.0037881
FIO/BTC,1623445120704,2021-06-11T20:58:40.704Z,sell,5.48e-06,3047.0,0.01669756
FIO/BTC,1623445121420,2021-06-11T20:58:41.420Z,buy,5.49e-06,443.0,0.00243207
FIO/BTC,1623445133951,2021-06-11T20:58:53.951Z,sell,5.48e-06,690.0,0.0037812
FIO/BTC,1623445133977,2021-06-11T20:58:53.977Z,sell,5.47e-06,205.0,0.0011213500000000001
FIO/BTC,1623445134926,2021-06-11T20:58:54.926Z,buy,5.48e-06,285.0,0.0015618
FIO/BTC,1623445135027,2021-06-11T20:58:55.027Z,buy,5.48e-06,744.0,0.00407712
FIO/BTC,1623445143898,2021-06-11T20:59:03.898Z,sell,5.47e-06,91.0,0.00049777
FIO/BTC,1623445143909,2021-06-11T20:59:03.909Z,sell,5.47e-06,154.0,0.00084238
FIO/BTC,1623445154001,2021-06-11T20:59:14.001Z,sell,5.47e-06,690.0,0.0037743
FIO/BTC,1623445154001,2021-06-11T20:59:14.001Z,sell,5.46e-06,1016.0,0.00554736
FIO/BTC,1623445157682,2021-06-11T20:59:17.682Z,sell,5.47e-06,690.0,0.0037743
FIO/BTC,1623445157682,2021-06-11T20:59:17.682Z,sell,5.47e-06,690.0,0.0037743
FIO/BTC,1623445184774,2021-06-11T20:59:44.774Z,buy,5.48e-06,1656.0,0.00907488
FIO/BTC,1623445205347,2021-06-11T21:00:05.347Z,buy,5.47e-06,1728.0,0.009452160000000001
FIO/BTC,1623445205440,2021-06-11T21:00:05.440Z,buy,5.47e-06,2530.0,0.0138391
FIO/BTC,1623445254434,2021-06-11T21:00:54.434Z,sell,5.47e-06,390.0,0.0021333
FIO/BTC,1623445254507,2021-06-11T21:00:54.507Z,buy,5.47e-06,690.0,0.0037743
FIO/BTC,1623445285120,2021-06-11T21:01:25.120Z,buy,5.48e-06,4425.0,0.024249
FIO/BTC,1623445286492,2021-06-11T21:01:26.492Z,sell,5.48e-06,690.0,0.0037812
FIO/BTC,1623445286492,2021-06-11T21:01:26.492Z,sell,5.47e-06,147.0,0.00080409
FIO/BTC,1623445286560,2021-06-11T21:01:26.560Z,buy,5.49e-06,121.0,0.00066429
FIO/BTC,1623445290343,2021-06-11T21:01:30.343Z,sell,5.49e-06,29.0,0.00015921
FIO/BTC,1623445290343,2021-06-11T21:01:30.343Z,sell,5.48e-06,384.0,0.00210432
FIO/BTC,1623445294599,2021-06-11T21:01:34.599Z,sell,5.48e-06,724.0,0.00396752
FIO/BTC,1623445294599,2021-06-11T21:01:34.599Z,sell,5.47e-06,2482.0,0.01357654
FIO/BTC,1623445431072,2021-06-11T21:03:51.072Z,sell,5.49e-06,91.0,0.00049959
FIO/BTC,1623445432400,2021-06-11T21:03:52.400Z,sell,5.48e-06,91.0,0.00049868
FIO/BTC,1623445432547,2021-06-11T21:03:52.547Z,buy,5.5e-06,21.0,0.0001155
FIO/BTC,1623445433724,2021-06-11T21:03:53.724Z,sell,5.47e-06,316.0,0.00172852
FIO/BTC,1623445473723,2021-06-11T21:04:33.723Z,sell,5.47e-06,1797.0,0.009829590000000001
FIO/BTC,1623445473970,2021-06-11T21:04:33.970Z,sell,5.46e-06,453.0,0.0024733800000000003
FIO/BTC,1623445573685,2021-06-11T21:06:13.685Z,buy,5.47e-06,112.0,0.00061264
FIO/BTC,1623445588479,2021-06-11T21:06:28.479Z,sell,5.45e-06,1670.0,0.0091015
FIO/BTC,1623445588479,2021-06-11T21:06:28.479Z,sell,5.44e-06,1535.0,0.0083504
FIO/BTC,1623445588479,2021-06-11T21:06:28.479Z,sell,5.43e-06,11205.0,0.06084315
FIO/BTC,1623445588479,2021-06-11T21:06:28.479Z,sell,5.42e-06,5542.0,0.030037639999999997
FIO/BTC,1623445588479,2021-06-11T21:06:28.479Z,sell,5.41e-06,1472.0,0.00796352
FIO/BTC,1623445588479,2021-06-11T21:06:28.479Z,sell,5.4e-06,13799.0,0.0745146
FIO/BTC,1623445588479,2021-06-11T21:06:28.479Z,sell,5.39e-06,19693.0,0.10614527
FIO/BTC,1623445588479,2021-06-11T21:06:28.479Z,sell,5.38e-06,1157.0,0.00622466
FIO/BTC,1623445588479,2021-06-11T21:06:28.479Z,sell,5.37e-06,14668.0,0.07876716
FIO/BTC,1623445588479,2021-06-11T21:06:28.479Z,sell,5.36e-06,1185.0,0.006351600000000001
FIO/BTC,1623445588479,2021-06-11T21:06:28.479Z,sell,5.35e-06,6208.0,0.0332128
FIO/BTC,1623445588479,2021-06-11T21:06:28.479Z,sell,5.34e-06,45869.0,0.24494046
FIO/BTC,1623445588479,2021-06-11T21:06:28.479Z,sell,5.33e-06,1152.0,0.0061401599999999995
FIO/BTC,1623445588479,2021-06-11T21:06:28.479Z,sell,5.32e-06,671.0,0.0035697199999999998
FIO/BTC,1623445588479,2021-06-11T21:06:28.479Z,sell,5.31e-06,1610.0,0.0085491
FIO/BTC,1623445588479,2021-06-11T21:06:28.479Z,sell,5.3e-06,8393.0,0.0444829
FIO/BTC,1623445588479,2021-06-11T21:06:28.479Z,sell,5.29e-06,1066.0,0.00563914
FIO/BTC,1623445588479,2021-06-11T21:06:28.479Z,sell,5.28e-06,562.0,0.00296736
FIO/BTC,1623445588479,2021-06-11T21:06:28.479Z,sell,5.27e-06,4161.0,0.021928470000000002
FIO/BTC,1623445588479,2021-06-11T21:06:28.479Z,sell,5.26e-06,7002.0,0.03683052
FIO/BTC,1623445588479,2021-06-11T21:06:28.479Z,sell,5.25e-06,902.0,0.0047355
FIO/BTC,1623445588479,2021-06-11T21:06:28.479Z,sell,5.24e-06,769.0,0.00402956
FIO/BTC,1623445588479,2021-06-11T21:06:28.479Z,sell,5.23e-06,12012.0,0.06282276
FIO/BTC,1623445588479,2021-06-11T21:06:28.479Z,sell,5.22e-06,190.0,0.0009918
FIO/BTC,1623445588479,2021-06-11T21:06:28.479Z,sell,5.21e-06,871.0,0.00453791
FIO/BTC,1623445588479,2021-06-11T21:06:28.479Z,sell,5.2e-06,27630.0,0.143676
FIO/BTC,1623445588479,2021-06-11T21:06:28.479Z,sell,5.19e-06,9859.0,0.051168210000000006
FIO/BTC,1623445588493,2021-06-11T21:06:28.493Z,buy,5.38e-06,40.0,0.0002152
FIO/BTC,1623445588541,2021-06-11T21:06:28.541Z,buy,5.43e-06,51.0,0.00027693
FIO/BTC,1623445588618,2021-06-11T21:06:28.618Z,buy,5.4e-06,1635.0,0.008829
FIO/BTC,1623445588618,2021-06-11T21:06:28.618Z,buy,5.44e-06,13153.0,0.07155231999999999
FIO/BTC,1623445588623,2021-06-11T21:06:28.623Z,sell,5.39e-06,7104.0,0.03829056
FIO/BTC,1623445588685,2021-06-11T21:06:28.685Z,buy,5.39e-06,199.0,0.00107261
FIO/BTC,1623445588691,2021-06-11T21:06:28.691Z,sell,5.38e-06,1939.0,0.01043182
FIO/BTC,1623445588694,2021-06-11T21:06:28.694Z,buy,5.39e-06,495.0,0.00266805
FIO/BTC,1623445588696,2021-06-11T21:06:28.696Z,buy,5.39e-06,10005.0,0.05392695
FIO/BTC,1623445588709,2021-06-11T21:06:28.709Z,sell,5.39e-06,69.0,0.00037191
FIO/BTC,1623445588725,2021-06-11T21:06:28.725Z,buy,5.41e-06,93.0,0.00050313
FIO/BTC,1623445588725,2021-06-11T21:06:28.725Z,buy,5.43e-06,3489.0,0.01894527
FIO/BTC,1623445588726,2021-06-11T21:06:28.726Z,buy,5.43e-06,495.0,0.00268785
FIO/BTC,1623445588726,2021-06-11T21:06:28.726Z,sell,5.39e-06,11126.0,0.059969140000000004
FIO/BTC,1623445588731,2021-06-11T21:06:28.731Z,buy,5.43e-06,4980.0,0.027041399999999997
FIO/BTC,1623445588732,2021-06-11T21:06:28.732Z,buy,5.43e-06,2020.0,0.010968599999999998
FIO/BTC,1623445588737,2021-06-11T21:06:28.737Z,sell,5.38e-06,109.0,0.00058642
FIO/BTC,1623445588739,2021-06-11T21:06:28.739Z,sell,5.38e-06,112.0,0.00060256
FIO/BTC,1623445588750,2021-06-11T21:06:28.750Z,sell,5.39e-06,73.0,0.00039347
FIO/BTC,1623445588766,2021-06-11T21:06:28.766Z,sell,5.39e-06,566.0,0.00305074
FIO/BTC,1623445588782,2021-06-11T21:06:28.782Z,sell,5.39e-06,130.0,0.0007007
FIO/BTC,1623445588782,2021-06-11T21:06:28.782Z,sell,5.38e-06,1809.0,0.00973242
FIO/BTC,1623445588785,2021-06-11T21:06:28.785Z,sell,5.38e-06,160.0,0.0008608
FIO/BTC,1623445588792,2021-06-11T21:06:28.792Z,sell,5.38e-06,139.0,0.0007478200000000001
FIO/BTC,1623445588809,2021-06-11T21:06:28.809Z,sell,5.39e-06,185.0,0.00099715
FIO/BTC,1623445588838,2021-06-11T21:06:28.838Z,sell,5.39e-06,1939.0,0.01045121
FIO/BTC,1623445588849,2021-06-11T21:06:28.849Z,sell,5.39e-06,557.0,0.00300223
FIO/BTC,1623445588854,2021-06-11T21:06:28.854Z,sell,5.38e-06,62.0,0.00033356
FIO/BTC,1623445588982,2021-06-11T21:06:28.982Z,buy,5.39e-06,1121.0,0.00604219
FIO/BTC,1623445588988,2021-06-11T21:06:28.988Z,buy,5.39e-06,1121.0,0.00604219
FIO/BTC,1623445588988,2021-06-11T21:06:28.988Z,buy,5.39e-06,1121.0,0.00604219
FIO/BTC,1623445588988,2021-06-11T21:06:28.988Z,buy,5.39e-06,1121.0,0.00604219
FIO/BTC,1623445588989,2021-06-11T21:06:28.989Z,buy,5.39e-06,1121.0,0.00604219
FIO/BTC,1623445588989,2021-06-11T21:06:28.989Z,buy,5.39e-06,1121.0,0.00604219
FIO/BTC,1623445588989,2021-06-11T21:06:28.989Z,buy,5.39e-06,1121.0,0.00604219
FIO/BTC,1623445588989,2021-06-11T21:06:28.989Z,buy,5.39e-06,1121.0,0.00604219
FIO/BTC,1623445588989,2021-06-11T21:06:28.989Z,buy,5.39e-06,1121.0,0.00604219
FIO/BTC,1623445588990,2021-06-11T21:06:28.990Z,buy,5.39e-06,1020.0,0.0054978
FIO/BTC,1623445588991,2021-06-11T21:06:28.991Z,buy,5.39e-06,512.0,0.00275968
FIO/BTC,1623445588993,2021-06-11T21:06:28.993Z,sell,5.38e-06,9360.0,0.0503568
FIO/BTC,1623445589056,2021-06-11T21:06:29.056Z,buy,5.42e-06,2473.0,0.01340366
FIO/BTC,1623445589135,2021-06-11T21:06:29.135Z,sell,5.39e-06,10500.0,0.056595
FIO/BTC,1623445589161,2021-06-11T21:06:29.161Z,buy,5.42e-06,502.0,0.00272084
FIO/BTC,1623445589329,2021-06-11T21:06:29.329Z,sell,5.38e-06,7955.0,0.0427979
FIO/BTC,1623445589379,2021-06-11T21:06:29.379Z,sell,5.38e-06,150.0,0.000807
FIO/BTC,1623445589526,2021-06-11T21:06:29.526Z,sell,5.38e-06,958.0,0.00515404
FIO/BTC,1623445589537,2021-06-11T21:06:29.537Z,sell,5.38e-06,1642.0,0.00883396
FIO/BTC,1623445589537,2021-06-11T21:06:29.537Z,sell,5.37e-06,4696.0,0.02521752
FIO/BTC,1623445589569,2021-06-11T21:06:29.569Z,buy,5.41e-06,1642.0,0.008883219999999999
FIO/BTC,1623445589652,2021-06-11T21:06:29.652Z,sell,5.38e-06,185.0,0.0009953
FIO/BTC,1623445589652,2021-06-11T21:06:29.652Z,buy,5.42e-06,700.0,0.0037939999999999996
FIO/BTC,1623445589704,2021-06-11T21:06:29.704Z,buy,5.42e-06,700.0,0.0037939999999999996
FIO/BTC,1623445589731,2021-06-11T21:06:29.731Z,sell,5.38e-06,142.0,0.00076396
FIO/BTC,1623445589756,2021-06-11T21:06:29.756Z,buy,5.42e-06,700.0,0.0037939999999999996
FIO/BTC,1623445589795,2021-06-11T21:06:29.795Z,buy,5.42e-06,523.0,0.0028346599999999997
FIO/BTC,1623445590032,2021-06-11T21:06:30.032Z,sell,5.38e-06,185.0,0.0009953
FIO/BTC,1623445590094,2021-06-11T21:06:30.094Z,buy,5.42e-06,224.0,0.00121408
FIO/BTC,1623445590105,2021-06-11T21:06:30.105Z,buy,5.42e-06,26.0,0.00014092
FIO/BTC,1623445590228,2021-06-11T21:06:30.228Z,sell,5.41e-06,1476.0,0.00798516
FIO/BTC,1623445590711,2021-06-11T21:06:30.711Z,sell,5.4e-06,185.0,0.0009989999999999999
FIO/BTC,1623445590729,2021-06-11T21:06:30.729Z,sell,5.4e-06,1386.0,0.0074843999999999996
FIO/BTC,1623445590846,2021-06-11T21:06:30.846Z,sell,5.41e-06,48.0,0.00025968
FIO/BTC,1623445591174,2021-06-11T21:06:31.174Z,sell,5.41e-06,1568.0,0.00848288
FIO/BTC,1623445591177,2021-06-11T21:06:31.177Z,sell,5.38e-06,185.0,0.0009953
FIO/BTC,1623445591591,2021-06-11T21:06:31.591Z,sell,5.39e-06,25.0,0.00013475
FIO/BTC,1623445591591,2021-06-11T21:06:31.591Z,sell,5.38e-06,1.0,5.38e-06
FIO/BTC,1623445592197,2021-06-11T21:06:32.197Z,sell,5.39e-06,24.0,0.00012936
FIO/BTC,1623445592218,2021-06-11T21:06:32.218Z,sell,5.39e-06,34.0,0.00018326
FIO/BTC,1623445592381,2021-06-11T21:06:32.381Z,sell,5.39e-06,24.0,0.00012936
FIO/BTC,1623445592381,2021-06-11T21:06:32.381Z,sell,5.38e-06,64.0,0.00034432
FIO/BTC,1623445592548,2021-06-11T21:06:32.548Z,sell,5.38e-06,34.0,0.00018292000000000002
FIO/BTC,1623445592695,2021-06-11T21:06:32.695Z,sell,5.38e-06,89.0,0.00047882
FIO/BTC,1623445592800,2021-06-11T21:06:32.800Z,sell,5.4e-06,198.0,0.0010692
FIO/BTC,1623445592805,2021-06-11T21:06:32.805Z,sell,5.4e-06,106.0,0.0005724
FIO/BTC,1623445593027,2021-06-11T21:06:33.027Z,sell,5.38e-06,50.0,0.00026900000000000003
FIO/BTC,1623445593115,2021-06-11T21:06:33.115Z,sell,5.38e-06,89.0,0.00047882
FIO/BTC,1623445593120,2021-06-11T21:06:33.120Z,sell,5.38e-06,42.0,0.00022596
FIO/BTC,1623445593169,2021-06-11T21:06:33.169Z,sell,5.38e-06,71.0,0.00038198
FIO/BTC,1623445593213,2021-06-11T21:06:33.213Z,sell,5.38e-06,34.0,0.00018292000000000002
FIO/BTC,1623445593396,2021-06-11T21:06:33.396Z,buy,5.41e-06,162.0,0.0008764199999999999
FIO/BTC,1623445593414,2021-06-11T21:06:33.414Z,sell,5.38e-06,50.0,0.00026900000000000003
FIO/BTC,1623445593462,2021-06-11T21:06:33.462Z,buy,5.41e-06,99.0,0.00053559
FIO/BTC,1623445593570,2021-06-11T21:06:33.570Z,sell,5.38e-06,34.0,0.00018292000000000002
FIO/BTC,1623445593583,2021-06-11T21:06:33.583Z,buy,5.41e-06,1473.0,0.007968929999999999
FIO/BTC,1623445593595,2021-06-11T21:06:33.595Z,sell,5.38e-06,71.0,0.00038198
FIO/BTC,1623445593599,2021-06-11T21:06:33.599Z,buy,5.39e-06,913.0,0.0049210700000000005
FIO/BTC,1623445593695,2021-06-11T21:06:33.695Z,sell,5.38e-06,90.0,0.0004842
FIO/BTC,1623445593816,2021-06-11T21:06:33.816Z,sell,5.38e-06,72.0,0.00038736
FIO/BTC,1623445593822,2021-06-11T21:06:33.822Z,sell,5.38e-06,51.0,0.00027438
FIO/BTC,1623445593862,2021-06-11T21:06:33.862Z,sell,5.38e-06,37.0,0.00019906
FIO/BTC,1623445593883,2021-06-11T21:06:33.883Z,buy,5.41e-06,297.0,0.00160677
FIO/BTC,1623445593897,2021-06-11T21:06:33.897Z,buy,5.41e-06,700.0,0.003787
FIO/BTC,1623445594100,2021-06-11T21:06:34.100Z,buy,5.41e-06,232.0,0.00125512
FIO/BTC,1623445594356,2021-06-11T21:06:34.356Z,sell,5.39e-06,35.0,0.00018865
FIO/BTC,1623445594356,2021-06-11T21:06:34.356Z,sell,5.38e-06,37.0,0.00019906
FIO/BTC,1623445594509,2021-06-11T21:06:34.509Z,sell,5.38e-06,37.0,0.00019906
FIO/BTC,1623445594550,2021-06-11T21:06:34.550Z,buy,5.4e-06,93.0,0.0005022
FIO/BTC,1623445594835,2021-06-11T21:06:34.835Z,sell,5.38e-06,38.0,0.00020444000000000001
FIO/BTC,1623445594928,2021-06-11T21:06:34.928Z,buy,5.41e-06,298.0,0.00161218
FIO/BTC,1623445594946,2021-06-11T21:06:34.946Z,buy,5.41e-06,99.0,0.00053559
FIO/BTC,1623445595233,2021-06-11T21:06:35.233Z,buy,5.41e-06,4800.0,0.025967999999999998
FIO/BTC,1623445595258,2021-06-11T21:06:35.258Z,sell,5.38e-06,38.0,0.00020444000000000001
FIO/BTC,1623445595789,2021-06-11T21:06:35.789Z,sell,5.38e-06,38.0,0.00020444000000000001
FIO/BTC,1623445607014,2021-06-11T21:06:47.014Z,buy,5.4e-06,744.0,0.0040176
FIO/BTC,1623445607017,2021-06-11T21:06:47.017Z,buy,5.4e-06,744.0,0.0040176
FIO/BTC,1623445607017,2021-06-11T21:06:47.017Z,buy,5.4e-06,744.0,0.0040176
FIO/BTC,1623445607018,2021-06-11T21:06:47.018Z,buy,5.4e-06,744.0,0.0040176
FIO/BTC,1623445607018,2021-06-11T21:06:47.018Z,buy,5.4e-06,707.0,0.0038178
FIO/BTC,1623445607018,2021-06-11T21:06:47.018Z,buy,5.4e-06,298.0,0.0016092
FIO/BTC,1623445607018,2021-06-11T21:06:47.018Z,buy,5.4e-06,744.0,0.0040176
FIO/BTC,1623445607019,2021-06-11T21:06:47.019Z,buy,5.4e-06,744.0,0.0040176
FIO/BTC,1623445607024,2021-06-11T21:06:47.024Z,buy,5.4e-06,5775.0,0.031185
FIO/BTC,1623445607139,2021-06-11T21:06:47.139Z,buy,5.42e-06,4890.0,0.026503799999999997
FIO/BTC,1623445607139,2021-06-11T21:06:47.139Z,buy,5.43e-06,1318.0,0.00715674
FIO/BTC,1623445609072,2021-06-11T21:06:49.072Z,buy,5.43e-06,26.0,0.00014118
FIO/BTC,1623445609618,2021-06-11T21:06:49.618Z,sell,5.42e-06,129.0,0.00069918
FIO/BTC,1623445613359,2021-06-11T21:06:53.359Z,sell,5.42e-06,1312.0,0.00711104
FIO/BTC,1623445613376,2021-06-11T21:06:53.376Z,sell,5.42e-06,1869.0,0.01012998
FIO/BTC,1623445624756,2021-06-11T21:07:04.756Z,sell,5.43e-06,327.0,0.00177561
FIO/BTC,1623445624818,2021-06-11T21:07:04.818Z,buy,5.44e-06,26.0,0.00014144
FIO/BTC,1623445627789,2021-06-11T21:07:07.789Z,buy,5.44e-06,26.0,0.00014144
FIO/BTC,1623445632472,2021-06-11T21:07:12.472Z,buy,5.44e-06,438.0,0.0023827199999999996
FIO/BTC,1623445649824,2021-06-11T21:07:29.824Z,sell,5.43e-06,2131.0,0.01157133
FIO/BTC,1623445651805,2021-06-11T21:07:31.805Z,sell,5.43e-06,2183.0,0.01185369
FIO/BTC,1623445653805,2021-06-11T21:07:33.805Z,sell,5.43e-06,2045.0,0.011104349999999999
FIO/BTC,1623445655803,2021-06-11T21:07:35.803Z,sell,5.43e-06,1263.0,0.00685809
FIO/BTC,1623445670912,2021-06-11T21:07:50.912Z,sell,5.43e-06,152.0,0.0008253599999999999
FIO/BTC,1623445679386,2021-06-11T21:07:59.386Z,sell,5.43e-06,1010.0,0.005484299999999999
FIO/BTC,1623445685921,2021-06-11T21:08:05.921Z,sell,5.43e-06,158.0,0.00085794
FIO/BTC,1623445686838,2021-06-11T21:08:06.838Z,buy,5.42e-06,1855.0,0.0100541
FIO/BTC,1623445686845,2021-06-11T21:08:06.845Z,buy,5.42e-06,1855.0,0.0100541
FIO/BTC,1623445686845,2021-06-11T21:08:06.845Z,buy,5.42e-06,326.0,0.00176692
FIO/BTC,1623445686845,2021-06-11T21:08:06.845Z,buy,5.42e-06,1855.0,0.0100541
FIO/BTC,1623445686847,2021-06-11T21:08:06.847Z,buy,5.42e-06,1763.0,0.00955546
FIO/BTC,1623445686852,2021-06-11T21:08:06.852Z,buy,5.42e-06,5201.0,0.02818942
FIO/BTC,1623445691896,2021-06-11T21:08:11.896Z,sell,5.42e-06,200.0,0.001084
FIO/BTC,1623445706068,2021-06-11T21:08:26.068Z,sell,5.42e-06,465.0,0.0025203
FIO/BTC,1623445708069,2021-06-11T21:08:28.069Z,sell,5.42e-06,267.0,0.00144714
FIO/BTC,1623445710074,2021-06-11T21:08:30.074Z,sell,5.42e-06,246.0,0.00133332
FIO/BTC,1623445712088,2021-06-11T21:08:32.088Z,sell,5.42e-06,68.0,0.00036856
FIO/BTC,1623445716085,2021-06-11T21:08:36.085Z,sell,5.42e-06,139.0,0.00075338
FIO/BTC,1623445720106,2021-06-11T21:08:40.106Z,sell,5.42e-06,68.0,0.00036856
FIO/BTC,1623445724117,2021-06-11T21:08:44.117Z,sell,5.42e-06,291.0,0.0015772199999999998
FIO/BTC,1623445724413,2021-06-11T21:08:44.413Z,buy,5.44e-06,99.0,0.00053856
FIO/BTC,1623445728129,2021-06-11T21:08:48.129Z,sell,5.42e-06,120.0,0.0006504
FIO/BTC,1623445732126,2021-06-11T21:08:52.126Z,sell,5.42e-06,208.0,0.00112736
FIO/BTC,1623445736146,2021-06-11T21:08:56.146Z,sell,5.42e-06,234.0,0.0012682799999999999
FIO/BTC,1623445740145,2021-06-11T21:09:00.145Z,sell,5.42e-06,67.0,0.00036313999999999997
FIO/BTC,1623445744153,2021-06-11T21:09:04.153Z,sell,5.42e-06,381.0,0.00206502
FIO/BTC,1623445748599,2021-06-11T21:09:08.599Z,sell,5.42e-06,67.0,0.00036313999999999997
FIO/BTC,1623445752171,2021-06-11T21:09:12.171Z,sell,5.42e-06,206.0,0.00111652
FIO/BTC,1623445756176,2021-06-11T21:09:16.176Z,sell,5.42e-06,67.0,0.00036313999999999997
FIO/BTC,1623445760176,2021-06-11T21:09:20.176Z,sell,5.42e-06,207.0,0.0011219399999999999
FIO/BTC,1623445764205,2021-06-11T21:09:24.205Z,sell,5.42e-06,94.0,0.00050948
FIO/BTC,1623445768207,2021-06-11T21:09:28.207Z,sell,5.42e-06,77.0,0.00041734
FIO/BTC,1623445772208,2021-06-11T21:09:32.208Z,sell,5.42e-06,122.0,0.00066124
FIO/BTC,1623445776234,2021-06-11T21:09:36.234Z,sell,5.42e-06,492.0,0.00266664
FIO/BTC,1623445780228,2021-06-11T21:09:40.228Z,sell,5.42e-06,176.0,0.0009539199999999999
FIO/BTC,1623445784233,2021-06-11T21:09:44.233Z,sell,5.42e-06,191.0,0.0010352199999999999
FIO/BTC,1623445789876,2021-06-11T21:09:49.876Z,buy,5.43e-06,5862.0,0.03183066
FIO/BTC,1623445789883,2021-06-11T21:09:49.883Z,buy,5.43e-06,5394.0,0.029289419999999997
FIO/BTC,1623445797423,2021-06-11T21:09:57.423Z,sell,5.43e-06,40.0,0.0002172
FIO/BTC,1623445797423,2021-06-11T21:09:57.423Z,sell,5.43e-06,767.0,0.00416481
FIO/BTC,1623445824446,2021-06-11T21:10:24.446Z,sell,5.43e-06,209.0,0.0011348699999999998
FIO/BTC,1623445881614,2021-06-11T21:11:21.614Z,sell,5.43e-06,10655.0,0.057856649999999996
FIO/BTC,1623445881737,2021-06-11T21:11:21.737Z,sell,5.42e-06,2457.0,0.01331694
FIO/BTC,1623445883873,2021-06-11T21:11:23.873Z,buy,5.43e-06,1128.0,0.00612504
FIO/BTC,1623445883874,2021-06-11T21:11:23.874Z,sell,5.42e-06,1940.0,0.0105148
FIO/BTC,1623445883874,2021-06-11T21:11:23.874Z,sell,5.42e-06,1944.0,0.010536479999999999
FIO/BTC,1623445883874,2021-06-11T21:11:23.874Z,sell,5.42e-06,4706.0,0.025506519999999998
FIO/BTC,1623445887104,2021-06-11T21:11:27.104Z,sell,5.42e-06,98.0,0.00053116
FIO/BTC,1623445887112,2021-06-11T21:11:27.112Z,sell,5.42e-06,9552.0,0.05177184
FIO/BTC,1623445887114,2021-06-11T21:11:27.114Z,sell,5.42e-06,1350.0,0.007317
FIO/BTC,1623445888264,2021-06-11T21:11:28.264Z,sell,5.41e-06,7215.0,0.039033149999999996
FIO/BTC,1623445888271,2021-06-11T21:11:28.271Z,sell,5.41e-06,4590.0,0.0248319
FIO/BTC,1623445888541,2021-06-11T21:11:28.541Z,buy,5.4e-06,655.0,0.0035369999999999998
FIO/BTC,1623445888542,2021-06-11T21:11:28.542Z,buy,5.4e-06,35.0,0.00018899999999999999
FIO/BTC,1623445888607,2021-06-11T21:11:28.607Z,buy,5.4e-06,327.0,0.0017658
FIO/BTC,1623445889606,2021-06-11T21:11:29.606Z,buy,5.4e-06,589.0,0.0031806
FIO/BTC,1623445890107,2021-06-11T21:11:30.107Z,sell,5.39e-06,5037.0,0.02714943
FIO/BTC,1623445890502,2021-06-11T21:11:30.502Z,sell,5.39e-06,7343.0,0.03957877
FIO/BTC,1623445890502,2021-06-11T21:11:30.502Z,sell,5.38e-06,777.0,0.00418026
FIO/BTC,1623445890502,2021-06-11T21:11:30.502Z,sell,5.37e-06,1399.0,0.00751263
FIO/BTC,1623445902096,2021-06-11T21:11:42.096Z,buy,5.4e-06,700.0,0.00378
FIO/BTC,1623445902096,2021-06-11T21:11:42.096Z,buy,5.4e-06,1769.0,0.0095526
FIO/BTC,1623445902162,2021-06-11T21:11:42.162Z,buy,5.4e-06,5910.0,0.031914
FIO/BTC,1623445902164,2021-06-11T21:11:42.164Z,buy,5.4e-06,1769.0,0.0095526
FIO/BTC,1623445902169,2021-06-11T21:11:42.169Z,buy,5.4e-06,5716.0,0.0308664
FIO/BTC,1623445904209,2021-06-11T21:11:44.209Z,buy,5.41e-06,399.0,0.00215859
FIO/BTC,1623445909803,2021-06-11T21:11:49.803Z,buy,5.41e-06,10601.0,0.05735141
FIO/BTC,1623445909804,2021-06-11T21:11:49.804Z,buy,5.42e-06,2437.0,0.01320854
FIO/BTC,1623445925540,2021-06-11T21:12:05.540Z,sell,5.41e-06,200.0,0.001082
FIO/BTC,1623445934726,2021-06-11T21:12:14.726Z,buy,5.42e-06,7.0,3.794e-05
FIO/BTC,1623445934726,2021-06-11T21:12:14.726Z,buy,5.42e-06,1843.0,0.00998906
FIO/BTC,1623445945110,2021-06-11T21:12:25.110Z,sell,5.41e-06,277.0,0.00149857
FIO/BTC,1623445945254,2021-06-11T21:12:25.254Z,sell,5.41e-06,277.0,0.00149857
FIO/BTC,1623445946049,2021-06-11T21:12:26.049Z,sell,5.41e-06,107.0,0.00057887
FIO/BTC,1623446057408,2021-06-11T21:14:17.408Z,buy,5.42e-06,93.0,0.00050406
FIO/BTC,1623446057417,2021-06-11T21:14:17.417Z,buy,5.42e-06,9205.0,0.0498911
FIO/BTC,1623446057553,2021-06-11T21:14:17.553Z,buy,5.42e-06,690.0,0.0037397999999999997
FIO/BTC,1623446057757,2021-06-11T21:14:17.757Z,buy,5.42e-06,690.0,0.0037397999999999997
FIO/BTC,1623446057777,2021-06-11T21:14:17.777Z,sell,5.42e-06,690.0,0.0037397999999999997
FIO/BTC,1623446057788,2021-06-11T21:14:17.788Z,sell,5.42e-06,464.0,0.0025148799999999997
FIO/BTC,1623446058157,2021-06-11T21:14:18.157Z,buy,5.43e-06,2127.0,0.01154961
FIO/BTC,1623446058354,2021-06-11T21:14:18.354Z,buy,5.43e-06,638.0,0.0034643399999999998
FIO/BTC,1623446058556,2021-06-11T21:14:18.556Z,buy,5.43e-06,191.0,0.00103713
FIO/BTC,1623446060897,2021-06-11T21:14:20.897Z,sell,5.42e-06,11265.0,0.0610563
FIO/BTC,1623446060899,2021-06-11T21:14:20.899Z,sell,5.42e-06,630.0,0.0034146
FIO/BTC,1623446115520,2021-06-11T21:15:15.520Z,buy,5.42e-06,201.0,0.00108942
FIO/BTC,1623446127785,2021-06-11T21:15:27.785Z,sell,5.41e-06,646.0,0.00349486
FIO/BTC,1623446131107,2021-06-11T21:15:31.107Z,buy,5.41e-06,690.0,0.0037329
FIO/BTC,1623446131115,2021-06-11T21:15:31.115Z,buy,5.41e-06,67.0,0.00036247
FIO/BTC,1623446173260,2021-06-11T21:16:13.260Z,sell,5.41e-06,269.0,0.00145529
FIO/BTC,1623446182135,2021-06-11T21:16:22.135Z,sell,5.41e-06,172.0,0.00093052
FIO/BTC,1623446182246,2021-06-11T21:16:22.246Z,sell,5.41e-06,1014.0,0.00548574
FIO/BTC,1623446225943,2021-06-11T21:17:05.943Z,buy,5.41e-06,18.0,9.737999999999999e-05
FIO/BTC,1623446226933,2021-06-11T21:17:06.933Z,buy,5.41e-06,76.0,0.00041116
FIO/BTC,1623446230290,2021-06-11T21:17:10.290Z,buy,5.42e-06,1660.0,0.0089972
FIO/BTC,1623446313099,2021-06-11T21:18:33.099Z,buy,5.41e-06,85.0,0.00045985
FIO/BTC,1623446316241,2021-06-11T21:18:36.241Z,buy,5.41e-06,222.0,0.00120102
FIO/BTC,1623446319829,2021-06-11T21:18:39.829Z,buy,5.41e-06,383.0,0.00207203
FIO/BTC,1623446382650,2021-06-11T21:19:42.650Z,buy,5.41e-06,690.0,0.0037329
