symbol,timestamp,datetime,side,price,amount,btc_volume
GRS/BTC,1585670627243,2020-03-31T16:03:47.243Z,sell,2.32e-05,75.0,0.00174
GRS/BTC,1585670817369,2020-03-31T16:06:57.369Z,buy,2.331e-05,405.0,0.009440549999999999
GRS/BTC,1585670818322,2020-03-31T16:06:58.322Z,buy,2.331e-05,239.0,0.00557109
GRS/BTC,1585671038595,2020-03-31T16:10:38.595Z,buy,2.331e-05,9.0,0.00020978999999999998
GRS/BTC,1585671038595,2020-03-31T16:10:38.595Z,buy,2.332e-05,6.0,0.00013992
GRS/BTC,1585671038595,2020-03-31T16:10:38.595Z,buy,2.334e-05,11.0,0.00025674
GRS/BTC,1585671634313,2020-03-31T16:20:34.313Z,sell,2.326e-05,6.0,0.00013956
GRS/BTC,1585671655157,2020-03-31T16:20:55.157Z,buy,2.327e-05,7.0,0.00016289
GRS/BTC,1585671655157,2020-03-31T16:20:55.157Z,buy,2.328e-05,634.0,0.01475952
GRS/BTC,1585671656538,2020-03-31T16:20:56.538Z,buy,2.334e-05,61.0,0.00142374
GRS/BTC,1585672290012,2020-03-31T16:31:30.012Z,sell,2.331e-05,475.0,0.011072249999999999
GRS/BTC,1585672290012,2020-03-31T16:31:30.012Z,sell,2.325e-05,1393.0,0.03238725
GRS/BTC,1585672290012,2020-03-31T16:31:30.012Z,sell,2.324e-05,1004.0,0.02333296
GRS/BTC,1585672290012,2020-03-31T16:31:30.012Z,sell,2.322e-05,3218.0,0.07472196
GRS/BTC,1585672290012,2020-03-31T16:31:30.012Z,sell,2.32e-05,6.0,0.00013920000000000002
GRS/BTC,1585672290012,2020-03-31T16:31:30.012Z,sell,2.319e-05,1280.0,0.0296832
GRS/BTC,1585672290012,2020-03-31T16:31:30.012Z,sell,2.318e-05,2267.0,0.05254906
GRS/BTC,1585672290012,2020-03-31T16:31:30.012Z,sell,2.317e-05,4290.0,0.0993993
GRS/BTC,1585672290012,2020-03-31T16:31:30.012Z,sell,2.316e-05,3044.0,0.07049904
GRS/BTC,1585672465542,2020-03-31T16:34:25.542Z,buy,2.332e-05,168.0,0.00391776
GRS/BTC,1585672520935,2020-03-31T16:35:20.935Z,buy,2.332e-05,2.0,4.664e-05
GRS/BTC,1585672812340,2020-03-31T16:40:12.340Z,buy,2.332e-05,2.0,4.664e-05
GRS/BTC,1585672976835,2020-03-31T16:42:56.835Z,buy,2.332e-05,2.0,4.664e-05
GRS/BTC,1585673038654,2020-03-31T16:43:58.654Z,buy,2.33e-05,2.0,4.66e-05
GRS/BTC,1585673071191,2020-03-31T16:44:31.191Z,buy,2.329e-05,2.0,4.658e-05
GRS/BTC,1585673108944,2020-03-31T16:45:08.944Z,buy,2.329e-05,5.0,0.00011645
GRS/BTC,1585673294838,2020-03-31T16:48:14.838Z,buy,2.328e-05,2.0,4.656e-05
GRS/BTC,1585673329904,2020-03-31T16:48:49.904Z,buy,2.326e-05,636.0,0.01479336
GRS/BTC,1585673417256,2020-03-31T16:50:17.256Z,buy,2.332e-05,2.0,4.664e-05
GRS/BTC,1585673655446,2020-03-31T16:54:15.446Z,buy,2.329e-05,2.0,4.658e-05
GRS/BTC,1585673694562,2020-03-31T16:54:54.562Z,buy,2.327e-05,2.0,4.654e-05
GRS/BTC,1585673703450,2020-03-31T16:55:03.450Z,buy,2.327e-05,2.0,4.654e-05
GRS/BTC,1585673732375,2020-03-31T16:55:32.375Z,buy,2.327e-05,2.0,4.654e-05
GRS/BTC,1585673732429,2020-03-31T16:55:32.429Z,buy,2.328e-05,470.0,0.010941600000000001
GRS/BTC,1585673848712,2020-03-31T16:57:28.712Z,sell,2.325e-05,10.0,0.00023249999999999999
GRS/BTC,1585673848712,2020-03-31T16:57:28.712Z,sell,2.324e-05,141.0,0.00327684
GRS/BTC,1585673848712,2020-03-31T16:57:28.712Z,sell,2.325e-05,10.0,0.00023249999999999999
GRS/BTC,1585673848712,2020-03-31T16:57:28.712Z,sell,2.324e-05,141.0,0.00327684
GRS/BTC,1585674428231,2020-03-31T17:07:08.231Z,sell,2.327e-05,6.0,0.00013962
GRS/BTC,1585674428231,2020-03-31T17:07:08.231Z,sell,2.326e-05,1289.0,0.02998214
GRS/BTC,1585674428231,2020-03-31T17:07:08.231Z,sell,2.323e-05,1772.0,0.04116356
GRS/BTC,1585674428231,2020-03-31T17:07:08.231Z,sell,2.322e-05,1777.0,0.041261940000000004
GRS/BTC,1585674517841,2020-03-31T17:08:37.841Z,buy,2.34e-05,2.0,4.68e-05
GRS/BTC,1585675241380,2020-03-31T17:20:41.380Z,buy,2.333e-05,6.0,0.00013998
GRS/BTC,1585675241380,2020-03-31T17:20:41.380Z,buy,2.339e-05,18.0,0.00042102000000000003
GRS/BTC,1585676101139,2020-03-31T17:35:01.139Z,sell,2.339e-05,43.0,0.00100577
GRS/BTC,1585676148911,2020-03-31T17:35:48.911Z,sell,2.339e-05,88.0,0.00205832
GRS/BTC,1585676148911,2020-03-31T17:35:48.911Z,sell,2.339e-05,88.0,0.00205832
GRS/BTC,1585677494477,2020-03-31T17:58:14.477Z,buy,2.338e-05,9.0,0.00021042
GRS/BTC,1585677533197,2020-03-31T17:58:53.197Z,sell,2.334e-05,26.0,0.00060684
GRS/BTC,1585677749028,2020-03-31T18:02:29.028Z,sell,2.332e-05,1005.0,0.023436600000000002
GRS/BTC,1585677749028,2020-03-31T18:02:29.028Z,sell,2.33e-05,5.0,0.0001165
GRS/BTC,1585677749028,2020-03-31T18:02:29.028Z,sell,2.329e-05,1007.0,0.02345303
GRS/BTC,1585677749028,2020-03-31T18:02:29.028Z,sell,2.327e-05,9.0,0.00020942999999999998
GRS/BTC,1585677749028,2020-03-31T18:02:29.028Z,sell,2.326e-05,10.0,0.00023260000000000002
GRS/BTC,1585677749028,2020-03-31T18:02:29.028Z,sell,2.325e-05,132.0,0.003069
GRS/BTC,1585677749028,2020-03-31T18:02:29.028Z,sell,2.32e-05,1178.0,0.027329600000000003
GRS/BTC,1585677749028,2020-03-31T18:02:29.028Z,sell,2.319e-05,1074.0,0.02490606
GRS/BTC,1585677749028,2020-03-31T18:02:29.028Z,sell,2.318e-05,9.0,0.00020862000000000002
GRS/BTC,1585677749028,2020-03-31T18:02:29.028Z,sell,2.317e-05,228.0,0.00528276
GRS/BTC,1585677749028,2020-03-31T18:02:29.028Z,sell,2.316e-05,24.0,0.0005558399999999999
GRS/BTC,1585677749028,2020-03-31T18:02:29.028Z,sell,2.315e-05,13000.0,0.30095
GRS/BTC,1585677749028,2020-03-31T18:02:29.028Z,sell,2.31e-05,10.0,0.00023099999999999998
GRS/BTC,1585677749038,2020-03-31T18:02:29.038Z,buy,2.31e-05,2119.0,0.0489489
GRS/BTC,1585677749348,2020-03-31T18:02:29.348Z,sell,2.321e-05,1140.0,0.0264594
GRS/BTC,1585677750053,2020-03-31T18:02:30.053Z,sell,2.321e-05,214.0,0.0049669399999999995
GRS/BTC,1585677750074,2020-03-31T18:02:30.074Z,sell,2.321e-05,1542.0,0.03578982
GRS/BTC,1585677750074,2020-03-31T18:02:30.074Z,sell,2.32e-05,1088.0,0.025241600000000003
GRS/BTC,1585677750825,2020-03-31T18:02:30.825Z,sell,2.317e-05,43.0,0.00099631
GRS/BTC,1585677750825,2020-03-31T18:02:30.825Z,sell,2.315e-05,1357.0,0.03141455
GRS/BTC,1585677750825,2020-03-31T18:02:30.825Z,sell,2.314e-05,490.0,0.011338599999999999
GRS/BTC,1585677768747,2020-03-31T18:02:48.747Z,buy,2.332e-05,2.0,4.664e-05
GRS/BTC,1585678007981,2020-03-31T18:06:47.981Z,buy,2.329e-05,64.0,0.00149056
GRS/BTC,1585678007981,2020-03-31T18:06:47.981Z,buy,2.332e-05,4.0,9.328e-05
GRS/BTC,1585678007981,2020-03-31T18:06:47.981Z,buy,2.334e-05,64.0,0.00149376
GRS/BTC,1585678018678,2020-03-31T18:06:58.678Z,buy,2.33e-05,2.0,4.66e-05
GRS/BTC,1585678061828,2020-03-31T18:07:41.828Z,sell,2.32e-05,6.0,0.00013920000000000002
GRS/BTC,1585678085963,2020-03-31T18:08:05.963Z,sell,2.317e-05,802.0,0.01858234
GRS/BTC,1585678085963,2020-03-31T18:08:05.963Z,sell,2.313e-05,1898.0,0.04390074
GRS/BTC,1585678090034,2020-03-31T18:08:10.034Z,sell,2.313e-05,4277.0,0.09892701
GRS/BTC,1585678161183,2020-03-31T18:09:21.183Z,sell,2.314e-05,10.0,0.0002314
GRS/BTC,1585678212531,2020-03-31T18:10:12.531Z,buy,2.315e-05,8.0,0.0001852
GRS/BTC,1585678219133,2020-03-31T18:10:19.133Z,buy,2.321e-05,646.0,0.01499366
GRS/BTC,1585678520825,2020-03-31T18:15:20.825Z,buy,2.321e-05,200.0,0.004642
GRS/BTC,1585678520930,2020-03-31T18:15:20.930Z,buy,2.321e-05,431.0,0.01000351
GRS/BTC,1585678676861,2020-03-31T18:17:56.861Z,buy,2.325e-05,23.0,0.00053475
GRS/BTC,1585678842822,2020-03-31T18:20:42.822Z,buy,2.326e-05,4250.0,0.098855
GRS/BTC,1585678842822,2020-03-31T18:20:42.822Z,buy,2.327e-05,4051.0,0.09426677
GRS/BTC,1585678842822,2020-03-31T18:20:42.822Z,buy,2.328e-05,15.0,0.00034920000000000003
GRS/BTC,1585678842822,2020-03-31T18:20:42.822Z,buy,2.329e-05,278.0,0.0064746199999999995
GRS/BTC,1585678968260,2020-03-31T18:22:48.260Z,buy,2.33e-05,2.0,4.66e-05
GRS/BTC,1585679747853,2020-03-31T18:35:47.853Z,buy,2.328e-05,5.0,0.00011640000000000001
GRS/BTC,1585679747853,2020-03-31T18:35:47.853Z,buy,2.328e-05,5.0,0.00011640000000000001
GRS/BTC,1585679839180,2020-03-31T18:37:19.180Z,buy,2.327e-05,9.0,0.00020942999999999998
GRS/BTC,1585679839180,2020-03-31T18:37:19.180Z,buy,2.328e-05,1.0,2.328e-05
GRS/BTC,1585679839180,2020-03-31T18:37:19.180Z,buy,2.33e-05,16.0,0.0003728
GRS/BTC,1585679839180,2020-03-31T18:37:19.180Z,buy,2.331e-05,8.0,0.00018648
GRS/BTC,1585679839180,2020-03-31T18:37:19.180Z,buy,2.332e-05,363.0,0.00846516
GRS/BTC,1585679839180,2020-03-31T18:37:19.180Z,buy,2.336e-05,585.0,0.0136656
GRS/BTC,1585679839180,2020-03-31T18:37:19.180Z,buy,2.337e-05,812.0,0.01897644
GRS/BTC,1585679839180,2020-03-31T18:37:19.180Z,buy,2.34e-05,5.0,0.000117
GRS/BTC,1585679839180,2020-03-31T18:37:19.180Z,buy,2.343e-05,1125.0,0.02635875
GRS/BTC,1585679839180,2020-03-31T18:37:19.180Z,buy,2.345e-05,1404.0,0.0329238
GRS/BTC,1585679839180,2020-03-31T18:37:19.180Z,buy,2.346e-05,1101.0,0.02582946
GRS/BTC,1585679839180,2020-03-31T18:37:19.180Z,buy,2.347e-05,6861.0,0.16102767
GRS/BTC,1585679850431,2020-03-31T18:37:30.431Z,buy,2.34e-05,13.0,0.0003042
GRS/BTC,1585680414557,2020-03-31T18:46:54.557Z,buy,2.34e-05,5.0,0.000117
GRS/BTC,1585680414557,2020-03-31T18:46:54.557Z,buy,2.343e-05,225.0,0.00527175
GRS/BTC,1585680414557,2020-03-31T18:46:54.557Z,buy,2.347e-05,97.0,0.00227659
GRS/BTC,1585680414557,2020-03-31T18:46:54.557Z,buy,2.348e-05,102.0,0.00239496
GRS/BTC,1585680414557,2020-03-31T18:46:54.557Z,buy,2.349e-05,420.0,0.009865800000000001
GRS/BTC,1585680414557,2020-03-31T18:46:54.557Z,buy,2.35e-05,143.0,0.0033604999999999998
GRS/BTC,1585680414557,2020-03-31T18:46:54.557Z,buy,2.351e-05,1146.0,0.02694246
GRS/BTC,1585680414557,2020-03-31T18:46:54.557Z,buy,2.353e-05,333.0,0.00783549
GRS/BTC,1585680417644,2020-03-31T18:46:57.644Z,buy,2.352e-05,24.0,0.00056448
GRS/BTC,1585680728164,2020-03-31T18:52:08.164Z,sell,2.338e-05,50.0,0.001169
GRS/BTC,1585680993532,2020-03-31T18:56:33.532Z,sell,2.338e-05,26.0,0.00060788
GRS/BTC,1585681048858,2020-03-31T18:57:28.858Z,sell,2.333e-05,18.0,0.00041994
GRS/BTC,1585681048858,2020-03-31T18:57:28.858Z,sell,2.332e-05,6.0,0.00013992
GRS/BTC,1585681049040,2020-03-31T18:57:29.040Z,buy,2.331e-05,124.0,0.0028904399999999998
GRS/BTC,1585681143536,2020-03-31T18:59:03.536Z,buy,2.343e-05,6.0,0.00014058
GRS/BTC,1585681143536,2020-03-31T18:59:03.536Z,buy,2.35e-05,93.0,0.0021855
GRS/BTC,1585681143536,2020-03-31T18:59:03.536Z,buy,2.355e-05,451.0,0.01062105
GRS/BTC,1585681143536,2020-03-31T18:59:03.536Z,buy,2.356e-05,894.0,0.02106264
GRS/BTC,1585681253281,2020-03-31T19:00:53.281Z,sell,2.343e-05,6.0,0.00014058
GRS/BTC,1585681253281,2020-03-31T19:00:53.281Z,sell,2.34e-05,272.0,0.0063648
GRS/BTC,1585681265787,2020-03-31T19:01:05.787Z,sell,2.34e-05,251.0,0.0058734
GRS/BTC,1585681344172,2020-03-31T19:02:24.172Z,sell,2.333e-05,411.0,0.009588629999999999
GRS/BTC,1585681349134,2020-03-31T19:02:29.134Z,sell,2.338e-05,86.0,0.00201068
GRS/BTC,1585681776368,2020-03-31T19:09:36.368Z,sell,2.339e-05,9.0,0.00021051000000000002
GRS/BTC,1585681789055,2020-03-31T19:09:49.055Z,sell,2.338e-05,18.0,0.00042084
GRS/BTC,1585681855099,2020-03-31T19:10:55.099Z,sell,2.338e-05,150.0,0.003507
GRS/BTC,1585682815830,2020-03-31T19:26:55.830Z,buy,2.336e-05,226.0,0.00527936
GRS/BTC,1585682815843,2020-03-31T19:26:55.843Z,buy,2.336e-05,158.0,0.00369088
GRS/BTC,1585682840589,2020-03-31T19:27:20.589Z,buy,2.334e-05,27.0,0.00063018
GRS/BTC,1585683186965,2020-03-31T19:33:06.965Z,sell,2.337e-05,258.0,0.00602946
GRS/BTC,1585683288219,2020-03-31T19:34:48.219Z,sell,2.336e-05,1284.0,0.02999424
GRS/BTC,1585683288219,2020-03-31T19:34:48.219Z,sell,2.336e-05,1284.0,0.02999424
GRS/BTC,1585683396965,2020-03-31T19:36:36.965Z,buy,2.339e-05,105.0,0.00245595
GRS/BTC,1585683671852,2020-03-31T19:41:11.852Z,buy,2.339e-05,43.0,0.00100577
GRS/BTC,1585683733104,2020-03-31T19:42:13.104Z,sell,2.333e-05,9.0,0.00020997
GRS/BTC,1585683733104,2020-03-31T19:42:13.104Z,sell,2.332e-05,6.0,0.00013992
GRS/BTC,1585684236036,2020-03-31T19:50:36.036Z,buy,2.331e-05,24.0,0.00055944
GRS/BTC,1585684821102,2020-03-31T20:00:21.102Z,sell,2.333e-05,10.0,0.00023329999999999998
GRS/BTC,1585684860427,2020-03-31T20:01:00.427Z,buy,2.336e-05,7.0,0.00016352
GRS/BTC,1585684860427,2020-03-31T20:01:00.427Z,buy,2.337e-05,9.0,0.00021033
GRS/BTC,1585684860427,2020-03-31T20:01:00.427Z,buy,2.339e-05,7.0,0.00016373
GRS/BTC,1585685004208,2020-03-31T20:03:24.208Z,sell,2.333e-05,429.0,0.01000857
GRS/BTC,1585685008118,2020-03-31T20:03:28.118Z,sell,2.333e-05,429.0,0.01000857
GRS/BTC,1585685009929,2020-03-31T20:03:29.929Z,sell,2.333e-05,243.0,0.005669189999999999
GRS/BTC,1585685122284,2020-03-31T20:05:22.284Z,sell,2.333e-05,174.0,0.004059419999999999
GRS/BTC,1585685209186,2020-03-31T20:06:49.186Z,sell,2.332e-05,9.0,0.00020988000000000002
GRS/BTC,1585685209186,2020-03-31T20:06:49.186Z,sell,2.33e-05,24.0,0.0005592
GRS/BTC,1585685209186,2020-03-31T20:06:49.186Z,sell,2.327e-05,245.0,0.0057011499999999994
GRS/BTC,1585685209220,2020-03-31T20:06:49.220Z,buy,2.328e-05,50.0,0.001164
GRS/BTC,1585685241543,2020-03-31T20:07:21.543Z,buy,2.338e-05,80.0,0.0018704
GRS/BTC,1585685242782,2020-03-31T20:07:22.782Z,buy,2.339e-05,156.0,0.0036488400000000004
GRS/BTC,1585685295166,2020-03-31T20:08:15.166Z,sell,2.329e-05,215.0,0.00500735
GRS/BTC,1585685298245,2020-03-31T20:08:18.245Z,sell,2.329e-05,110.0,0.0025618999999999998
GRS/BTC,1585685298263,2020-03-31T20:08:18.263Z,buy,2.329e-05,319.0,0.007429509999999999
GRS/BTC,1585685303172,2020-03-31T20:08:23.172Z,sell,2.328e-05,236.0,0.00549408
GRS/BTC,1585685395446,2020-03-31T20:09:55.446Z,buy,2.336e-05,80.0,0.0018687999999999999
GRS/BTC,1585685498182,2020-03-31T20:11:38.182Z,sell,2.327e-05,36.0,0.0008377199999999999
GRS/BTC,1585685498182,2020-03-31T20:11:38.182Z,sell,2.326e-05,28.0,0.0006512800000000001
GRS/BTC,1585685582074,2020-03-31T20:13:02.074Z,buy,2.336e-05,48.0,0.00112128
GRS/BTC,1585685625453,2020-03-31T20:13:45.453Z,buy,2.336e-05,1063.0,0.02483168
GRS/BTC,1585685625554,2020-03-31T20:13:45.554Z,buy,2.336e-05,211.0,0.00492896
GRS/BTC,1585686643480,2020-03-31T20:30:43.480Z,sell,2.331e-05,430.0,0.010023299999999999
GRS/BTC,1585686643480,2020-03-31T20:30:43.480Z,sell,2.331e-05,430.0,0.010023299999999999
GRS/BTC,1585687005521,2020-03-31T20:36:45.521Z,buy,2.337e-05,9.0,0.00021033
GRS/BTC,1585687005521,2020-03-31T20:36:45.521Z,buy,2.338e-05,37.0,0.00086506
GRS/BTC,1585687005532,2020-03-31T20:36:45.532Z,buy,2.338e-05,40.0,0.0009352
GRS/BTC,1585687038975,2020-03-31T20:37:18.975Z,sell,2.333e-05,781.0,0.018220729999999997
GRS/BTC,1585687039212,2020-03-31T20:37:19.212Z,sell,2.333e-05,429.0,0.01000857
GRS/BTC,1585687127121,2020-03-31T20:38:47.121Z,sell,2.333e-05,429.0,0.01000857
GRS/BTC,1585687224132,2020-03-31T20:40:24.132Z,sell,2.334e-05,300.0,0.007002
GRS/BTC,1585687226215,2020-03-31T20:40:26.215Z,sell,2.333e-05,151.0,0.00352283
GRS/BTC,1585687288865,2020-03-31T20:41:28.865Z,buy,2.343e-05,6.0,0.00014058
GRS/BTC,1585687288865,2020-03-31T20:41:28.865Z,buy,2.348e-05,9.0,0.00021131999999999998
GRS/BTC,1585687288865,2020-03-31T20:41:28.865Z,buy,2.349e-05,402.0,0.00944298
GRS/BTC,1585687288865,2020-03-31T20:41:28.865Z,buy,2.35e-05,9.0,0.0002115
GRS/BTC,1585687309103,2020-03-31T20:41:49.103Z,sell,2.333e-05,429.0,0.01000857
GRS/BTC,1585687309407,2020-03-31T20:41:49.407Z,sell,2.333e-05,605.0,0.01411465
GRS/BTC,1585687310865,2020-03-31T20:41:50.865Z,sell,2.333e-05,100.0,0.002333
GRS/BTC,1585687310865,2020-03-31T20:41:50.865Z,sell,2.332e-05,336.0,0.00783552
GRS/BTC,1585687310865,2020-03-31T20:41:50.865Z,sell,2.33e-05,175.0,0.0040775
GRS/BTC,1585687311125,2020-03-31T20:41:51.125Z,sell,2.331e-05,429.0,0.00999999
GRS/BTC,1585687312364,2020-03-31T20:41:52.364Z,sell,2.331e-05,592.0,0.01379952
GRS/BTC,1585687313118,2020-03-31T20:41:53.118Z,sell,2.331e-05,111.0,0.00258741
GRS/BTC,1585687313145,2020-03-31T20:41:53.145Z,buy,2.331e-05,318.0,0.007412579999999999
GRS/BTC,1585687313770,2020-03-31T20:41:53.770Z,sell,2.33e-05,592.0,0.0137936
GRS/BTC,1585687315248,2020-03-31T20:41:55.248Z,sell,2.33e-05,362.0,0.0084346
GRS/BTC,1585688270356,2020-03-31T20:57:50.356Z,sell,2.335e-05,7.0,0.00016345
GRS/BTC,1585688283668,2020-03-31T20:58:03.668Z,buy,2.336e-05,6.0,0.00014016
GRS/BTC,1585688419170,2020-03-31T21:00:19.170Z,buy,2.342e-05,9.0,0.00021077999999999998
GRS/BTC,1585688419170,2020-03-31T21:00:19.170Z,buy,2.343e-05,6.0,0.00014058
GRS/BTC,1585688949280,2020-03-31T21:09:09.280Z,sell,2.344e-05,5.0,0.0001172
GRS/BTC,1585689107656,2020-03-31T21:11:47.656Z,buy,2.35e-05,86.0,0.002021
GRS/BTC,1585689167771,2020-03-31T21:12:47.771Z,buy,2.35e-05,5.0,0.0001175
GRS/BTC,1585689859399,2020-03-31T21:24:19.399Z,buy,2.348e-05,5.0,0.0001174
GRS/BTC,1585689909317,2020-03-31T21:25:09.317Z,buy,2.348e-05,5.0,0.0001174
GRS/BTC,1585690192591,2020-03-31T21:29:52.591Z,sell,2.345e-05,5.0,0.00011725
GRS/BTC,1585690192591,2020-03-31T21:29:52.591Z,sell,2.344e-05,4.0,9.376e-05
GRS/BTC,1585690192591,2020-03-31T21:29:52.591Z,sell,2.334e-05,375.0,0.0087525
GRS/BTC,1585690192591,2020-03-31T21:29:52.591Z,sell,2.332e-05,11.0,0.00025652
GRS/BTC,1585690192591,2020-03-31T21:29:52.591Z,sell,2.331e-05,1643.0,0.03829833
GRS/BTC,1585690227351,2020-03-31T21:30:27.351Z,buy,2.343e-05,6.0,0.00014058
GRS/BTC,1585690227351,2020-03-31T21:30:27.351Z,buy,2.343e-05,6.0,0.00014058
GRS/BTC,1585690469268,2020-03-31T21:34:29.268Z,sell,2.346e-05,3.0,7.038e-05
GRS/BTC,1585690469268,2020-03-31T21:34:29.268Z,sell,2.34e-05,5.0,0.000117
GRS/BTC,1585690469268,2020-03-31T21:34:29.268Z,sell,2.339e-05,229.0,0.00535631
GRS/BTC,1585691403886,2020-03-31T21:50:03.886Z,buy,2.347e-05,381.0,0.00894207
GRS/BTC,1585691409006,2020-03-31T21:50:09.006Z,buy,2.348e-05,216.0,0.005071679999999999
GRS/BTC,1585691409238,2020-03-31T21:50:09.238Z,buy,2.349e-05,9.0,0.00021141
GRS/BTC,1585691409238,2020-03-31T21:50:09.238Z,buy,2.35e-05,62.0,0.001457
GRS/BTC,1585691546108,2020-03-31T21:52:26.108Z,buy,2.35e-05,92.0,0.002162
GRS/BTC,1585691546108,2020-03-31T21:52:26.108Z,buy,2.351e-05,14.0,0.00032914
GRS/BTC,1585691546108,2020-03-31T21:52:26.108Z,buy,2.353e-05,10.0,0.0002353
GRS/BTC,1585691546108,2020-03-31T21:52:26.108Z,buy,2.355e-05,274.0,0.0064527
GRS/BTC,1585691546108,2020-03-31T21:52:26.108Z,buy,2.357e-05,680.0,0.0160276
GRS/BTC,1585691546108,2020-03-31T21:52:26.108Z,buy,2.358e-05,2731.0,0.06439698
GRS/BTC,1585691546108,2020-03-31T21:52:26.108Z,buy,2.36e-05,3936.0,0.0928896
GRS/BTC,1585691556978,2020-03-31T21:52:36.978Z,buy,2.36e-05,5234.0,0.1235224
GRS/BTC,1585691595785,2020-03-31T21:53:15.785Z,buy,2.36e-05,20.0,0.00047200000000000003
GRS/BTC,1585691595785,2020-03-31T21:53:15.785Z,buy,2.361e-05,623.0,0.01470903
GRS/BTC,1585691595785,2020-03-31T21:53:15.785Z,buy,2.362e-05,425.0,0.0100385
GRS/BTC,1585691598576,2020-03-31T21:53:18.576Z,buy,2.362e-05,266.0,0.00628292
GRS/BTC,1585691600321,2020-03-31T21:53:20.321Z,buy,2.362e-05,89.0,0.00210218
GRS/BTC,1585691622406,2020-03-31T21:53:42.406Z,buy,2.358e-05,652.0,0.015374160000000001
GRS/BTC,1585692051456,2020-03-31T22:00:51.456Z,sell,2.351e-05,18.0,0.00042318
GRS/BTC,1585692051456,2020-03-31T22:00:51.456Z,sell,2.35e-05,76.0,0.0017859999999999998
GRS/BTC,1585692051456,2020-03-31T22:00:51.456Z,sell,2.343e-05,6.0,0.00014058
GRS/BTC,1585692051456,2020-03-31T22:00:51.456Z,sell,2.342e-05,374.0,0.008759079999999999
GRS/BTC,1585692051456,2020-03-31T22:00:51.456Z,sell,2.339e-05,231.0,0.00540309
GRS/BTC,1585692051456,2020-03-31T22:00:51.456Z,sell,2.338e-05,716.0,0.01674008
GRS/BTC,1585692575223,2020-03-31T22:09:35.223Z,buy,2.349e-05,8.0,0.00018792
GRS/BTC,1585692575223,2020-03-31T22:09:35.223Z,buy,2.35e-05,76.0,0.0017859999999999998
GRS/BTC,1585692575223,2020-03-31T22:09:35.223Z,buy,2.353e-05,233.0,0.00548249
GRS/BTC,1585692575223,2020-03-31T22:09:35.223Z,buy,2.354e-05,374.0,0.008803960000000001
GRS/BTC,1585692575223,2020-03-31T22:09:35.223Z,buy,2.355e-05,6.0,0.0001413
GRS/BTC,1585692575223,2020-03-31T22:09:35.223Z,buy,2.357e-05,9.0,0.00021213
GRS/BTC,1585692575223,2020-03-31T22:09:35.223Z,buy,2.361e-05,400.0,0.009444
GRS/BTC,1585692588204,2020-03-31T22:09:48.204Z,sell,2.35e-05,76.0,0.0017859999999999998
GRS/BTC,1585692660174,2020-03-31T22:11:00.174Z,sell,2.349e-05,24.0,0.00056376
GRS/BTC,1585692940946,2020-03-31T22:15:40.946Z,buy,2.354e-05,95.0,0.0022363
GRS/BTC,1585692940946,2020-03-31T22:15:40.946Z,buy,2.355e-05,1145.0,0.02696475
GRS/BTC,1585692940946,2020-03-31T22:15:40.946Z,buy,2.359e-05,1521.0,0.03588039
GRS/BTC,1585692940946,2020-03-31T22:15:40.946Z,buy,2.361e-05,76.0,0.00179436
GRS/BTC,1585692940946,2020-03-31T22:15:40.946Z,buy,2.362e-05,316.0,0.007463920000000001
GRS/BTC,1585692940946,2020-03-31T22:15:40.946Z,buy,2.363e-05,1721.0,0.04066723
GRS/BTC,1585692940946,2020-03-31T22:15:40.946Z,buy,2.364e-05,10.0,0.0002364
GRS/BTC,1585692940946,2020-03-31T22:15:40.946Z,buy,2.365e-05,1111.0,0.026275149999999997
GRS/BTC,1585692940946,2020-03-31T22:15:40.946Z,buy,2.366e-05,1686.0,0.03989076
GRS/BTC,1585692940946,2020-03-31T22:15:40.946Z,buy,2.367e-05,13006.0,0.30785202
GRS/BTC,1585692940946,2020-03-31T22:15:40.946Z,buy,2.368e-05,238.0,0.0056358400000000005
GRS/BTC,1585692940946,2020-03-31T22:15:40.946Z,buy,2.369e-05,33.0,0.00078177
GRS/BTC,1585692940946,2020-03-31T22:15:40.946Z,buy,2.371e-05,923.0,0.02188433
GRS/BTC,1585692940946,2020-03-31T22:15:40.946Z,buy,2.372e-05,5727.0,0.13584444
GRS/BTC,1585692940946,2020-03-31T22:15:40.946Z,buy,2.375e-05,1545.0,0.036693750000000004
GRS/BTC,1585692940946,2020-03-31T22:15:40.946Z,buy,2.376e-05,123.0,0.00292248
GRS/BTC,1585692940946,2020-03-31T22:15:40.946Z,buy,2.377e-05,420.0,0.0099834
GRS/BTC,1585692940946,2020-03-31T22:15:40.946Z,buy,2.378e-05,92.0,0.00218776
GRS/BTC,1585692940946,2020-03-31T22:15:40.946Z,buy,2.379e-05,24.0,0.00057096
GRS/BTC,1585692940946,2020-03-31T22:15:40.946Z,buy,2.38e-05,101.0,0.0024037999999999998
GRS/BTC,1585692940959,2020-03-31T22:15:40.959Z,sell,2.38e-05,9046.0,0.21529479999999998
GRS/BTC,1585692940964,2020-03-31T22:15:40.964Z,sell,2.38e-05,60.0,0.001428
GRS/BTC,1585692940981,2020-03-31T22:15:40.981Z,sell,2.38e-05,737.0,0.0175406
GRS/BTC,1585692941010,2020-03-31T22:15:41.010Z,sell,2.38e-05,2774.0,0.0660212
GRS/BTC,1585692941124,2020-03-31T22:15:41.124Z,sell,2.38e-05,9780.0,0.232764
GRS/BTC,1585692941198,2020-03-31T22:15:41.198Z,sell,2.38e-05,3444.0,0.0819672
GRS/BTC,1585692941219,2020-03-31T22:15:41.219Z,sell,2.38e-05,785.0,0.018682999999999998
GRS/BTC,1585692941278,2020-03-31T22:15:41.278Z,buy,2.382e-05,285.0,0.0067887
GRS/BTC,1585692941278,2020-03-31T22:15:41.278Z,buy,2.384e-05,76.0,0.00181184
GRS/BTC,1585692941278,2020-03-31T22:15:41.278Z,buy,2.385e-05,425.0,0.01013625
GRS/BTC,1585692941278,2020-03-31T22:15:41.278Z,buy,2.386e-05,5.0,0.0001193
GRS/BTC,1585692941278,2020-03-31T22:15:41.278Z,buy,2.387e-05,24.0,0.00057288
GRS/BTC,1585692941278,2020-03-31T22:15:41.278Z,buy,2.388e-05,24.0,0.00057312
GRS/BTC,1585692941343,2020-03-31T22:15:41.343Z,sell,2.388e-05,18.0,0.00042983999999999996
GRS/BTC,1585692941362,2020-03-31T22:15:41.362Z,sell,2.388e-05,159.0,0.0037969199999999996
GRS/BTC,1585692941433,2020-03-31T22:15:41.433Z,sell,2.388e-05,539.0,0.012871319999999999
GRS/BTC,1585692941479,2020-03-31T22:15:41.479Z,sell,2.388e-05,350.0,0.008357999999999999
GRS/BTC,1585692941479,2020-03-31T22:15:41.479Z,sell,2.38e-05,346.0,0.0082348
GRS/BTC,1585692941516,2020-03-31T22:15:41.516Z,sell,2.38e-05,2713.0,0.0645694
GRS/BTC,1585692941612,2020-03-31T22:15:41.612Z,buy,2.39e-05,95.0,0.0022705
GRS/BTC,1585692941695,2020-03-31T22:15:41.695Z,buy,2.39e-05,227.0,0.0054253
GRS/BTC,1585692941695,2020-03-31T22:15:41.695Z,buy,2.391e-05,115.0,0.00274965
GRS/BTC,1585692941695,2020-03-31T22:15:41.695Z,buy,2.393e-05,9.0,0.00021537
GRS/BTC,1585692941695,2020-03-31T22:15:41.695Z,buy,2.395e-05,101.0,0.00241895
GRS/BTC,1585692941695,2020-03-31T22:15:41.695Z,buy,2.397e-05,11.0,0.00026367
GRS/BTC,1585692941695,2020-03-31T22:15:41.695Z,buy,2.398e-05,24.0,0.00057552
GRS/BTC,1585692941695,2020-03-31T22:15:41.695Z,buy,2.399e-05,130.0,0.0031187
GRS/BTC,1585692941695,2020-03-31T22:15:41.695Z,buy,2.401e-05,23.0,0.00055223
GRS/BTC,1585692941695,2020-03-31T22:15:41.695Z,buy,2.402e-05,162.0,0.0038912400000000002
GRS/BTC,1585692941695,2020-03-31T22:15:41.695Z,buy,2.403e-05,5.0,0.00012014999999999999
GRS/BTC,1585692941695,2020-03-31T22:15:41.695Z,buy,2.404e-05,89.0,0.00213956
GRS/BTC,1585692941695,2020-03-31T22:15:41.695Z,buy,2.406e-05,54.0,0.00129924
GRS/BTC,1585692941725,2020-03-31T22:15:41.725Z,sell,2.38e-05,1366.0,0.0325108
GRS/BTC,1585692941837,2020-03-31T22:15:41.837Z,sell,2.381e-05,71.0,0.00169051
GRS/BTC,1585692941993,2020-03-31T22:15:41.993Z,sell,2.381e-05,109.0,0.00259529
GRS/BTC,1585692941997,2020-03-31T22:15:41.997Z,sell,2.381e-05,9.0,0.00021429
GRS/BTC,1585692942444,2020-03-31T22:15:42.444Z,buy,2.405e-05,842.0,0.0202501
GRS/BTC,1585692942444,2020-03-31T22:15:42.444Z,buy,2.406e-05,366.0,0.00880596
GRS/BTC,1585692942444,2020-03-31T22:15:42.444Z,buy,2.407e-05,177.0,0.00426039
GRS/BTC,1585692942444,2020-03-31T22:15:42.444Z,buy,2.408e-05,24.0,0.00057792
GRS/BTC,1585692942444,2020-03-31T22:15:42.444Z,buy,2.409e-05,139.0,0.0033485100000000003
GRS/BTC,1585692942444,2020-03-31T22:15:42.444Z,buy,2.41e-05,437.0,0.0105317
GRS/BTC,1585692942444,2020-03-31T22:15:42.444Z,buy,2.413e-05,6.0,0.00014478
GRS/BTC,1585692942444,2020-03-31T22:15:42.444Z,buy,2.414e-05,240.0,0.0057935999999999994
GRS/BTC,1585692942444,2020-03-31T22:15:42.444Z,buy,2.415e-05,6.0,0.0001449
GRS/BTC,1585692942444,2020-03-31T22:15:42.444Z,buy,2.418e-05,110.0,0.0026598
GRS/BTC,1585692942444,2020-03-31T22:15:42.444Z,buy,2.42e-05,547.0,0.0132374
GRS/BTC,1585692942444,2020-03-31T22:15:42.444Z,buy,2.421e-05,166.0,0.00401886
GRS/BTC,1585692942444,2020-03-31T22:15:42.444Z,buy,2.425e-05,36.0,0.000873
GRS/BTC,1585692942444,2020-03-31T22:15:42.444Z,buy,2.426e-05,495.0,0.0120087
GRS/BTC,1585692942444,2020-03-31T22:15:42.444Z,buy,2.427e-05,5909.0,0.14341143
GRS/BTC,1585692942661,2020-03-31T22:15:42.661Z,buy,2.427e-05,227.0,0.00550929
GRS/BTC,1585692942690,2020-03-31T22:15:42.690Z,sell,2.382e-05,795.0,0.0189369
GRS/BTC,1585692942940,2020-03-31T22:15:42.940Z,sell,2.382e-05,833.0,0.019842059999999998
GRS/BTC,1585692942940,2020-03-31T22:15:42.940Z,sell,2.381e-05,2125.0,0.05059625
GRS/BTC,1585692943335,2020-03-31T22:15:43.335Z,sell,2.383e-05,105.0,0.00250215
GRS/BTC,1585692943504,2020-03-31T22:15:43.504Z,sell,2.39e-05,6.0,0.00014340000000000002
GRS/BTC,1585692943504,2020-03-31T22:15:43.504Z,sell,2.383e-05,294.0,0.00700602
GRS/BTC,1585692944097,2020-03-31T22:15:44.097Z,sell,2.385e-05,419.0,0.009993150000000001
GRS/BTC,1585692944124,2020-03-31T22:15:44.124Z,sell,2.385e-05,557.0,0.01328445
GRS/BTC,1585692944124,2020-03-31T22:15:44.124Z,sell,2.384e-05,240.0,0.005721599999999999
GRS/BTC,1585692944624,2020-03-31T22:15:44.624Z,sell,2.386e-05,5.0,0.0001193
GRS/BTC,1585692945638,2020-03-31T22:15:45.638Z,sell,2.388e-05,600.0,0.014327999999999999
GRS/BTC,1585692947437,2020-03-31T22:15:47.437Z,sell,2.407e-05,74.0,0.00178118
GRS/BTC,1585692947478,2020-03-31T22:15:47.478Z,buy,2.4e-05,6.0,0.000144
GRS/BTC,1585692947554,2020-03-31T22:15:47.554Z,buy,2.4e-05,490.0,0.01176
GRS/BTC,1585692948924,2020-03-31T22:15:48.924Z,sell,2.4e-05,575.0,0.0138
GRS/BTC,1585692949096,2020-03-31T22:15:49.096Z,sell,2.405e-05,84.0,0.0020201999999999998
GRS/BTC,1585692949376,2020-03-31T22:15:49.376Z,buy,2.424e-05,353.0,0.008556719999999999
GRS/BTC,1585692949376,2020-03-31T22:15:49.376Z,buy,2.425e-05,1005.0,0.02437125
GRS/BTC,1585692949376,2020-03-31T22:15:49.376Z,buy,2.426e-05,802.0,0.01945652
GRS/BTC,1585692950407,2020-03-31T22:15:50.407Z,sell,2.409e-05,248.0,0.00597432
GRS/BTC,1585692950469,2020-03-31T22:15:50.469Z,buy,2.413e-05,6.0,0.00014478
GRS/BTC,1585692950469,2020-03-31T22:15:50.469Z,buy,2.418e-05,74.0,0.0017893199999999998
GRS/BTC,1585692950469,2020-03-31T22:15:50.469Z,buy,2.426e-05,12.0,0.00029112
GRS/BTC,1585692950469,2020-03-31T22:15:50.469Z,buy,2.427e-05,363.0,0.00881001
GRS/BTC,1585692952010,2020-03-31T22:15:52.010Z,sell,2.409e-05,64.0,0.00154176
GRS/BTC,1585692952104,2020-03-31T22:15:52.104Z,sell,2.409e-05,63.0,0.00151767
GRS/BTC,1585692952284,2020-03-31T22:15:52.284Z,sell,2.409e-05,312.0,0.0075160800000000005
GRS/BTC,1585692953501,2020-03-31T22:15:53.501Z,sell,2.422e-05,42.0,0.00101724
GRS/BTC,1585692953799,2020-03-31T22:15:53.799Z,sell,2.422e-05,214.0,0.00518308
GRS/BTC,1585692953799,2020-03-31T22:15:53.799Z,sell,2.413e-05,6.0,0.00014478
GRS/BTC,1585692953799,2020-03-31T22:15:53.799Z,sell,2.409e-05,144.0,0.00346896
GRS/BTC,1585692954101,2020-03-31T22:15:54.101Z,sell,2.409e-05,63.0,0.00151767
GRS/BTC,1585692955256,2020-03-31T22:15:55.256Z,sell,2.409e-05,141.0,0.0033966900000000004
GRS/BTC,1585692955256,2020-03-31T22:15:55.256Z,sell,2.408e-05,23.0,0.00055384
GRS/BTC,1585692955256,2020-03-31T22:15:55.256Z,sell,2.407e-05,75.0,0.0018052500000000002
GRS/BTC,1585692955256,2020-03-31T22:15:55.256Z,sell,2.405e-05,106.0,0.0025493
GRS/BTC,1585692955532,2020-03-31T22:15:55.532Z,sell,2.405e-05,5.0,0.00012025
GRS/BTC,1585692955557,2020-03-31T22:15:55.557Z,sell,2.405e-05,85.0,0.00204425
GRS/BTC,1585692955674,2020-03-31T22:15:55.674Z,sell,2.405e-05,10.0,0.0002405
GRS/BTC,1585692955698,2020-03-31T22:15:55.698Z,sell,2.405e-05,258.0,0.006204899999999999
GRS/BTC,1585692955701,2020-03-31T22:15:55.701Z,sell,2.405e-05,216.0,0.005194799999999999
GRS/BTC,1585692955703,2020-03-31T22:15:55.703Z,sell,2.405e-05,1832.0,0.0440596
GRS/BTC,1585692955711,2020-03-31T22:15:55.711Z,sell,2.405e-05,172.0,0.0041366
GRS/BTC,1585692955722,2020-03-31T22:15:55.722Z,sell,2.405e-05,61.0,0.00146705
GRS/BTC,1585692955722,2020-03-31T22:15:55.722Z,sell,2.402e-05,6.0,0.00014412
GRS/BTC,1585692955722,2020-03-31T22:15:55.722Z,sell,2.401e-05,61.0,0.0014646099999999999
GRS/BTC,1585692955977,2020-03-31T22:15:55.977Z,sell,2.402e-05,43.0,0.00103286
GRS/BTC,1585692956005,2020-03-31T22:15:56.005Z,sell,2.402e-05,43.0,0.00103286
GRS/BTC,1585692956116,2020-03-31T22:15:56.116Z,sell,2.403e-05,87.0,0.0020906099999999997
GRS/BTC,1585692956118,2020-03-31T22:15:56.118Z,sell,2.403e-05,104.0,0.0024991199999999996
GRS/BTC,1585692956134,2020-03-31T22:15:56.134Z,sell,2.403e-05,86.0,0.0020665799999999997
GRS/BTC,1585692956141,2020-03-31T22:15:56.141Z,sell,2.403e-05,43.0,0.0010332899999999999
GRS/BTC,1585692956142,2020-03-31T22:15:56.142Z,sell,2.403e-05,43.0,0.0010332899999999999
GRS/BTC,1585692956357,2020-03-31T22:15:56.357Z,sell,2.403e-05,22.0,0.00052866
GRS/BTC,1585692956409,2020-03-31T22:15:56.409Z,buy,2.424e-05,61.0,0.0014786399999999998
GRS/BTC,1585692956430,2020-03-31T22:15:56.430Z,sell,2.424e-05,352.0,0.008532479999999999
GRS/BTC,1585692956633,2020-03-31T22:15:56.633Z,sell,2.403e-05,312.0,0.00749736
GRS/BTC,1585692956633,2020-03-31T22:15:56.633Z,sell,2.402e-05,292.0,0.00701384
GRS/BTC,1585692956674,2020-03-31T22:15:56.674Z,buy,2.425e-05,6.0,0.0001455
GRS/BTC,1585692956674,2020-03-31T22:15:56.674Z,buy,2.427e-05,55.0,0.00133485
GRS/BTC,1585692957695,2020-03-31T22:15:57.695Z,buy,2.413e-05,6.0,0.00014478
GRS/BTC,1585692957695,2020-03-31T22:15:57.695Z,buy,2.418e-05,35.0,0.0008462999999999999
GRS/BTC,1585692957816,2020-03-31T22:15:57.816Z,sell,2.404e-05,285.0,0.0068514
GRS/BTC,1585692957816,2020-03-31T22:15:57.816Z,sell,2.403e-05,663.0,0.01593189
GRS/BTC,1585692958432,2020-03-31T22:15:58.432Z,sell,2.403e-05,223.0,0.005358689999999999
GRS/BTC,1585692959169,2020-03-31T22:15:59.169Z,sell,2.403e-05,62.0,0.00148986
GRS/BTC,1585692959902,2020-03-31T22:15:59.902Z,sell,2.413e-05,6.0,0.00014478
GRS/BTC,1585692959902,2020-03-31T22:15:59.902Z,sell,2.403e-05,585.0,0.014057549999999999
GRS/BTC,1585692960175,2020-03-31T22:16:00.175Z,sell,2.403e-05,416.0,0.009996479999999999
GRS/BTC,1585692960661,2020-03-31T22:16:00.661Z,buy,2.417e-05,102.0,0.00246534
GRS/BTC,1585692961424,2020-03-31T22:16:01.424Z,sell,2.403e-05,581.0,0.013961429999999999
GRS/BTC,1585692961797,2020-03-31T22:16:01.797Z,buy,2.417e-05,183.0,0.00442311
GRS/BTC,1585692961797,2020-03-31T22:16:01.797Z,buy,2.418e-05,40.0,0.0009672
GRS/BTC,1585692961797,2020-03-31T22:16:01.797Z,buy,2.425e-05,6.0,0.0001455
GRS/BTC,1585692961797,2020-03-31T22:16:01.797Z,buy,2.427e-05,246.0,0.00597042
GRS/BTC,1585692961797,2020-03-31T22:16:01.797Z,buy,2.428e-05,545.0,0.0132326
GRS/BTC,1585692962878,2020-03-31T22:16:02.878Z,sell,2.404e-05,601.0,0.01444804
GRS/BTC,1585692964098,2020-03-31T22:16:04.098Z,sell,2.413e-05,6.0,0.00014478
GRS/BTC,1585692964098,2020-03-31T22:16:04.098Z,sell,2.405e-05,410.0,0.0098605
GRS/BTC,1585692964478,2020-03-31T22:16:04.478Z,buy,2.41e-05,568.0,0.0136888
GRS/BTC,1585692964761,2020-03-31T22:16:04.761Z,buy,2.416e-05,330.0,0.0079728
GRS/BTC,1585692965921,2020-03-31T22:16:05.921Z,sell,2.407e-05,75.0,0.0018052500000000002
GRS/BTC,1585692965921,2020-03-31T22:16:05.921Z,sell,2.405e-05,512.0,0.0123136
GRS/BTC,1585692968181,2020-03-31T22:16:08.181Z,sell,2.402e-05,6.0,0.00014412
GRS/BTC,1585692968181,2020-03-31T22:16:08.181Z,sell,2.401e-05,78.0,0.0018727799999999999
GRS/BTC,1585692968723,2020-03-31T22:16:08.723Z,sell,2.401e-05,381.0,0.00914781
GRS/BTC,1585692970309,2020-03-31T22:16:10.309Z,buy,2.412e-05,23.0,0.00055476
GRS/BTC,1585692971149,2020-03-31T22:16:11.149Z,sell,2.398e-05,24.0,0.00057552
GRS/BTC,1585692971341,2020-03-31T22:16:11.341Z,buy,2.398e-05,5.0,0.0001199
GRS/BTC,1585692974474,2020-03-31T22:16:14.474Z,buy,2.398e-05,26.0,0.00062348
GRS/BTC,1585692976572,2020-03-31T22:16:16.572Z,sell,2.395e-05,76.0,0.0018202
GRS/BTC,1585692976572,2020-03-31T22:16:16.572Z,sell,2.391e-05,10.0,0.0002391
GRS/BTC,1585692976572,2020-03-31T22:16:16.572Z,sell,2.39e-05,239.0,0.0057121
GRS/BTC,1585692981928,2020-03-31T22:16:21.928Z,buy,2.393e-05,42.0,0.00100506
GRS/BTC,1585692982687,2020-03-31T22:16:22.687Z,buy,2.393e-05,25.0,0.00059825
GRS/BTC,1585692984332,2020-03-31T22:16:24.332Z,buy,2.393e-05,156.0,0.0037330799999999997
GRS/BTC,1585693001004,2020-03-31T22:16:41.004Z,buy,2.393e-05,89.0,0.00212977
GRS/BTC,1585693001004,2020-03-31T22:16:41.004Z,buy,2.398e-05,198.0,0.00474804
GRS/BTC,1585693018582,2020-03-31T22:16:58.582Z,buy,2.398e-05,782.0,0.01875236
GRS/BTC,1585693019361,2020-03-31T22:16:59.361Z,buy,2.398e-05,812.0,0.01947176
GRS/BTC,1585693019855,2020-03-31T22:16:59.855Z,buy,2.398e-05,785.0,0.018824300000000002
GRS/BTC,1585693020777,2020-03-31T22:17:00.777Z,buy,2.398e-05,813.0,0.01949574
GRS/BTC,1585693021534,2020-03-31T22:17:01.534Z,sell,2.39e-05,11.0,0.0002629
GRS/BTC,1585693022948,2020-03-31T22:17:02.948Z,buy,2.398e-05,397.0,0.00952006
GRS/BTC,1585693027247,2020-03-31T22:17:07.247Z,sell,2.394e-05,42.0,0.00100548
GRS/BTC,1585693033899,2020-03-31T22:17:13.899Z,sell,2.392e-05,10.0,0.00023920000000000001
GRS/BTC,1585693033899,2020-03-31T22:17:13.899Z,sell,2.39e-05,13.0,0.0003107
GRS/BTC,1585693033899,2020-03-31T22:17:13.899Z,sell,2.388e-05,21.0,0.00050148
GRS/BTC,1585693047641,2020-03-31T22:17:27.641Z,sell,2.388e-05,398.0,0.009504239999999999
GRS/BTC,1585693047658,2020-03-31T22:17:27.658Z,buy,2.388e-05,249.0,0.005946119999999999
GRS/BTC,1585693099100,2020-03-31T22:18:19.100Z,sell,2.386e-05,5.0,0.0001193
GRS/BTC,1585693099100,2020-03-31T22:18:19.100Z,sell,2.384e-05,58.0,0.0013827199999999998
GRS/BTC,1585693143981,2020-03-31T22:19:03.981Z,sell,2.384e-05,17.0,0.00040528
GRS/BTC,1585693145047,2020-03-31T22:19:05.047Z,buy,2.384e-05,321.0,0.00765264
GRS/BTC,1585693146124,2020-03-31T22:19:06.124Z,sell,2.382e-05,156.0,0.0037159199999999997
GRS/BTC,1585693146124,2020-03-31T22:19:06.124Z,sell,2.381e-05,12.0,0.00028572
GRS/BTC,1585693146124,2020-03-31T22:19:06.124Z,sell,2.38e-05,101.0,0.0024037999999999998
GRS/BTC,1585693146124,2020-03-31T22:19:06.124Z,sell,2.379e-05,24.0,0.00057096
GRS/BTC,1585693146200,2020-03-31T22:19:06.200Z,buy,2.379e-05,162.0,0.0038539800000000003
GRS/BTC,1585693147202,2020-03-31T22:19:07.202Z,buy,2.379e-05,162.0,0.0038539800000000003
GRS/BTC,1585693147949,2020-03-31T22:19:07.949Z,sell,2.378e-05,6.0,0.00014268
GRS/BTC,1585693147949,2020-03-31T22:19:07.949Z,sell,2.377e-05,160.0,0.0038032
GRS/BTC,1585693148474,2020-03-31T22:19:08.474Z,sell,2.377e-05,260.0,0.0061802
GRS/BTC,1585693148474,2020-03-31T22:19:08.474Z,sell,2.376e-05,459.0,0.01090584
GRS/BTC,1585693148474,2020-03-31T22:19:08.474Z,sell,2.375e-05,108.0,0.002565
GRS/BTC,1585693212308,2020-03-31T22:20:12.308Z,sell,2.376e-05,149.0,0.00354024
GRS/BTC,1585693255877,2020-03-31T22:20:55.877Z,buy,2.387e-05,24.0,0.00057288
GRS/BTC,1585693376320,2020-03-31T22:22:56.320Z,sell,2.375e-05,10.0,0.00023750000000000003
GRS/BTC,1585693511798,2020-03-31T22:25:11.798Z,buy,2.387e-05,21.0,0.0005012700000000001
GRS/BTC,1585693511941,2020-03-31T22:25:11.941Z,sell,2.375e-05,156.0,0.0037050000000000004
GRS/BTC,1585693537868,2020-03-31T22:25:37.868Z,sell,2.375e-05,149.0,0.0035387500000000002
GRS/BTC,1585693537868,2020-03-31T22:25:37.868Z,sell,2.374e-05,464.0,0.01101536
GRS/BTC,1585693538030,2020-03-31T22:25:38.030Z,buy,2.374e-05,123.0,0.00292002
GRS/BTC,1585693538222,2020-03-31T22:25:38.222Z,buy,2.374e-05,163.0,0.00386962
GRS/BTC,1585693538240,2020-03-31T22:25:38.240Z,buy,2.374e-05,35.0,0.0008309
GRS/BTC,1585693632896,2020-03-31T22:27:12.896Z,sell,2.377e-05,9.0,0.00021393
GRS/BTC,1585693632896,2020-03-31T22:27:12.896Z,sell,2.376e-05,90.0,0.0021384
GRS/BTC,1585693635048,2020-03-31T22:27:15.048Z,buy,2.386e-05,160.0,0.0038176
GRS/BTC,1585693669813,2020-03-31T22:27:49.813Z,buy,2.386e-05,50.0,0.0011929999999999998
GRS/BTC,1585693669813,2020-03-31T22:27:49.813Z,buy,2.387e-05,9.0,0.00021483
GRS/BTC,1585693669813,2020-03-31T22:27:49.813Z,buy,2.388e-05,58.0,0.00138504
GRS/BTC,1585693669813,2020-03-31T22:27:49.813Z,buy,2.386e-05,50.0,0.0011929999999999998
GRS/BTC,1585693669813,2020-03-31T22:27:49.813Z,buy,2.387e-05,9.0,0.00021483
GRS/BTC,1585693669813,2020-03-31T22:27:49.813Z,buy,2.388e-05,58.0,0.00138504
GRS/BTC,1585693884160,2020-03-31T22:31:24.160Z,buy,2.384e-05,5.0,0.0001192
GRS/BTC,1585693884160,2020-03-31T22:31:24.160Z,buy,2.388e-05,348.0,0.00831024
GRS/BTC,1585693884179,2020-03-31T22:31:24.179Z,sell,2.388e-05,1825.0,0.043580999999999995
GRS/BTC,1585693929247,2020-03-31T22:32:09.247Z,sell,2.389e-05,5.0,0.00011945
GRS/BTC,1585693947495,2020-03-31T22:32:27.495Z,buy,2.39e-05,6.0,0.00014340000000000002
GRS/BTC,1585693947495,2020-03-31T22:32:27.495Z,buy,2.394e-05,4.0,9.576e-05
GRS/BTC,1585693973878,2020-03-31T22:32:53.878Z,buy,2.394e-05,471.0,0.011275740000000001
GRS/BTC,1585693973899,2020-03-31T22:32:53.899Z,sell,2.394e-05,1112.0,0.02662128
GRS/BTC,1585693974998,2020-03-31T22:32:54.998Z,sell,2.394e-05,84.0,0.00201096
GRS/BTC,1585693977650,2020-03-31T22:32:57.650Z,sell,2.394e-05,2829.0,0.06772626
GRS/BTC,1585693981700,2020-03-31T22:33:01.700Z,sell,2.394e-05,6.0,0.00014364
GRS/BTC,1585693982011,2020-03-31T22:33:02.011Z,sell,2.394e-05,5.0,0.00011970000000000001
GRS/BTC,1585693995098,2020-03-31T22:33:15.098Z,sell,2.394e-05,83.0,0.00198702
GRS/BTC,1585694102504,2020-03-31T22:35:02.504Z,buy,2.395e-05,75.0,0.0017962499999999999
GRS/BTC,1585694149230,2020-03-31T22:35:49.230Z,buy,2.398e-05,24.0,0.00057552
GRS/BTC,1585694412158,2020-03-31T22:40:12.158Z,buy,2.398e-05,125.0,0.0029975
GRS/BTC,1585694717725,2020-03-31T22:45:17.725Z,buy,2.398e-05,191.0,0.0045801800000000005
GRS/BTC,1585694722187,2020-03-31T22:45:22.187Z,buy,2.398e-05,95.0,0.0022781
GRS/BTC,1585694743337,2020-03-31T22:45:43.337Z,buy,2.396e-05,3858.0,0.09243768000000001
GRS/BTC,1585694774163,2020-03-31T22:46:14.163Z,buy,2.398e-05,5.0,0.0001199
GRS/BTC,1585694776097,2020-03-31T22:46:16.097Z,sell,2.389e-05,20.0,0.0004778
GRS/BTC,1585694776097,2020-03-31T22:46:16.097Z,sell,2.388e-05,32.0,0.00076416
GRS/BTC,1585694776192,2020-03-31T22:46:16.192Z,buy,2.386e-05,74.0,0.00176564
GRS/BTC,1585694930146,2020-03-31T22:48:50.146Z,sell,2.384e-05,43.0,0.00102512
GRS/BTC,1585694930146,2020-03-31T22:48:50.146Z,sell,2.384e-05,10.0,0.0002384
GRS/BTC,1585694943360,2020-03-31T22:49:03.360Z,buy,2.397e-05,7.0,0.00016779
GRS/BTC,1585695009595,2020-03-31T22:50:09.595Z,buy,2.398e-05,10.0,0.0002398
GRS/BTC,1585695213101,2020-03-31T22:53:33.101Z,sell,2.385e-05,9.0,0.00021465
GRS/BTC,1585695213101,2020-03-31T22:53:33.101Z,sell,2.384e-05,23.0,0.0005483199999999999
GRS/BTC,1585695213101,2020-03-31T22:53:33.101Z,sell,2.38e-05,94.0,0.0022372
GRS/BTC,1585695321259,2020-03-31T22:55:21.259Z,sell,2.38e-05,459.0,0.0109242
GRS/BTC,1585695321259,2020-03-31T22:55:21.259Z,sell,2.379e-05,25.0,0.00059475
GRS/BTC,1585695321259,2020-03-31T22:55:21.259Z,sell,2.378e-05,6.0,0.00014268
GRS/BTC,1585695321259,2020-03-31T22:55:21.259Z,sell,2.376e-05,208.0,0.00494208
GRS/BTC,1585695321259,2020-03-31T22:55:21.259Z,sell,2.374e-05,651.0,0.01545474
GRS/BTC,1585695810102,2020-03-31T23:03:30.102Z,sell,2.382e-05,252.0,0.00600264
GRS/BTC,1585695971160,2020-03-31T23:06:11.160Z,sell,2.381e-05,252.0,0.00600012
GRS/BTC,1585696079099,2020-03-31T23:07:59.099Z,sell,2.381e-05,84.0,0.0020000400000000002
GRS/BTC,1585696355192,2020-03-31T23:12:35.192Z,sell,2.382e-05,93.0,0.0022152599999999997
GRS/BTC,1585696397709,2020-03-31T23:13:17.709Z,buy,2.381e-05,56.0,0.00133336
GRS/BTC,1585696507609,2020-03-31T23:15:07.609Z,sell,2.38e-05,502.0,0.0119476
GRS/BTC,1585696630156,2020-03-31T23:17:10.156Z,sell,2.381e-05,9.0,0.00021429
GRS/BTC,1585696630156,2020-03-31T23:17:10.156Z,sell,2.38e-05,237.0,0.0056406
GRS/BTC,1585696850530,2020-03-31T23:20:50.530Z,sell,2.38e-05,9.0,0.0002142
GRS/BTC,1585697148701,2020-03-31T23:25:48.701Z,sell,2.383e-05,598.0,0.01425034
GRS/BTC,1585697149100,2020-03-31T23:25:49.100Z,sell,2.383e-05,420.0,0.0100086
GRS/BTC,1585697150165,2020-03-31T23:25:50.165Z,sell,2.383e-05,252.0,0.00600516
GRS/BTC,1585697150207,2020-03-31T23:25:50.207Z,sell,2.383e-05,16.0,0.00038128
GRS/BTC,1585697150207,2020-03-31T23:25:50.207Z,sell,2.382e-05,496.0,0.011814719999999999
GRS/BTC,1585697150207,2020-03-31T23:25:50.207Z,sell,2.381e-05,100.0,0.002381
GRS/BTC,1585697151636,2020-03-31T23:25:51.636Z,sell,2.381e-05,73.0,0.00173813
GRS/BTC,1585697151636,2020-03-31T23:25:51.636Z,sell,2.38e-05,404.0,0.009615199999999999
GRS/BTC,1585697169482,2020-03-31T23:26:09.482Z,buy,2.387e-05,18.0,0.00042966
GRS/BTC,1585697169482,2020-03-31T23:26:09.482Z,buy,2.388e-05,25.0,0.000597
GRS/BTC,1585697169482,2020-03-31T23:26:09.482Z,buy,2.39e-05,6.0,0.00014340000000000002
GRS/BTC,1585697169482,2020-03-31T23:26:09.482Z,buy,2.395e-05,18.0,0.0004311
GRS/BTC,1585697169482,2020-03-31T23:26:09.482Z,buy,2.387e-05,18.0,0.00042966
GRS/BTC,1585697169482,2020-03-31T23:26:09.482Z,buy,2.388e-05,25.0,0.000597
GRS/BTC,1585697169482,2020-03-31T23:26:09.482Z,buy,2.39e-05,6.0,0.00014340000000000002
GRS/BTC,1585697169482,2020-03-31T23:26:09.482Z,buy,2.395e-05,18.0,0.0004311
GRS/BTC,1585697442118,2020-03-31T23:30:42.118Z,sell,2.38e-05,419.0,0.009972199999999999
GRS/BTC,1585697460671,2020-03-31T23:31:00.671Z,sell,2.38e-05,799.0,0.0190162
GRS/BTC,1585697461105,2020-03-31T23:31:01.105Z,sell,2.38e-05,421.0,0.010019799999999999
GRS/BTC,1585697462105,2020-03-31T23:31:02.105Z,sell,2.38e-05,420.0,0.009996
GRS/BTC,1585697462225,2020-03-31T23:31:02.225Z,sell,2.38e-05,774.0,0.0184212
GRS/BTC,1585697463729,2020-03-31T23:31:03.729Z,sell,2.38e-05,254.0,0.0060452
GRS/BTC,1585697497007,2020-03-31T23:31:37.007Z,sell,2.379e-05,24.0,0.00057096
GRS/BTC,1585697497007,2020-03-31T23:31:37.007Z,sell,2.378e-05,6.0,0.00014268
GRS/BTC,1585697497007,2020-03-31T23:31:37.007Z,sell,2.376e-05,154.0,0.00365904
GRS/BTC,1585697497075,2020-03-31T23:31:37.075Z,buy,2.374e-05,155.0,0.0036797
GRS/BTC,1585697497224,2020-03-31T23:31:37.224Z,buy,2.374e-05,4.0,9.496e-05
GRS/BTC,1585697504160,2020-03-31T23:31:44.160Z,sell,2.381e-05,105.0,0.00250005
GRS/BTC,1585697588654,2020-03-31T23:33:08.654Z,buy,2.387e-05,8.0,0.00019096
GRS/BTC,1585697588654,2020-03-31T23:33:08.654Z,buy,2.388e-05,24.0,0.00057312
GRS/BTC,1585697588654,2020-03-31T23:33:08.654Z,buy,2.39e-05,6.0,0.00014340000000000002
GRS/BTC,1585697588654,2020-03-31T23:33:08.654Z,buy,2.394e-05,76.0,0.00181944
GRS/BTC,1585697623711,2020-03-31T23:33:43.711Z,buy,2.394e-05,229.0,0.00548226
GRS/BTC,1585698816082,2020-03-31T23:53:36.082Z,buy,2.389e-05,63.0,0.00150507
GRS/BTC,1585698816082,2020-03-31T23:53:36.082Z,buy,2.39e-05,170.0,0.004063000000000001
GRS/BTC,1585698816082,2020-03-31T23:53:36.082Z,buy,2.392e-05,326.0,0.007797920000000001
GRS/BTC,1585698816082,2020-03-31T23:53:36.082Z,buy,2.393e-05,9.0,0.00021537
GRS/BTC,1585698816285,2020-03-31T23:53:36.285Z,buy,2.395e-05,397.0,0.00950815
GRS/BTC,1585698816311,2020-03-31T23:53:36.311Z,buy,2.395e-05,160.0,0.003832
GRS/BTC,1585698816793,2020-03-31T23:53:36.793Z,sell,2.395e-05,582.0,0.013938899999999999
GRS/BTC,1585698817101,2020-03-31T23:53:37.101Z,sell,2.395e-05,167.0,0.0039996499999999996
GRS/BTC,1585698818568,2020-03-31T23:53:38.568Z,sell,2.395e-05,596.0,0.014274199999999999
GRS/BTC,1585698819389,2020-03-31T23:53:39.389Z,sell,2.395e-05,232.0,0.0055563999999999995
GRS/BTC,1585698819404,2020-03-31T23:53:39.404Z,buy,2.398e-05,2982.0,0.07150836
GRS/BTC,1585698820437,2020-03-31T23:53:40.437Z,sell,2.395e-05,593.0,0.014202349999999999
GRS/BTC,1585698821884,2020-03-31T23:53:41.884Z,sell,2.395e-05,590.0,0.014130499999999999
GRS/BTC,1585698823103,2020-03-31T23:53:43.103Z,sell,2.394e-05,125.0,0.0029925
GRS/BTC,1585698824677,2020-03-31T23:53:44.677Z,sell,2.394e-05,794.0,0.019008360000000002
GRS/BTC,1585698826525,2020-03-31T23:53:46.525Z,sell,2.394e-05,768.0,0.01838592
GRS/BTC,1585698827982,2020-03-31T23:53:47.982Z,sell,2.394e-05,786.0,0.01881684
GRS/BTC,1585698839841,2020-03-31T23:53:59.841Z,sell,2.394e-05,804.0,0.019247760000000003
GRS/BTC,1585698841272,2020-03-31T23:54:01.272Z,sell,2.394e-05,786.0,0.01881684
GRS/BTC,1585698874958,2020-03-31T23:54:34.958Z,sell,2.394e-05,790.0,0.0189126
GRS/BTC,1585698876543,2020-03-31T23:54:36.543Z,sell,2.394e-05,767.0,0.01836198
GRS/BTC,1585698886114,2020-03-31T23:54:46.114Z,sell,2.394e-05,284.0,0.006798960000000001
GRS/BTC,1585698886116,2020-03-31T23:54:46.116Z,sell,2.394e-05,273.0,0.006535620000000001
GRS/BTC,1585698909578,2020-03-31T23:55:09.578Z,sell,2.394e-05,1033.0,0.024730020000000002
GRS/BTC,1585698949111,2020-03-31T23:55:49.111Z,sell,2.394e-05,227.0,0.00543438
GRS/BTC,1585698949203,2020-03-31T23:55:49.203Z,sell,2.394e-05,210.0,0.0050274000000000004
GRS/BTC,1585698960445,2020-03-31T23:56:00.445Z,sell,2.394e-05,290.0,0.0069426
GRS/BTC,1585698961166,2020-03-31T23:56:01.166Z,sell,2.394e-05,273.0,0.006535620000000001
GRS/BTC,1585699003099,2020-03-31T23:56:43.099Z,sell,2.395e-05,416.0,0.0099632
GRS/BTC,1585699029096,2020-03-31T23:57:09.096Z,sell,2.395e-05,126.0,0.0030177
GRS/BTC,1585699048268,2020-03-31T23:57:28.268Z,sell,2.395e-05,19.0,0.00045505
GRS/BTC,1585699048268,2020-03-31T23:57:28.268Z,sell,2.394e-05,44.0,0.0010533600000000001
GRS/BTC,1585699048615,2020-03-31T23:57:28.615Z,sell,2.394e-05,404.0,0.00967176
GRS/BTC,1585699050191,2020-03-31T23:57:30.191Z,sell,2.394e-05,341.0,0.00816354
GRS/BTC,1585699149112,2020-03-31T23:59:09.112Z,sell,2.395e-05,84.0,0.0020118
GRS/BTC,1585699319497,2020-04-01T00:01:59.497Z,sell,2.395e-05,162.0,0.0038799
GRS/BTC,1585699319497,2020-04-01T00:01:59.497Z,sell,2.394e-05,417.0,0.00998298
GRS/BTC,1585699320107,2020-04-01T00:02:00.107Z,sell,2.394e-05,417.0,0.00998298
GRS/BTC,1585699321038,2020-04-01T00:02:01.038Z,sell,2.394e-05,608.0,0.01455552
GRS/BTC,1585699322791,2020-04-01T00:02:02.791Z,sell,2.394e-05,601.0,0.01438794
GRS/BTC,1585699408719,2020-04-01T00:03:28.719Z,buy,2.402e-05,6.0,0.00014412
GRS/BTC,1585699481222,2020-04-01T00:04:41.222Z,sell,2.394e-05,63.0,0.00150822
GRS/BTC,1585699571410,2020-04-01T00:06:11.410Z,buy,2.402e-05,9.0,0.00021618
GRS/BTC,1585699964090,2020-04-01T00:12:44.090Z,sell,2.394e-05,105.0,0.0025137000000000002
GRS/BTC,1585700000201,2020-04-01T00:13:20.201Z,buy,2.397e-05,2.0,4.794e-05
GRS/BTC,1585700052453,2020-04-01T00:14:12.453Z,buy,2.398e-05,7.0,0.00016786
GRS/BTC,1585700104645,2020-04-01T00:15:04.645Z,sell,2.398e-05,3009.0,0.07215582
GRS/BTC,1585700104664,2020-04-01T00:15:04.664Z,sell,2.398e-05,527.0,0.01263746
GRS/BTC,1585700107702,2020-04-01T00:15:07.702Z,sell,2.398e-05,301.0,0.007217980000000001
GRS/BTC,1585700178315,2020-04-01T00:16:18.315Z,sell,2.398e-05,805.0,0.019303900000000002
GRS/BTC,1585700200467,2020-04-01T00:16:40.467Z,sell,2.398e-05,30.0,0.0007194
GRS/BTC,1585700204504,2020-04-01T00:16:44.504Z,sell,2.398e-05,17.0,0.00040766
GRS/BTC,1585700231114,2020-04-01T00:17:11.114Z,sell,2.398e-05,416.0,0.00997568
GRS/BTC,1585700255206,2020-04-01T00:17:35.206Z,sell,2.398e-05,60.0,0.0014388
GRS/BTC,1585700270103,2020-04-01T00:17:50.103Z,sell,2.398e-05,416.0,0.00997568
GRS/BTC,1585700274101,2020-04-01T00:17:54.101Z,sell,2.398e-05,376.0,0.00901648
GRS/BTC,1585700275101,2020-04-01T00:17:55.101Z,sell,2.398e-05,376.0,0.00901648
GRS/BTC,1585700280099,2020-04-01T00:18:00.099Z,sell,2.398e-05,416.0,0.00997568
GRS/BTC,1585700282600,2020-04-01T00:18:02.600Z,sell,2.398e-05,786.0,0.018848280000000002
GRS/BTC,1585700285096,2020-04-01T00:18:05.096Z,sell,2.398e-05,416.0,0.00997568
GRS/BTC,1585700286169,2020-04-01T00:18:06.169Z,sell,2.398e-05,416.0,0.00997568
GRS/BTC,1585700288611,2020-04-01T00:18:08.611Z,sell,2.398e-05,802.0,0.01923196
GRS/BTC,1585700290099,2020-04-01T00:18:10.099Z,sell,2.398e-05,167.0,0.00400466
GRS/BTC,1585700295938,2020-04-01T00:18:15.938Z,sell,2.398e-05,746.0,0.01788908
GRS/BTC,1585700296104,2020-04-01T00:18:16.104Z,sell,2.391e-05,104.0,0.00248664
GRS/BTC,1585700390390,2020-04-01T00:19:50.390Z,sell,2.39e-05,6.0,0.00014340000000000002
GRS/BTC,1585700391108,2020-04-01T00:19:51.108Z,sell,2.388e-05,25.0,0.000597
GRS/BTC,1585700391108,2020-04-01T00:19:51.108Z,sell,2.385e-05,290.0,0.0069165
GRS/BTC,1585700391981,2020-04-01T00:19:51.981Z,sell,2.385e-05,12.0,0.0002862
GRS/BTC,1585700391981,2020-04-01T00:19:51.981Z,sell,2.384e-05,75.0,0.0017879999999999999
GRS/BTC,1585700393590,2020-04-01T00:19:53.590Z,sell,2.379e-05,24.0,0.00057096
GRS/BTC,1585700393590,2020-04-01T00:19:53.590Z,sell,2.378e-05,6.0,0.00014268
GRS/BTC,1585700393590,2020-04-01T00:19:53.590Z,sell,2.374e-05,759.0,0.01801866
GRS/BTC,1585700395065,2020-04-01T00:19:55.065Z,sell,2.374e-05,393.0,0.009329819999999999
GRS/BTC,1585700395065,2020-04-01T00:19:55.065Z,sell,2.373e-05,158.0,0.0037493400000000003
GRS/BTC,1585700395065,2020-04-01T00:19:55.065Z,sell,2.372e-05,75.0,0.001779
GRS/BTC,1585700395065,2020-04-01T00:19:55.065Z,sell,2.37e-05,34.0,0.0008058
GRS/BTC,1585700395360,2020-04-01T00:19:55.360Z,buy,2.374e-05,63.0,0.00149562
GRS/BTC,1585700395360,2020-04-01T00:19:55.360Z,buy,2.379e-05,6.0,0.00014274
GRS/BTC,1585700395360,2020-04-01T00:19:55.360Z,buy,2.38e-05,11.0,0.00026179999999999997
GRS/BTC,1585700396254,2020-04-01T00:19:56.254Z,buy,2.38e-05,80.0,0.0019039999999999999
GRS/BTC,1585700400385,2020-04-01T00:20:00.385Z,buy,2.38e-05,80.0,0.0019039999999999999
GRS/BTC,1585700403337,2020-04-01T00:20:03.337Z,buy,2.38e-05,80.0,0.0019039999999999999
GRS/BTC,1585700434904,2020-04-01T00:20:34.904Z,sell,2.369e-05,47.0,0.0011134299999999999
GRS/BTC,1585700447087,2020-04-01T00:20:47.087Z,sell,2.367e-05,81.0,0.00191727
GRS/BTC,1585700448109,2020-04-01T00:20:48.109Z,sell,2.367e-05,37.0,0.00087579
GRS/BTC,1585700448109,2020-04-01T00:20:48.109Z,sell,2.366e-05,24.0,0.00056784
GRS/BTC,1585700451106,2020-04-01T00:20:51.106Z,sell,2.366e-05,22.0,0.00052052
GRS/BTC,1585700451106,2020-04-01T00:20:51.106Z,sell,2.365e-05,295.0,0.0069767499999999994
GRS/BTC,1585700456108,2020-04-01T00:20:56.108Z,sell,2.365e-05,296.0,0.0070003999999999995
GRS/BTC,1585700460058,2020-04-01T00:21:00.058Z,sell,2.365e-05,300.0,0.007095
GRS/BTC,1585700460243,2020-04-01T00:21:00.243Z,buy,2.365e-05,20.0,0.000473
GRS/BTC,1585700460340,2020-04-01T00:21:00.340Z,buy,2.365e-05,223.0,0.0052739499999999995
GRS/BTC,1585700460350,2020-04-01T00:21:00.350Z,buy,2.365e-05,53.0,0.00125345
GRS/BTC,1585700462001,2020-04-01T00:21:02.001Z,sell,2.375e-05,53.0,0.00125875
GRS/BTC,1585700471935,2020-04-01T00:21:11.935Z,sell,2.375e-05,323.0,0.00767125
GRS/BTC,1585700471935,2020-04-01T00:21:11.935Z,sell,2.374e-05,188.0,0.00446312
GRS/BTC,1585700471935,2020-04-01T00:21:11.935Z,sell,2.364e-05,10.0,0.0002364
GRS/BTC,1585700471935,2020-04-01T00:21:11.935Z,sell,2.363e-05,156.0,0.0036862799999999997
GRS/BTC,1585700471935,2020-04-01T00:21:11.935Z,sell,2.362e-05,26.0,0.00061412
GRS/BTC,1585700471935,2020-04-01T00:21:11.935Z,sell,2.361e-05,160.0,0.0037776
GRS/BTC,1585700471935,2020-04-01T00:21:11.935Z,sell,2.36e-05,1079.0,0.0254644
GRS/BTC,1585700471935,2020-04-01T00:21:11.935Z,sell,2.359e-05,62.0,0.00146258
GRS/BTC,1585700471935,2020-04-01T00:21:11.935Z,sell,2.358e-05,430.0,0.0101394
GRS/BTC,1585700471935,2020-04-01T00:21:11.935Z,sell,2.357e-05,241.0,0.00568037
GRS/BTC,1585700471935,2020-04-01T00:21:11.935Z,sell,2.355e-05,6.0,0.0001413
GRS/BTC,1585700471935,2020-04-01T00:21:11.935Z,sell,2.353e-05,101.0,0.00237653
GRS/BTC,1585700471935,2020-04-01T00:21:11.935Z,sell,2.35e-05,77.0,0.0018095
GRS/BTC,1585700471935,2020-04-01T00:21:11.935Z,sell,2.349e-05,957.0,0.02247993
GRS/BTC,1585700471935,2020-04-01T00:21:11.935Z,sell,2.348e-05,5.0,0.0001174
GRS/BTC,1585700471935,2020-04-01T00:21:11.935Z,sell,2.347e-05,43.0,0.00100921
GRS/BTC,1585700471935,2020-04-01T00:21:11.935Z,sell,2.346e-05,1218.0,0.02857428
GRS/BTC,1585700471935,2020-04-01T00:21:11.935Z,sell,2.345e-05,1754.0,0.0411313
GRS/BTC,1585700476881,2020-04-01T00:21:16.881Z,buy,2.367e-05,6.0,0.00014202
GRS/BTC,1585700476881,2020-04-01T00:21:16.881Z,buy,2.375e-05,3.0,7.125e-05
GRS/BTC,1585700481102,2020-04-01T00:21:21.102Z,sell,2.357e-05,300.0,0.007071
GRS/BTC,1585700485379,2020-04-01T00:21:25.379Z,sell,2.373e-05,300.0,0.007119
GRS/BTC,1585700513585,2020-04-01T00:21:53.585Z,sell,2.373e-05,497.0,0.01179381
GRS/BTC,1585700526554,2020-04-01T00:22:06.554Z,sell,2.373e-05,415.0,0.009847950000000001
GRS/BTC,1585700563816,2020-04-01T00:22:43.816Z,sell,2.361e-05,77.0,0.00181797
GRS/BTC,1585700629942,2020-04-01T00:23:49.942Z,sell,2.357e-05,30.0,0.0007071
GRS/BTC,1585700629942,2020-04-01T00:23:49.942Z,sell,2.355e-05,608.0,0.0143184
GRS/BTC,1585700729208,2020-04-01T00:25:29.208Z,buy,2.359e-05,24.0,0.00056616
GRS/BTC,1585700729208,2020-04-01T00:25:29.208Z,buy,2.367e-05,6.0,0.00014202
GRS/BTC,1585700729208,2020-04-01T00:25:29.208Z,buy,2.369e-05,10.0,0.00023689999999999998
GRS/BTC,1585700729208,2020-04-01T00:25:29.208Z,buy,2.359e-05,24.0,0.00056616
GRS/BTC,1585700729208,2020-04-01T00:25:29.208Z,buy,2.367e-05,6.0,0.00014202
GRS/BTC,1585700729208,2020-04-01T00:25:29.208Z,buy,2.369e-05,10.0,0.00023689999999999998
GRS/BTC,1585700839543,2020-04-01T00:27:19.543Z,buy,2.369e-05,22.0,0.00052118
GRS/BTC,1585700852612,2020-04-01T00:27:32.612Z,buy,2.369e-05,22.0,0.00052118
GRS/BTC,1585700852612,2020-04-01T00:27:32.612Z,buy,2.371e-05,178.0,0.00422038
GRS/BTC,1585700872376,2020-04-01T00:27:52.376Z,buy,2.372e-05,38.0,0.00090136
GRS/BTC,1585701650416,2020-04-01T00:40:50.416Z,buy,2.371e-05,9.0,0.00021339000000000002
GRS/BTC,1585701650416,2020-04-01T00:40:50.416Z,buy,2.372e-05,38.0,0.00090136
GRS/BTC,1585701650416,2020-04-01T00:40:50.416Z,buy,2.375e-05,39.0,0.0009262500000000001
GRS/BTC,1585701650416,2020-04-01T00:40:50.416Z,buy,2.378e-05,130.0,0.0030914
GRS/BTC,1585701650416,2020-04-01T00:40:50.416Z,buy,2.379e-05,1130.0,0.026882700000000002
GRS/BTC,1585701650416,2020-04-01T00:40:50.416Z,buy,2.38e-05,138.0,0.0032844
GRS/BTC,1585701652522,2020-04-01T00:40:52.522Z,buy,2.38e-05,376.0,0.0089488
GRS/BTC,1585701654809,2020-04-01T00:40:54.809Z,buy,2.381e-05,5.0,0.00011905000000000001
GRS/BTC,1585701685096,2020-04-01T00:41:25.096Z,buy,2.381e-05,63.0,0.00150003
GRS/BTC,1585701690106,2020-04-01T00:41:30.106Z,buy,2.381e-05,2.0,4.762e-05
GRS/BTC,1585701690106,2020-04-01T00:41:30.106Z,buy,2.382e-05,144.0,0.00343008
GRS/BTC,1585701856389,2020-04-01T00:44:16.389Z,buy,2.382e-05,5.0,0.0001191
GRS/BTC,1585701857801,2020-04-01T00:44:17.801Z,buy,2.382e-05,5.0,0.0001191
GRS/BTC,1585701893445,2020-04-01T00:44:53.445Z,buy,2.382e-05,2.0,4.764e-05
GRS/BTC,1585701893445,2020-04-01T00:44:53.445Z,buy,2.384e-05,75.0,0.0017879999999999999
GRS/BTC,1585701893445,2020-04-01T00:44:53.445Z,buy,2.386e-05,13.0,0.00031017999999999996
GRS/BTC,1585701893445,2020-04-01T00:44:53.445Z,buy,2.387e-05,332.0,0.00792484
GRS/BTC,1585702634102,2020-04-01T00:57:14.102Z,sell,2.373e-05,63.0,0.00149499
GRS/BTC,1585702844214,2020-04-01T01:00:44.214Z,sell,2.374e-05,9.0,0.00021366
GRS/BTC,1585702844214,2020-04-01T01:00:44.214Z,sell,2.373e-05,389.0,0.00923097
GRS/BTC,1585702844214,2020-04-01T01:00:44.214Z,sell,2.372e-05,76.0,0.00180272
GRS/BTC,1585702844214,2020-04-01T01:00:44.214Z,sell,2.371e-05,12.0,0.00028452
GRS/BTC,1585702882661,2020-04-01T01:01:22.661Z,buy,2.37e-05,21.0,0.0004977
GRS/BTC,1585702918299,2020-04-01T01:01:58.299Z,sell,2.369e-05,24.0,0.00056856
GRS/BTC,1585702918299,2020-04-01T01:01:58.299Z,sell,2.367e-05,6.0,0.00014202
GRS/BTC,1585702918299,2020-04-01T01:01:58.299Z,sell,2.365e-05,300.0,0.007095
GRS/BTC,1585702918299,2020-04-01T01:01:58.299Z,sell,2.363e-05,1234.0,0.02915942
GRS/BTC,1585702918299,2020-04-01T01:01:58.299Z,sell,2.362e-05,676.0,0.01596712
GRS/BTC,1585702918299,2020-04-01T01:01:58.299Z,sell,2.361e-05,77.0,0.00181797
GRS/BTC,1585702918299,2020-04-01T01:01:58.299Z,sell,2.359e-05,46.0,0.00108514
GRS/BTC,1585702918299,2020-04-01T01:01:58.299Z,sell,2.355e-05,353.0,0.00831315
GRS/BTC,1585702918299,2020-04-01T01:01:58.299Z,sell,2.353e-05,774.0,0.01821222
GRS/BTC,1585702918299,2020-04-01T01:01:58.299Z,sell,2.35e-05,76.0,0.0017859999999999998
GRS/BTC,1585702918299,2020-04-01T01:01:58.299Z,sell,2.349e-05,24.0,0.00056376
GRS/BTC,1585702918299,2020-04-01T01:01:58.299Z,sell,2.348e-05,5.0,0.0001174
GRS/BTC,1585702918299,2020-04-01T01:01:58.299Z,sell,2.347e-05,2474.0,0.05806478
GRS/BTC,1585702918299,2020-04-01T01:01:58.299Z,sell,2.346e-05,13000.0,0.30498
GRS/BTC,1585702918299,2020-04-01T01:01:58.299Z,sell,2.343e-05,668.0,0.01565124
GRS/BTC,1585702918299,2020-04-01T01:01:58.299Z,sell,2.342e-05,21.0,0.00049182
GRS/BTC,1585702918299,2020-04-01T01:01:58.299Z,sell,2.341e-05,9.0,0.00021069
GRS/BTC,1585702918299,2020-04-01T01:01:58.299Z,sell,2.34e-05,65.0,0.001521
GRS/BTC,1585702918299,2020-04-01T01:01:58.299Z,sell,2.339e-05,888.0,0.020770320000000002
GRS/BTC,1585702918299,2020-04-01T01:01:58.299Z,sell,2.338e-05,83.0,0.00194054
GRS/BTC,1585702918299,2020-04-01T01:01:58.299Z,sell,2.337e-05,35.0,0.00081795
GRS/BTC,1585702918299,2020-04-01T01:01:58.299Z,sell,2.336e-05,2180.0,0.0509248
GRS/BTC,1585702918299,2020-04-01T01:01:58.299Z,sell,2.334e-05,10.0,0.0002334
GRS/BTC,1585702918299,2020-04-01T01:01:58.299Z,sell,2.332e-05,6.0,0.00013992
GRS/BTC,1585702918299,2020-04-01T01:01:58.299Z,sell,2.331e-05,29.0,0.00067599
GRS/BTC,1585702918299,2020-04-01T01:01:58.299Z,sell,2.33e-05,14720.0,0.342976
GRS/BTC,1585702918316,2020-04-01T01:01:58.316Z,buy,2.33e-05,134.0,0.0031222
GRS/BTC,1585702918317,2020-04-01T01:01:58.317Z,buy,2.33e-05,134.0,0.0031222
GRS/BTC,1585702918317,2020-04-01T01:01:58.317Z,buy,2.33e-05,134.0,0.0031222
GRS/BTC,1585702918317,2020-04-01T01:01:58.317Z,buy,2.33e-05,134.0,0.0031222
GRS/BTC,1585702918317,2020-04-01T01:01:58.317Z,buy,2.33e-05,134.0,0.0031222
GRS/BTC,1585702918317,2020-04-01T01:01:58.317Z,buy,2.33e-05,134.0,0.0031222
GRS/BTC,1585702918317,2020-04-01T01:01:58.317Z,buy,2.33e-05,134.0,0.0031222
GRS/BTC,1585702918317,2020-04-01T01:01:58.317Z,buy,2.33e-05,134.0,0.0031222
GRS/BTC,1585702918317,2020-04-01T01:01:58.317Z,buy,2.33e-05,134.0,0.0031222
GRS/BTC,1585702918318,2020-04-01T01:01:58.318Z,buy,2.33e-05,134.0,0.0031222
GRS/BTC,1585702918318,2020-04-01T01:01:58.318Z,buy,2.33e-05,2.0,4.66e-05
GRS/BTC,1585702918319,2020-04-01T01:01:58.319Z,buy,2.33e-05,134.0,0.0031222
GRS/BTC,1585702918319,2020-04-01T01:01:58.319Z,buy,2.33e-05,134.0,0.0031222
GRS/BTC,1585702918319,2020-04-01T01:01:58.319Z,buy,2.33e-05,164.0,0.0038212000000000003
GRS/BTC,1585702918319,2020-04-01T01:01:58.319Z,buy,2.33e-05,134.0,0.0031222
GRS/BTC,1585702918319,2020-04-01T01:01:58.319Z,buy,2.33e-05,134.0,0.0031222
GRS/BTC,1585702918319,2020-04-01T01:01:58.319Z,buy,2.33e-05,134.0,0.0031222
GRS/BTC,1585702918319,2020-04-01T01:01:58.319Z,buy,2.33e-05,134.0,0.0031222
GRS/BTC,1585702918319,2020-04-01T01:01:58.319Z,buy,2.33e-05,134.0,0.0031222
GRS/BTC,1585702918320,2020-04-01T01:01:58.320Z,buy,2.33e-05,134.0,0.0031222
GRS/BTC,1585702918320,2020-04-01T01:01:58.320Z,buy,2.33e-05,134.0,0.0031222
GRS/BTC,1585702918321,2020-04-01T01:01:58.321Z,buy,2.33e-05,134.0,0.0031222
GRS/BTC,1585702918321,2020-04-01T01:01:58.321Z,buy,2.33e-05,5354.0,0.1247482
GRS/BTC,1585702918321,2020-04-01T01:01:58.321Z,buy,2.33e-05,134.0,0.0031222
GRS/BTC,1585702918321,2020-04-01T01:01:58.321Z,buy,2.33e-05,134.0,0.0031222
GRS/BTC,1585702918321,2020-04-01T01:01:58.321Z,buy,2.33e-05,134.0,0.0031222
GRS/BTC,1585702918321,2020-04-01T01:01:58.321Z,buy,2.33e-05,134.0,0.0031222
GRS/BTC,1585702918321,2020-04-01T01:01:58.321Z,buy,2.33e-05,134.0,0.0031222
GRS/BTC,1585702918322,2020-04-01T01:01:58.322Z,buy,2.33e-05,134.0,0.0031222
GRS/BTC,1585702918323,2020-04-01T01:01:58.323Z,buy,2.33e-05,134.0,0.0031222
GRS/BTC,1585702918323,2020-04-01T01:01:58.323Z,buy,2.33e-05,680.0,0.015844
GRS/BTC,1585702918323,2020-04-01T01:01:58.323Z,buy,2.33e-05,134.0,0.0031222
GRS/BTC,1585702918324,2020-04-01T01:01:58.324Z,buy,2.33e-05,134.0,0.0031222
GRS/BTC,1585702918324,2020-04-01T01:01:58.324Z,buy,2.33e-05,134.0,0.0031222
GRS/BTC,1585702918324,2020-04-01T01:01:58.324Z,buy,2.33e-05,942.0,0.021948600000000002
GRS/BTC,1585702918324,2020-04-01T01:01:58.324Z,buy,2.33e-05,134.0,0.0031222
GRS/BTC,1585702918324,2020-04-01T01:01:58.324Z,buy,2.33e-05,134.0,0.0031222
GRS/BTC,1585702918324,2020-04-01T01:01:58.324Z,buy,2.33e-05,134.0,0.0031222
GRS/BTC,1585702918324,2020-04-01T01:01:58.324Z,buy,2.33e-05,134.0,0.0031222
GRS/BTC,1585702918324,2020-04-01T01:01:58.324Z,buy,2.33e-05,134.0,0.0031222
GRS/BTC,1585702918325,2020-04-01T01:01:58.325Z,buy,2.33e-05,134.0,0.0031222
GRS/BTC,1585702918325,2020-04-01T01:01:58.325Z,buy,2.33e-05,134.0,0.0031222
GRS/BTC,1585702918326,2020-04-01T01:01:58.326Z,buy,2.33e-05,134.0,0.0031222
GRS/BTC,1585702918330,2020-04-01T01:01:58.330Z,buy,2.33e-05,134.0,0.0031222
GRS/BTC,1585702918334,2020-04-01T01:01:58.334Z,buy,2.33e-05,134.0,0.0031222
GRS/BTC,1585702918342,2020-04-01T01:01:58.342Z,buy,2.33e-05,669.0,0.015587700000000001
GRS/BTC,1585702918368,2020-04-01T01:01:58.368Z,sell,2.329e-05,414.0,0.00964206
GRS/BTC,1585702918368,2020-04-01T01:01:58.368Z,sell,2.329e-05,260.0,0.0060554
GRS/BTC,1585702918382,2020-04-01T01:01:58.382Z,buy,2.33e-05,5339.0,0.1243987
GRS/BTC,1585702918390,2020-04-01T01:01:58.390Z,buy,2.33e-05,1076.0,0.0250708
GRS/BTC,1585702918433,2020-04-01T01:01:58.433Z,buy,2.33e-05,6881.0,0.1603273
GRS/BTC,1585702918441,2020-04-01T01:01:58.441Z,sell,2.329e-05,515.0,0.011994349999999999
GRS/BTC,1585702918441,2020-04-01T01:01:58.441Z,sell,2.327e-05,84.0,0.00195468
GRS/BTC,1585702918441,2020-04-01T01:01:58.441Z,sell,2.326e-05,554.0,0.01288604
GRS/BTC,1585702918441,2020-04-01T01:01:58.441Z,sell,2.325e-05,1124.0,0.026133
GRS/BTC,1585702918441,2020-04-01T01:01:58.441Z,sell,2.324e-05,585.0,0.0135954
GRS/BTC,1585702918441,2020-04-01T01:01:58.441Z,sell,2.322e-05,39.0,0.00090558
GRS/BTC,1585702918441,2020-04-01T01:01:58.441Z,sell,2.321e-05,1299.0,0.03014979
GRS/BTC,1585702918441,2020-04-01T01:01:58.441Z,sell,2.32e-05,933.0,0.0216456
GRS/BTC,1585702918441,2020-04-01T01:01:58.441Z,sell,2.319e-05,1227.0,0.02845413
GRS/BTC,1585702918441,2020-04-01T01:01:58.441Z,sell,2.319e-05,40.0,0.0009276
GRS/BTC,1585702918490,2020-04-01T01:01:58.490Z,buy,2.332e-05,429.0,0.01000428
GRS/BTC,1585702918490,2020-04-01T01:01:58.490Z,buy,2.333e-05,2701.0,0.06301433
GRS/BTC,1585702918893,2020-04-01T01:01:58.893Z,buy,2.359e-05,300.0,0.007077
GRS/BTC,1585702919035,2020-04-01T01:01:59.035Z,sell,2.346e-05,21.0,0.00049266
GRS/BTC,1585702919035,2020-04-01T01:01:59.035Z,sell,2.343e-05,279.0,0.0065369700000000005
GRS/BTC,1585702919223,2020-04-01T01:01:59.223Z,buy,2.357e-05,25.0,0.00058925
GRS/BTC,1585702919223,2020-04-01T01:01:59.223Z,buy,2.359e-05,9.0,0.00021231
GRS/BTC,1585702919309,2020-04-01T01:01:59.309Z,sell,2.344e-05,1610.0,0.0377384
GRS/BTC,1585702919361,2020-04-01T01:01:59.361Z,sell,2.344e-05,2.0,4.688e-05
GRS/BTC,1585702919361,2020-04-01T01:01:59.361Z,sell,2.343e-05,2008.0,0.04704744
GRS/BTC,1585702919789,2020-04-01T01:01:59.789Z,buy,2.353e-05,551.0,0.01296503
GRS/BTC,1585702920050,2020-04-01T01:02:00.050Z,buy,2.353e-05,49.0,0.00115297
GRS/BTC,1585702920098,2020-04-01T01:02:00.098Z,sell,2.343e-05,88.0,0.00206184
GRS/BTC,1585702920536,2020-04-01T01:02:00.536Z,sell,2.343e-05,50.0,0.0011715
GRS/BTC,1585702920576,2020-04-01T01:02:00.576Z,buy,2.353e-05,750.0,0.0176475
GRS/BTC,1585702920669,2020-04-01T01:02:00.669Z,buy,2.353e-05,590.0,0.0138827
GRS/BTC,1585702921099,2020-04-01T01:02:01.099Z,buy,2.353e-05,422.0,0.00992966
GRS/BTC,1585702921166,2020-04-01T01:02:01.166Z,buy,2.353e-05,653.0,0.01536509
GRS/BTC,1585702921166,2020-04-01T01:02:01.166Z,buy,2.354e-05,472.0,0.01111088
GRS/BTC,1585702921166,2020-04-01T01:02:01.166Z,buy,2.356e-05,130.0,0.0030628
GRS/BTC,1585702921704,2020-04-01T01:02:01.704Z,sell,2.343e-05,6.0,0.00014058
GRS/BTC,1585702921818,2020-04-01T01:02:01.818Z,sell,2.353e-05,189.0,0.00444717
GRS/BTC,1585702922199,2020-04-01T01:02:02.199Z,sell,2.343e-05,6.0,0.00014058
GRS/BTC,1585702926372,2020-04-01T01:02:06.372Z,sell,2.342e-05,42.0,0.00098364
GRS/BTC,1585702926372,2020-04-01T01:02:06.372Z,sell,2.339e-05,85.0,0.00198815
GRS/BTC,1585702926372,2020-04-01T01:02:06.372Z,sell,2.336e-05,454.0,0.01060544
GRS/BTC,1585702926372,2020-04-01T01:02:06.372Z,sell,2.334e-05,476.0,0.01110984
GRS/BTC,1585702927010,2020-04-01T01:02:07.010Z,sell,2.335e-05,285.0,0.006654749999999999
GRS/BTC,1585702927015,2020-04-01T01:02:07.015Z,buy,2.353e-05,443.0,0.01042379
GRS/BTC,1585702930898,2020-04-01T01:02:10.898Z,sell,2.335e-05,147.0,0.0034324499999999997
GRS/BTC,1585702934021,2020-04-01T01:02:14.021Z,sell,2.335e-05,24.0,0.0005604
GRS/BTC,1585702939402,2020-04-01T01:02:19.402Z,sell,2.336e-05,300.0,0.007008
GRS/BTC,1585702939531,2020-04-01T01:02:19.531Z,buy,2.338e-05,78.0,0.00182364
GRS/BTC,1585702941321,2020-04-01T01:02:21.321Z,buy,2.35e-05,313.0,0.007355499999999999
GRS/BTC,1585702942079,2020-04-01T01:02:22.079Z,buy,2.35e-05,248.0,0.005828
GRS/BTC,1585702942079,2020-04-01T01:02:22.079Z,buy,2.351e-05,65.0,0.00152815
GRS/BTC,1585702942162,2020-04-01T01:02:22.162Z,buy,2.351e-05,304.0,0.00714704
GRS/BTC,1585702942162,2020-04-01T01:02:22.162Z,buy,2.352e-05,169.0,0.00397488
GRS/BTC,1585702945185,2020-04-01T01:02:25.185Z,buy,2.352e-05,551.0,0.012959519999999999
GRS/BTC,1585702945746,2020-04-01T01:02:25.746Z,buy,2.352e-05,545.0,0.012818399999999999
GRS/BTC,1585702948537,2020-04-01T01:02:28.537Z,buy,2.352e-05,540.0,0.0127008
GRS/BTC,1585702954203,2020-04-01T01:02:34.203Z,buy,2.352e-05,217.0,0.005103839999999999
GRS/BTC,1585702956269,2020-04-01T01:02:36.269Z,sell,2.338e-05,313.0,0.00731794
GRS/BTC,1585702969081,2020-04-01T01:02:49.081Z,buy,2.35e-05,5.0,0.0001175
GRS/BTC,1585703001091,2020-04-01T01:03:21.091Z,buy,2.348e-05,424.0,0.009955519999999999
GRS/BTC,1585703001203,2020-04-01T01:03:21.203Z,buy,2.348e-05,51.0,0.00119748
GRS/BTC,1585703001203,2020-04-01T01:03:21.203Z,buy,2.349e-05,564.0,0.01324836
GRS/BTC,1585703001203,2020-04-01T01:03:21.203Z,buy,2.35e-05,71.0,0.0016684999999999998
GRS/BTC,1585703001203,2020-04-01T01:03:21.203Z,buy,2.351e-05,17.0,0.00039967000000000003
GRS/BTC,1585703001238,2020-04-01T01:03:21.238Z,sell,2.351e-05,336.0,0.00789936
GRS/BTC,1585703049367,2020-04-01T01:04:09.367Z,buy,2.347e-05,430.0,0.0100921
GRS/BTC,1585703079509,2020-04-01T01:04:39.509Z,buy,2.349e-05,2.0,4.698e-05
GRS/BTC,1585703080112,2020-04-01T01:04:40.112Z,buy,2.349e-05,5.0,0.00011745000000000001
GRS/BTC,1585703080112,2020-04-01T01:04:40.112Z,buy,2.351e-05,9.0,0.00021159
GRS/BTC,1585703080665,2020-04-01T01:04:40.665Z,sell,2.351e-05,6.0,0.00014106
GRS/BTC,1585703161074,2020-04-01T01:06:01.074Z,sell,2.351e-05,9.0,0.00021159
GRS/BTC,1585703173478,2020-04-01T01:06:13.478Z,buy,2.349e-05,2.0,4.698e-05
GRS/BTC,1585703193830,2020-04-01T01:06:33.830Z,sell,2.342e-05,24.0,0.00056208
GRS/BTC,1585703206132,2020-04-01T01:06:46.132Z,buy,2.346e-05,54.0,0.00126684
GRS/BTC,1585703206132,2020-04-01T01:06:46.132Z,buy,2.349e-05,96.0,0.00225504
GRS/BTC,1585703208892,2020-04-01T01:06:48.892Z,buy,2.349e-05,24.0,0.00056376
GRS/BTC,1585703209409,2020-04-01T01:06:49.409Z,buy,2.349e-05,24.0,0.00056376
GRS/BTC,1585703238412,2020-04-01T01:07:18.412Z,buy,2.343e-05,156.0,0.0036550800000000002
GRS/BTC,1585703424103,2020-04-01T01:10:24.103Z,buy,2.348e-05,64.0,0.00150272
GRS/BTC,1585703427784,2020-04-01T01:10:27.784Z,buy,2.348e-05,14.0,0.00032872
GRS/BTC,1585703427784,2020-04-01T01:10:27.784Z,buy,2.349e-05,286.0,0.00671814
GRS/BTC,1585703440271,2020-04-01T01:10:40.271Z,sell,2.343e-05,5.0,0.00011715
GRS/BTC,1585703440271,2020-04-01T01:10:40.271Z,sell,2.342e-05,281.0,0.00658102
GRS/BTC,1585703444168,2020-04-01T01:10:44.168Z,buy,2.349e-05,14.0,0.00032886
GRS/BTC,1585703444168,2020-04-01T01:10:44.168Z,buy,2.351e-05,3592.0,0.08444792
GRS/BTC,1585703554033,2020-04-01T01:12:34.033Z,buy,2.351e-05,14.0,0.00032914
GRS/BTC,1585703561651,2020-04-01T01:12:41.651Z,buy,2.352e-05,2.0,4.704e-05
GRS/BTC,1585703566912,2020-04-01T01:12:46.912Z,buy,2.352e-05,22.0,0.00051744
GRS/BTC,1585703607107,2020-04-01T01:13:27.107Z,buy,2.351e-05,7.0,0.00016457
GRS/BTC,1585703607107,2020-04-01T01:13:27.107Z,buy,2.352e-05,99.0,0.00232848
GRS/BTC,1585703671108,2020-04-01T01:14:31.108Z,buy,2.352e-05,34.0,0.00079968
GRS/BTC,1585703671108,2020-04-01T01:14:31.108Z,buy,2.353e-05,72.0,0.0016941600000000001
GRS/BTC,1585704248390,2020-04-01T01:24:08.390Z,buy,2.352e-05,2.0,4.704e-05
GRS/BTC,1585704248390,2020-04-01T01:24:08.390Z,buy,2.352e-05,2.0,4.704e-05
GRS/BTC,1585704384120,2020-04-01T01:26:24.120Z,buy,2.352e-05,7.0,0.00016464
GRS/BTC,1585704384120,2020-04-01T01:26:24.120Z,buy,2.353e-05,42.0,0.00098826
GRS/BTC,1585704409141,2020-04-01T01:26:49.141Z,sell,2.353e-05,7.0,0.00016471
GRS/BTC,1585704417723,2020-04-01T01:26:57.723Z,sell,2.353e-05,6.0,0.00014118
GRS/BTC,1585704453133,2020-04-01T01:27:33.133Z,buy,2.354e-05,2.0,4.708e-05
GRS/BTC,1585704659339,2020-04-01T01:30:59.339Z,sell,2.35e-05,9.0,0.0002115
GRS/BTC,1585704722047,2020-04-01T01:32:02.047Z,sell,2.349e-05,26.0,0.00061074
GRS/BTC,1585704881151,2020-04-01T01:34:41.151Z,buy,2.347e-05,2.0,4.694e-05
GRS/BTC,1585704926714,2020-04-01T01:35:26.714Z,buy,2.345e-05,2.0,4.69e-05
GRS/BTC,1585705115120,2020-04-01T01:38:35.120Z,buy,2.342e-05,424.0,0.009930079999999999
GRS/BTC,1585705117104,2020-04-01T01:38:37.104Z,buy,2.342e-05,382.0,0.00894644
GRS/BTC,1585705117779,2020-04-01T01:38:37.779Z,buy,2.342e-05,10.0,0.0002342
GRS/BTC,1585705117779,2020-04-01T01:38:37.779Z,buy,2.343e-05,479.0,0.01122297
GRS/BTC,1585705161102,2020-04-01T01:39:21.102Z,buy,2.342e-05,36.0,0.0008431199999999999
GRS/BTC,1585705161102,2020-04-01T01:39:21.102Z,buy,2.345e-05,261.0,0.00612045
GRS/BTC,1585705255458,2020-04-01T01:40:55.458Z,sell,2.339e-05,300.0,0.007017000000000001
GRS/BTC,1585705309101,2020-04-01T01:41:49.101Z,buy,2.343e-05,425.0,0.00995775
GRS/BTC,1585705320661,2020-04-01T01:42:00.661Z,buy,2.342e-05,185.0,0.0043327
GRS/BTC,1585705333669,2020-04-01T01:42:13.669Z,buy,2.342e-05,500.0,0.01171
GRS/BTC,1585705334760,2020-04-01T01:42:14.760Z,buy,2.342e-05,171.0,0.00400482
GRS/BTC,1585705394881,2020-04-01T01:43:14.881Z,buy,2.348e-05,2.0,4.696e-05
GRS/BTC,1585705503118,2020-04-01T01:45:03.118Z,buy,2.345e-05,5.0,0.00011725
GRS/BTC,1585705503118,2020-04-01T01:45:03.118Z,buy,2.347e-05,14.0,0.00032858000000000003
GRS/BTC,1585705696263,2020-04-01T01:48:16.263Z,sell,2.347e-05,10.0,0.0002347
GRS/BTC,1585705729586,2020-04-01T01:48:49.586Z,sell,2.339e-05,23.0,0.00053797
GRS/BTC,1585706029661,2020-04-01T01:53:49.661Z,sell,2.339e-05,15.0,0.00035085000000000004
GRS/BTC,1585706060249,2020-04-01T01:54:20.249Z,sell,2.339e-05,202.0,0.0047247800000000005
GRS/BTC,1585706442187,2020-04-01T02:00:42.187Z,buy,2.346e-05,6.0,0.00014076
GRS/BTC,1585706442187,2020-04-01T02:00:42.187Z,buy,2.347e-05,3.0,7.041e-05
GRS/BTC,1585706451102,2020-04-01T02:00:51.102Z,buy,2.348e-05,9.0,0.00021131999999999998
GRS/BTC,1585706451102,2020-04-01T02:00:51.102Z,buy,2.349e-05,55.0,0.00129195
GRS/BTC,1585707054785,2020-04-01T02:10:54.785Z,buy,2.348e-05,2.0,4.696e-05
GRS/BTC,1585707139137,2020-04-01T02:12:19.137Z,sell,2.347e-05,9.0,0.00021123
GRS/BTC,1585707210098,2020-04-01T02:13:30.098Z,sell,2.343e-05,235.0,0.00550605
GRS/BTC,1585707237187,2020-04-01T02:13:57.187Z,sell,2.343e-05,18.0,0.00042174000000000004
GRS/BTC,1585707237187,2020-04-01T02:13:57.187Z,sell,2.341e-05,238.0,0.0055715800000000005
GRS/BTC,1585707291196,2020-04-01T02:14:51.196Z,buy,2.344e-05,197.0,0.00461768
GRS/BTC,1585707327251,2020-04-01T02:15:27.251Z,buy,2.345e-05,9.0,0.00021105
GRS/BTC,1585707376246,2020-04-01T02:16:16.246Z,sell,2.346e-05,667.0,0.01564782
GRS/BTC,1585707396955,2020-04-01T02:16:36.955Z,sell,2.346e-05,454.0,0.01065084
GRS/BTC,1585707398251,2020-04-01T02:16:38.251Z,sell,2.346e-05,148.0,0.00347208
GRS/BTC,1585707398251,2020-04-01T02:16:38.251Z,sell,2.346e-05,148.0,0.00347208
GRS/BTC,1585707848770,2020-04-01T02:24:08.770Z,sell,2.338e-05,77.0,0.00180026
GRS/BTC,1585707848770,2020-04-01T02:24:08.770Z,sell,2.336e-05,9.0,0.00021024
GRS/BTC,1585707848770,2020-04-01T02:24:08.770Z,sell,2.335e-05,210.0,0.0049035
GRS/BTC,1585707848770,2020-04-01T02:24:08.770Z,sell,2.334e-05,1091.0,0.02546394
GRS/BTC,1585707848770,2020-04-01T02:24:08.770Z,sell,2.332e-05,1150.0,0.026818
GRS/BTC,1585707848770,2020-04-01T02:24:08.770Z,sell,2.33e-05,24.0,0.0005592
GRS/BTC,1585707848770,2020-04-01T02:24:08.770Z,sell,2.327e-05,77.0,0.00179179
GRS/BTC,1585707848770,2020-04-01T02:24:08.770Z,sell,2.326e-05,1087.0,0.02528362
GRS/BTC,1585707848770,2020-04-01T02:24:08.770Z,sell,2.325e-05,1137.0,0.02643525
GRS/BTC,1585707848770,2020-04-01T02:24:08.770Z,sell,2.324e-05,13156.0,0.30574544000000003
GRS/BTC,1585707848786,2020-04-01T02:24:08.786Z,buy,2.324e-05,56.0,0.00130144
GRS/BTC,1585707848793,2020-04-01T02:24:08.793Z,buy,2.324e-05,67.0,0.0015570800000000002
GRS/BTC,1585707848977,2020-04-01T02:24:08.977Z,buy,2.324e-05,888.0,0.020637120000000002
GRS/BTC,1585707849022,2020-04-01T02:24:09.022Z,buy,2.324e-05,4600.0,0.106904
GRS/BTC,1585707849026,2020-04-01T02:24:09.026Z,buy,2.324e-05,4400.0,0.102256
GRS/BTC,1585707849027,2020-04-01T02:24:09.027Z,buy,2.324e-05,4600.0,0.106904
GRS/BTC,1585707849097,2020-04-01T02:24:09.097Z,buy,2.324e-05,62.0,0.00144088
GRS/BTC,1585707849270,2020-04-01T02:24:09.270Z,buy,2.324e-05,4400.0,0.102256
GRS/BTC,1585707849290,2020-04-01T02:24:09.290Z,buy,2.324e-05,42.0,0.00097608
GRS/BTC,1585707849368,2020-04-01T02:24:09.368Z,buy,2.324e-05,110.0,0.0025564000000000003
GRS/BTC,1585707849497,2020-04-01T02:24:09.497Z,buy,2.324e-05,774.0,0.017987760000000002
GRS/BTC,1585707849526,2020-04-01T02:24:09.526Z,buy,2.324e-05,85.0,0.0019754
GRS/BTC,1585707849764,2020-04-01T02:24:09.764Z,buy,2.324e-05,21.0,0.00048804
GRS/BTC,1585707850246,2020-04-01T02:24:10.246Z,buy,2.324e-05,300.0,0.006972000000000001
GRS/BTC,1585707850367,2020-04-01T02:24:10.367Z,buy,2.324e-05,475.0,0.011039
GRS/BTC,1585707850380,2020-04-01T02:24:10.380Z,sell,2.323e-05,66.0,0.0015331799999999999
GRS/BTC,1585707850380,2020-04-01T02:24:10.380Z,sell,2.322e-05,9.0,0.00020898000000000002
GRS/BTC,1585707850380,2020-04-01T02:24:10.380Z,sell,2.321e-05,225.0,0.00522225
GRS/BTC,1585707850878,2020-04-01T02:24:10.878Z,buy,2.324e-05,512.0,0.01189888
GRS/BTC,1585707872576,2020-04-01T02:24:32.576Z,buy,2.324e-05,9896.0,0.22998304
GRS/BTC,1585707912582,2020-04-01T02:25:12.582Z,buy,2.335e-05,9.0,0.00021014999999999999
GRS/BTC,1585708022101,2020-04-01T02:27:02.101Z,buy,2.331e-05,52.0,0.00121212
GRS/BTC,1585708022101,2020-04-01T02:27:02.101Z,buy,2.332e-05,66.0,0.00153912
GRS/BTC,1585708034063,2020-04-01T02:27:14.063Z,sell,2.335e-05,117.0,0.00273195
GRS/BTC,1585708224690,2020-04-01T02:30:24.690Z,buy,2.335e-05,7.0,0.00016345
GRS/BTC,1585708224690,2020-04-01T02:30:24.690Z,buy,2.336e-05,233.0,0.00544288
GRS/BTC,1585708224726,2020-04-01T02:30:24.726Z,buy,2.338e-05,763.0,0.01783894
GRS/BTC,1585708224761,2020-04-01T02:30:24.761Z,sell,2.337e-05,1043.0,0.024374910000000003
GRS/BTC,1585708227909,2020-04-01T02:30:27.909Z,buy,2.339e-05,415.0,0.009706850000000001
GRS/BTC,1585708283298,2020-04-01T02:31:23.298Z,buy,2.339e-05,458.0,0.01071262
GRS/BTC,1585708326102,2020-04-01T02:32:06.102Z,sell,2.331e-05,107.0,0.00249417
GRS/BTC,1585708330158,2020-04-01T02:32:10.158Z,sell,2.331e-05,12.0,0.00027972
GRS/BTC,1585708330158,2020-04-01T02:32:10.158Z,sell,2.33e-05,25.0,0.0005825
GRS/BTC,1585708330263,2020-04-01T02:32:10.263Z,buy,2.328e-05,70.0,0.0016296000000000001
GRS/BTC,1585708335095,2020-04-01T02:32:15.095Z,sell,2.327e-05,343.0,0.00798161
GRS/BTC,1585708563908,2020-04-01T02:36:03.908Z,sell,2.327e-05,5.0,0.00011635
GRS/BTC,1585708618366,2020-04-01T02:36:58.366Z,buy,2.327e-05,12.0,0.00027924
GRS/BTC,1585708924011,2020-04-01T02:42:04.011Z,sell,2.328e-05,28.0,0.00065184
GRS/BTC,1585709051327,2020-04-01T02:44:11.327Z,sell,2.329e-05,175.0,0.0040757499999999995
GRS/BTC,1585709309094,2020-04-01T02:48:29.094Z,buy,2.329e-05,10.0,0.0002329
GRS/BTC,1585709309094,2020-04-01T02:48:29.094Z,buy,2.33e-05,9.0,0.0002097
GRS/BTC,1585709494246,2020-04-01T02:51:34.246Z,buy,2.337e-05,7.0,0.00016359000000000002
GRS/BTC,1585709495095,2020-04-01T02:51:35.095Z,sell,2.337e-05,9.0,0.00021033
GRS/BTC,1585709529439,2020-04-01T02:52:09.439Z,sell,2.337e-05,5.0,0.00011685000000000001
GRS/BTC,1585709834841,2020-04-01T02:57:14.841Z,sell,2.337e-05,13.0,0.00030381
GRS/BTC,1585709834841,2020-04-01T02:57:14.841Z,sell,2.33e-05,7.0,0.0001631
GRS/BTC,1585709834841,2020-04-01T02:57:14.841Z,sell,2.327e-05,794.0,0.01847638
GRS/BTC,1585709834841,2020-04-01T02:57:14.841Z,sell,2.337e-05,13.0,0.00030381
GRS/BTC,1585709834841,2020-04-01T02:57:14.841Z,sell,2.33e-05,7.0,0.0001631
GRS/BTC,1585709834841,2020-04-01T02:57:14.841Z,sell,2.327e-05,794.0,0.01847638
GRS/BTC,1585711650699,2020-04-01T03:27:30.699Z,buy,2.337e-05,5.0,0.00011685000000000001
GRS/BTC,1585711899503,2020-04-01T03:31:39.503Z,buy,2.338e-05,2.0,4.676e-05
GRS/BTC,1585712648215,2020-04-01T03:44:08.215Z,sell,2.332e-05,9.0,0.00020988000000000002
GRS/BTC,1585712678093,2020-04-01T03:44:38.093Z,sell,2.332e-05,86.0,0.0020055200000000002
GRS/BTC,1585712678103,2020-04-01T03:44:38.103Z,sell,2.332e-05,65.0,0.0015158
GRS/BTC,1585712679635,2020-04-01T03:44:39.635Z,sell,2.332e-05,45.0,0.0010494
GRS/BTC,1585712731122,2020-04-01T03:45:31.122Z,sell,2.332e-05,9.0,0.00020988000000000002
GRS/BTC,1585712731122,2020-04-01T03:45:31.122Z,sell,2.327e-05,6.0,0.00013962
GRS/BTC,1585712731122,2020-04-01T03:45:31.122Z,sell,2.325e-05,415.0,0.00964875
GRS/BTC,1585712731162,2020-04-01T03:45:31.162Z,sell,2.325e-05,875.0,0.02034375
GRS/BTC,1585712731269,2020-04-01T03:45:31.269Z,buy,2.325e-05,242.0,0.0056264999999999996
GRS/BTC,1585712743493,2020-04-01T03:45:43.493Z,buy,2.333e-05,2.0,4.666e-05
GRS/BTC,1585713233227,2020-04-01T03:53:53.227Z,buy,2.327e-05,5.0,0.00011635
GRS/BTC,1585713376749,2020-04-01T03:56:16.749Z,buy,2.327e-05,5.0,0.00011635
GRS/BTC,1585713376749,2020-04-01T03:56:16.749Z,buy,2.327e-05,5.0,0.00011635
GRS/BTC,1585713880826,2020-04-01T04:04:40.826Z,buy,2.327e-05,5.0,0.00011635
GRS/BTC,1585713884516,2020-04-01T04:04:44.516Z,buy,2.327e-05,5.0,0.00011635
GRS/BTC,1585713884516,2020-04-01T04:04:44.516Z,buy,2.332e-05,1.0,2.332e-05
GRS/BTC,1585714238894,2020-04-01T04:10:38.894Z,sell,2.325e-05,7.0,0.00016275
GRS/BTC,1585714238894,2020-04-01T04:10:38.894Z,sell,2.324e-05,1053.0,0.024471720000000002
GRS/BTC,1585714240782,2020-04-01T04:10:40.782Z,sell,2.321e-05,475.0,0.01102475
GRS/BTC,1585714241826,2020-04-01T04:10:41.826Z,sell,2.32e-05,70.0,0.001624
GRS/BTC,1585714249788,2020-04-01T04:10:49.788Z,sell,2.318e-05,4560.0,0.10570080000000001
GRS/BTC,1585714261741,2020-04-01T04:11:01.741Z,sell,2.318e-05,460.0,0.0106628
GRS/BTC,1585714400237,2020-04-01T04:13:20.237Z,buy,2.324e-05,207.0,0.00481068
GRS/BTC,1585714400237,2020-04-01T04:13:20.237Z,buy,2.325e-05,409.0,0.00950925
GRS/BTC,1585714533100,2020-04-01T04:15:33.100Z,buy,2.33e-05,24.0,0.0005592
GRS/BTC,1585714551036,2020-04-01T04:15:51.036Z,buy,2.332e-05,14.0,0.00032648
GRS/BTC,1585714599222,2020-04-01T04:16:39.222Z,buy,2.334e-05,2.0,4.668e-05
GRS/BTC,1585715361761,2020-04-01T04:29:21.761Z,buy,2.333e-05,13.0,0.00030329
GRS/BTC,1585715361761,2020-04-01T04:29:21.761Z,buy,2.334e-05,8.0,0.00018672
GRS/BTC,1585715452775,2020-04-01T04:30:52.775Z,sell,2.332e-05,9.0,0.00020988000000000002
GRS/BTC,1585715452775,2020-04-01T04:30:52.775Z,sell,2.331e-05,7329.0,0.17083899
GRS/BTC,1585715452984,2020-04-01T04:30:52.984Z,sell,2.326e-05,270.0,0.0062802000000000005
GRS/BTC,1585715593109,2020-04-01T04:33:13.109Z,sell,2.321e-05,38.0,0.00088198
GRS/BTC,1585715598290,2020-04-01T04:33:18.290Z,sell,2.32e-05,6.0,0.00013920000000000002
GRS/BTC,1585715598948,2020-04-01T04:33:18.948Z,sell,2.32e-05,24.0,0.0005568000000000001
GRS/BTC,1585715600121,2020-04-01T04:33:20.121Z,sell,2.316e-05,2270.0,0.052573199999999994
GRS/BTC,1585715603279,2020-04-01T04:33:23.279Z,sell,2.316e-05,817.0,0.01892172
GRS/BTC,1585715605106,2020-04-01T04:33:25.106Z,sell,2.316e-05,432.0,0.01000512
GRS/BTC,1585715606095,2020-04-01T04:33:26.095Z,sell,2.316e-05,432.0,0.01000512
GRS/BTC,1585715608133,2020-04-01T04:33:28.133Z,sell,2.316e-05,164.0,0.0037982399999999996
GRS/BTC,1585715608133,2020-04-01T04:33:28.133Z,sell,2.316e-05,942.0,0.021816719999999998
GRS/BTC,1585715611094,2020-04-01T04:33:31.094Z,sell,2.316e-05,432.0,0.01000512
GRS/BTC,1585715616105,2020-04-01T04:33:36.105Z,sell,2.318e-05,65.0,0.0015067000000000001
GRS/BTC,1585715620103,2020-04-01T04:33:40.103Z,sell,2.318e-05,20.0,0.00046360000000000005
GRS/BTC,1585715620103,2020-04-01T04:33:40.103Z,sell,2.316e-05,412.0,0.009541919999999999
GRS/BTC,1585715620300,2020-04-01T04:33:40.300Z,sell,2.316e-05,839.0,0.01943124
GRS/BTC,1585715621105,2020-04-01T04:33:41.105Z,sell,2.316e-05,432.0,0.01000512
GRS/BTC,1585715621893,2020-04-01T04:33:41.893Z,sell,2.316e-05,839.0,0.01943124
GRS/BTC,1585715623474,2020-04-01T04:33:43.474Z,sell,2.316e-05,819.0,0.01896804
GRS/BTC,1585715624896,2020-04-01T04:33:44.896Z,sell,2.316e-05,824.0,0.019083839999999998
GRS/BTC,1585715626131,2020-04-01T04:33:46.131Z,sell,2.316e-05,151.0,0.0034971599999999996
GRS/BTC,1585715627013,2020-04-01T04:33:47.013Z,sell,2.316e-05,816.0,0.01889856
GRS/BTC,1585715628892,2020-04-01T04:33:48.892Z,sell,2.316e-05,803.0,0.01859748
GRS/BTC,1585715631115,2020-04-01T04:33:51.115Z,sell,2.316e-05,238.0,0.00551208
GRS/BTC,1585715631206,2020-04-01T04:33:51.206Z,sell,2.316e-05,834.0,0.01931544
GRS/BTC,1585715632248,2020-04-01T04:33:52.248Z,sell,2.316e-05,833.0,0.01929228
GRS/BTC,1585715633116,2020-04-01T04:33:53.116Z,sell,2.316e-05,52.0,0.0012043199999999998
GRS/BTC,1585715633116,2020-04-01T04:33:53.116Z,sell,2.315e-05,9.0,0.00020835
GRS/BTC,1585715634063,2020-04-01T04:33:54.063Z,buy,2.321e-05,27.0,0.00062667
GRS/BTC,1585715634470,2020-04-01T04:33:54.470Z,sell,2.321e-05,804.0,0.01866084
GRS/BTC,1585715634637,2020-04-01T04:33:54.637Z,sell,2.321e-05,182.0,0.00422422
GRS/BTC,1585715636216,2020-04-01T04:33:56.216Z,sell,2.321e-05,811.0,0.01882331
GRS/BTC,1585715636254,2020-04-01T04:33:56.254Z,sell,2.321e-05,1192.0,0.02766632
GRS/BTC,1585715637108,2020-04-01T04:33:57.108Z,sell,2.315e-05,432.0,0.0100008
GRS/BTC,1585715641103,2020-04-01T04:34:01.103Z,sell,2.315e-05,432.0,0.0100008
GRS/BTC,1585715725985,2020-04-01T04:35:25.985Z,buy,2.326e-05,644.0,0.01497944
GRS/BTC,1585716465573,2020-04-01T04:47:45.573Z,buy,2.324e-05,5.0,0.0001162
GRS/BTC,1585716465573,2020-04-01T04:47:45.573Z,buy,2.325e-05,9.0,0.00020925
GRS/BTC,1585716465573,2020-04-01T04:47:45.573Z,buy,2.324e-05,5.0,0.0001162
GRS/BTC,1585716465573,2020-04-01T04:47:45.573Z,buy,2.325e-05,9.0,0.00020925
GRS/BTC,1585717045291,2020-04-01T04:57:25.291Z,buy,2.327e-05,85.0,0.00197795
GRS/BTC,1585717332105,2020-04-01T05:02:12.105Z,buy,2.328e-05,8.0,0.00018624
GRS/BTC,1585717332105,2020-04-01T05:02:12.105Z,buy,2.329e-05,56.0,0.00130424
GRS/BTC,1585717332433,2020-04-01T05:02:12.433Z,sell,2.328e-05,900.0,0.020952000000000002
GRS/BTC,1585717332445,2020-04-01T05:02:12.445Z,sell,2.328e-05,330.0,0.0076824
GRS/BTC,1585717333599,2020-04-01T05:02:13.599Z,sell,2.328e-05,575.0,0.013386
GRS/BTC,1585717334595,2020-04-01T05:02:14.595Z,sell,2.328e-05,95.0,0.0022116
GRS/BTC,1585717480684,2020-04-01T05:04:40.684Z,sell,2.318e-05,7110.0,0.1648098
GRS/BTC,1585717480684,2020-04-01T05:04:40.684Z,sell,2.316e-05,272.0,0.006299519999999999
GRS/BTC,1585717480684,2020-04-01T05:04:40.684Z,sell,2.315e-05,318.0,0.0073617
GRS/BTC,1585717480684,2020-04-01T05:04:40.684Z,sell,2.314e-05,340.0,0.007867599999999999
GRS/BTC,1585717480684,2020-04-01T05:04:40.684Z,sell,2.313e-05,714.0,0.01651482
GRS/BTC,1585717480832,2020-04-01T05:04:40.832Z,buy,2.314e-05,21.0,0.00048593999999999997
GRS/BTC,1585717504127,2020-04-01T05:05:04.127Z,buy,2.324e-05,64.0,0.00148736
GRS/BTC,1585717509095,2020-04-01T05:05:09.095Z,buy,2.324e-05,21.0,0.00048804
GRS/BTC,1585717509095,2020-04-01T05:05:09.095Z,buy,2.325e-05,344.0,0.007998
GRS/BTC,1585717628740,2020-04-01T05:07:08.740Z,buy,2.326e-05,8.0,0.00018608
GRS/BTC,1585717628740,2020-04-01T05:07:08.740Z,buy,2.327e-05,15.0,0.00034905
GRS/BTC,1585718093522,2020-04-01T05:14:53.522Z,sell,2.317e-05,9.0,0.00020853
GRS/BTC,1585718093522,2020-04-01T05:14:53.522Z,sell,2.316e-05,8.0,0.00018528
GRS/BTC,1585718093522,2020-04-01T05:14:53.522Z,sell,2.314e-05,305.0,0.007057699999999999
GRS/BTC,1585718093522,2020-04-01T05:14:53.522Z,sell,2.313e-05,1574.0,0.03640662
GRS/BTC,1585718331389,2020-04-01T05:18:51.389Z,sell,2.314e-05,1741.0,0.040286739999999994
GRS/BTC,1585718331389,2020-04-01T05:18:51.389Z,sell,2.313e-05,2070.0,0.0478791
GRS/BTC,1585718331389,2020-04-01T05:18:51.389Z,sell,2.312e-05,4944.0,0.11430528
GRS/BTC,1585718415076,2020-04-01T05:20:15.076Z,sell,2.321e-05,17.0,0.00039457
GRS/BTC,1585718481482,2020-04-01T05:21:21.482Z,sell,2.312e-05,7.0,0.00016183999999999998
GRS/BTC,1585718493911,2020-04-01T05:21:33.911Z,buy,2.313e-05,7.0,0.00016191
GRS/BTC,1585718557446,2020-04-01T05:22:37.446Z,sell,2.312e-05,3257.0,0.07530184
GRS/BTC,1585718917873,2020-04-01T05:28:37.873Z,sell,2.312e-05,166.0,0.00383792
GRS/BTC,1585718925924,2020-04-01T05:28:45.924Z,sell,2.312e-05,351.0,0.00811512
GRS/BTC,1585718933424,2020-04-01T05:28:53.424Z,sell,2.312e-05,351.0,0.00811512
GRS/BTC,1585718942985,2020-04-01T05:29:02.985Z,sell,2.312e-05,351.0,0.00811512
GRS/BTC,1585718949302,2020-04-01T05:29:09.302Z,sell,2.312e-05,351.0,0.00811512
GRS/BTC,1585718981274,2020-04-01T05:29:41.274Z,sell,2.312e-05,351.0,0.00811512
GRS/BTC,1585718986672,2020-04-01T05:29:46.672Z,buy,2.322e-05,7.0,0.00016254
GRS/BTC,1585718986745,2020-04-01T05:29:46.745Z,sell,2.322e-05,1052.0,0.02442744
GRS/BTC,1585718987739,2020-04-01T05:29:47.739Z,sell,2.322e-05,730.0,0.0169506
GRS/BTC,1585718989544,2020-04-01T05:29:49.544Z,sell,2.322e-05,503.0,0.011679660000000001
GRS/BTC,1585718990542,2020-04-01T05:29:50.542Z,sell,2.322e-05,350.0,0.008127
GRS/BTC,1585718991746,2020-04-01T05:29:51.746Z,sell,2.322e-05,242.0,0.00561924
GRS/BTC,1585718993044,2020-04-01T05:29:53.044Z,sell,2.322e-05,168.0,0.00390096
GRS/BTC,1585718995045,2020-04-01T05:29:55.045Z,sell,2.322e-05,115.0,0.0026703
GRS/BTC,1585718996642,2020-04-01T05:29:56.642Z,sell,2.322e-05,80.0,0.0018576
GRS/BTC,1585718998240,2020-04-01T05:29:58.240Z,sell,2.322e-05,55.0,0.0012771
GRS/BTC,1585719022882,2020-04-01T05:30:22.882Z,sell,2.322e-05,100.0,0.0023220000000000003
GRS/BTC,1585719022895,2020-04-01T05:30:22.895Z,sell,2.322e-05,101.0,0.0023452200000000003
GRS/BTC,1585719024056,2020-04-01T05:30:24.056Z,sell,2.322e-05,70.0,0.0016254000000000002
GRS/BTC,1585719043768,2020-04-01T05:30:43.768Z,sell,2.322e-05,100.0,0.0023220000000000003
GRS/BTC,1585719043776,2020-04-01T05:30:43.776Z,sell,2.322e-05,112.0,0.00260064
GRS/BTC,1585719050690,2020-04-01T05:30:50.690Z,sell,2.322e-05,351.0,0.00815022
GRS/BTC,1585719050697,2020-04-01T05:30:50.697Z,sell,2.322e-05,319.0,0.00740718
GRS/BTC,1585719051768,2020-04-01T05:30:51.768Z,sell,2.322e-05,222.0,0.00515484
GRS/BTC,1585719054671,2020-04-01T05:30:54.671Z,sell,2.322e-05,152.0,0.00352944
GRS/BTC,1585719059071,2020-04-01T05:30:59.071Z,sell,2.322e-05,102.0,0.0023684400000000003
GRS/BTC,1585719061373,2020-04-01T05:31:01.373Z,sell,2.322e-05,70.0,0.0016254000000000002
GRS/BTC,1585719062908,2020-04-01T05:31:02.908Z,sell,2.322e-05,10.0,0.0002322
GRS/BTC,1585719062924,2020-04-01T05:31:02.924Z,sell,2.322e-05,56.0,0.00130032
GRS/BTC,1585719073732,2020-04-01T05:31:13.732Z,sell,2.322e-05,10.0,0.0002322
GRS/BTC,1585719110533,2020-04-01T05:31:50.533Z,sell,2.322e-05,10.0,0.0002322
GRS/BTC,1585719158126,2020-04-01T05:32:38.126Z,sell,2.322e-05,10.0,0.0002322
GRS/BTC,1585719302512,2020-04-01T05:35:02.512Z,buy,2.324e-05,9.0,0.00020916
GRS/BTC,1585719302512,2020-04-01T05:35:02.512Z,buy,2.325e-05,94.0,0.0021855
GRS/BTC,1585719302512,2020-04-01T05:35:02.512Z,buy,2.327e-05,531.0,0.01235637
GRS/BTC,1585719302512,2020-04-01T05:35:02.512Z,buy,2.329e-05,5.0,0.00011645
GRS/BTC,1585719302512,2020-04-01T05:35:02.512Z,buy,2.33e-05,24.0,0.0005592
GRS/BTC,1585719302512,2020-04-01T05:35:02.512Z,buy,2.332e-05,15.0,0.0003498
GRS/BTC,1585719302512,2020-04-01T05:35:02.512Z,buy,2.333e-05,9.0,0.00020997
GRS/BTC,1585719302512,2020-04-01T05:35:02.512Z,buy,2.338e-05,407.0,0.00951566
GRS/BTC,1585719302512,2020-04-01T05:35:02.512Z,buy,2.339e-05,1043.0,0.02439577
GRS/BTC,1585719302830,2020-04-01T05:35:02.830Z,sell,2.323e-05,5.0,0.00011615
GRS/BTC,1585719302830,2020-04-01T05:35:02.830Z,sell,2.323e-05,5.0,0.00011615
GRS/BTC,1585720129138,2020-04-01T05:48:49.138Z,buy,2.34e-05,2.0,4.68e-05
GRS/BTC,1585720149109,2020-04-01T05:49:09.109Z,sell,2.33e-05,24.0,0.0005592
GRS/BTC,1585720371508,2020-04-01T05:52:51.508Z,buy,2.328e-05,62.0,0.00144336
GRS/BTC,1585720377187,2020-04-01T05:52:57.187Z,sell,2.327e-05,65.0,0.0015125499999999999
GRS/BTC,1585720402089,2020-04-01T05:53:22.089Z,buy,2.337e-05,2.0,4.674e-05
GRS/BTC,1585720499095,2020-04-01T05:54:59.095Z,sell,2.327e-05,430.0,0.0100061
GRS/BTC,1585720500103,2020-04-01T05:55:00.103Z,sell,2.327e-05,430.0,0.0100061
GRS/BTC,1585720539098,2020-04-01T05:55:39.098Z,sell,2.327e-05,364.0,0.00847028
GRS/BTC,1585720544054,2020-04-01T05:55:44.054Z,sell,2.327e-05,16.0,0.00037232
GRS/BTC,1585720544060,2020-04-01T05:55:44.060Z,sell,2.327e-05,17.0,0.00039558999999999997
GRS/BTC,1585720562230,2020-04-01T05:56:02.230Z,sell,2.327e-05,744.0,0.01731288
GRS/BTC,1585720648440,2020-04-01T05:57:28.440Z,buy,2.333e-05,7728.0,0.18029424
GRS/BTC,1585720649218,2020-04-01T05:57:29.218Z,sell,2.333e-05,814.0,0.01899062
GRS/BTC,1585720652140,2020-04-01T05:57:32.140Z,sell,2.333e-05,30.0,0.0006998999999999999
GRS/BTC,1585720659180,2020-04-01T05:57:39.180Z,buy,2.336e-05,5232.0,0.12221952
GRS/BTC,1585720659243,2020-04-01T05:57:39.243Z,sell,2.336e-05,952.0,0.02223872
GRS/BTC,1585720660059,2020-04-01T05:57:40.059Z,sell,2.336e-05,629.0,0.01469344
GRS/BTC,1585720660073,2020-04-01T05:57:40.073Z,sell,2.336e-05,669.0,0.01562784
GRS/BTC,1585720662153,2020-04-01T05:57:42.153Z,sell,2.336e-05,604.0,0.01410944
GRS/BTC,1585720663967,2020-04-01T05:57:43.967Z,sell,2.336e-05,475.0,0.011096
GRS/BTC,1585720664094,2020-04-01T05:57:44.094Z,sell,2.32e-05,475.0,0.01102
GRS/BTC,1585720709099,2020-04-01T05:58:29.099Z,sell,2.321e-05,194.0,0.00450274
GRS/BTC,1585720711101,2020-04-01T05:58:31.101Z,sell,2.321e-05,173.0,0.00401533
GRS/BTC,1585720821993,2020-04-01T06:00:21.993Z,buy,2.33e-05,2.0,4.66e-05
GRS/BTC,1585720832583,2020-04-01T06:00:32.583Z,buy,2.33e-05,467.0,0.0108811
GRS/BTC,1585722191646,2020-04-01T06:23:11.646Z,buy,2.332e-05,2.0,4.664e-05
GRS/BTC,1585722191900,2020-04-01T06:23:11.900Z,buy,2.332e-05,4.0,9.328e-05
GRS/BTC,1585722299380,2020-04-01T06:24:59.380Z,sell,2.332e-05,17.0,0.00039644
GRS/BTC,1585722608116,2020-04-01T06:30:08.116Z,sell,2.332e-05,428.0,0.00998096
GRS/BTC,1585722608116,2020-04-01T06:30:08.116Z,sell,2.332e-05,428.0,0.00998096
GRS/BTC,1585722954132,2020-04-01T06:35:54.132Z,sell,2.324e-05,20.0,0.0004648
GRS/BTC,1585722980012,2020-04-01T06:36:20.012Z,buy,2.332e-05,298.0,0.00694936
GRS/BTC,1585722991420,2020-04-01T06:36:31.420Z,sell,2.324e-05,152.0,0.00353248
GRS/BTC,1585723043504,2020-04-01T06:37:23.504Z,buy,2.332e-05,300.0,0.0069960000000000005
GRS/BTC,1585723044635,2020-04-01T06:37:24.635Z,buy,2.332e-05,300.0,0.0069960000000000005
GRS/BTC,1585723044875,2020-04-01T06:37:24.875Z,buy,2.332e-05,400.0,0.009328
GRS/BTC,1585723044877,2020-04-01T06:37:24.877Z,buy,2.332e-05,400.0,0.009328
GRS/BTC,1585723044893,2020-04-01T06:37:24.893Z,buy,2.332e-05,319.0,0.00743908
GRS/BTC,1585723181100,2020-04-01T06:39:41.100Z,sell,2.332e-05,64.0,0.00149248
GRS/BTC,1585723914231,2020-04-01T06:51:54.231Z,buy,2.338e-05,77.0,0.00180026
GRS/BTC,1585723914231,2020-04-01T06:51:54.231Z,buy,2.339e-05,24.0,0.00056136
GRS/BTC,1585723914231,2020-04-01T06:51:54.231Z,buy,2.34e-05,7.0,0.0001638
GRS/BTC,1585723914231,2020-04-01T06:51:54.231Z,buy,2.343e-05,162.0,0.00379566
GRS/BTC,1585723914231,2020-04-01T06:51:54.231Z,buy,2.345e-05,27.0,0.0006331500000000001
GRS/BTC,1585723914231,2020-04-01T06:51:54.231Z,buy,2.346e-05,1944.0,0.04560624
GRS/BTC,1585723914231,2020-04-01T06:51:54.231Z,buy,2.347e-05,1980.0,0.0464706
GRS/BTC,1585723914231,2020-04-01T06:51:54.231Z,buy,2.348e-05,4324.0,0.10152752
GRS/BTC,1585723914231,2020-04-01T06:51:54.231Z,buy,2.349e-05,898.0,0.02109402
GRS/BTC,1585723919314,2020-04-01T06:51:59.314Z,buy,2.348e-05,9.0,0.00021131999999999998
GRS/BTC,1585723919314,2020-04-01T06:51:59.314Z,buy,2.349e-05,2722.0,0.06393978
GRS/BTC,1585723919314,2020-04-01T06:51:59.314Z,buy,2.35e-05,77.0,0.0018095
GRS/BTC,1585723919324,2020-04-01T06:51:59.324Z,sell,2.351e-05,414.0,0.00973314
GRS/BTC,1585723919500,2020-04-01T06:51:59.500Z,sell,2.351e-05,698.0,0.01640998
GRS/BTC,1585723919540,2020-04-01T06:51:59.540Z,sell,2.351e-05,83.0,0.00195133
GRS/BTC,1585723919968,2020-04-01T06:51:59.968Z,sell,2.351e-05,628.0,0.01476428
GRS/BTC,1585723920073,2020-04-01T06:52:00.073Z,sell,2.351e-05,324.0,0.00761724
GRS/BTC,1585723920110,2020-04-01T06:52:00.110Z,sell,2.351e-05,425.0,0.00999175
GRS/BTC,1585723920152,2020-04-01T06:52:00.152Z,sell,2.351e-05,950.0,0.0223345
GRS/BTC,1585723920261,2020-04-01T06:52:00.261Z,sell,2.351e-05,756.0,0.01777356
GRS/BTC,1585723922115,2020-04-01T06:52:02.115Z,sell,2.339e-05,24.0,0.00056136
GRS/BTC,1585723922222,2020-04-01T06:52:02.222Z,buy,2.333e-05,148.0,0.00345284
GRS/BTC,1585723923105,2020-04-01T06:52:03.105Z,sell,2.334e-05,428.0,0.00998952
GRS/BTC,1585723925273,2020-04-01T06:52:05.273Z,buy,2.348e-05,16.0,0.00037568
GRS/BTC,1585723925273,2020-04-01T06:52:05.273Z,buy,2.349e-05,546.0,0.01282554
GRS/BTC,1585723926046,2020-04-01T06:52:06.046Z,sell,2.351e-05,612.0,0.01438812
GRS/BTC,1585723927485,2020-04-01T06:52:07.485Z,sell,2.351e-05,599.0,0.01408249
GRS/BTC,1585723928129,2020-04-01T06:52:08.129Z,sell,2.351e-05,425.0,0.00999175
GRS/BTC,1585723928146,2020-04-01T06:52:08.146Z,sell,2.351e-05,148.0,0.00347948
GRS/BTC,1585723928836,2020-04-01T06:52:08.836Z,sell,2.351e-05,625.0,0.01469375
GRS/BTC,1585723929109,2020-04-01T06:52:09.109Z,sell,2.351e-05,425.0,0.00999175
GRS/BTC,1585723929404,2020-04-01T06:52:09.404Z,sell,2.351e-05,24.0,0.00056424
GRS/BTC,1585723930070,2020-04-01T06:52:10.070Z,sell,2.351e-05,1728.0,0.04062528
GRS/BTC,1585723930337,2020-04-01T06:52:10.337Z,sell,2.351e-05,167.0,0.00392617
GRS/BTC,1585723931764,2020-04-01T06:52:11.764Z,sell,2.336e-05,811.0,0.01894496
GRS/BTC,1585723933104,2020-04-01T06:52:13.104Z,sell,2.336e-05,428.0,0.00999808
GRS/BTC,1585723935841,2020-04-01T06:52:15.841Z,sell,2.337e-05,374.0,0.00874038
GRS/BTC,1585723936009,2020-04-01T06:52:16.009Z,sell,2.339e-05,25.0,0.00058475
GRS/BTC,1585723936009,2020-04-01T06:52:16.009Z,sell,2.337e-05,772.0,0.01804164
GRS/BTC,1585723936101,2020-04-01T06:52:16.101Z,sell,2.337e-05,407.0,0.00951159
GRS/BTC,1585723937453,2020-04-01T06:52:17.453Z,sell,2.337e-05,818.0,0.01911666
GRS/BTC,1585723938101,2020-04-01T06:52:18.101Z,sell,2.337e-05,428.0,0.01000236
GRS/BTC,1585723938386,2020-04-01T06:52:18.386Z,sell,2.337e-05,5.0,0.00011685000000000001
GRS/BTC,1585723939944,2020-04-01T06:52:19.944Z,sell,2.343e-05,837.0,0.019610910000000002
GRS/BTC,1585723941408,2020-04-01T06:52:21.408Z,sell,2.343e-05,810.0,0.0189783
GRS/BTC,1585723942097,2020-04-01T06:52:22.097Z,sell,2.343e-05,427.0,0.01000461
GRS/BTC,1585723943100,2020-04-01T06:52:23.100Z,sell,2.343e-05,427.0,0.01000461
GRS/BTC,1585723943224,2020-04-01T06:52:23.224Z,sell,2.343e-05,820.0,0.0192126
GRS/BTC,1585723944691,2020-04-01T06:52:24.691Z,sell,2.343e-05,679.0,0.01590897
GRS/BTC,1585723948101,2020-04-01T06:52:28.101Z,sell,2.335e-05,428.0,0.009993799999999999
GRS/BTC,1585723950099,2020-04-01T06:52:30.099Z,sell,2.334e-05,428.0,0.00998952
GRS/BTC,1585723955101,2020-04-01T06:52:35.101Z,sell,2.335e-05,428.0,0.009993799999999999
GRS/BTC,1585723955204,2020-04-01T06:52:35.204Z,sell,2.335e-05,797.0,0.01860995
GRS/BTC,1585723956776,2020-04-01T06:52:36.776Z,sell,2.335e-05,827.0,0.01931045
GRS/BTC,1585723958100,2020-04-01T06:52:38.100Z,sell,2.335e-05,428.0,0.009993799999999999
GRS/BTC,1585723958591,2020-04-01T06:52:38.591Z,sell,2.335e-05,530.0,0.0123755
GRS/BTC,1585723959149,2020-04-01T06:52:39.149Z,sell,2.332e-05,6.0,0.00013992
GRS/BTC,1585724009110,2020-04-01T06:53:29.110Z,sell,2.331e-05,193.0,0.00449883
GRS/BTC,1585724105649,2020-04-01T06:55:05.649Z,buy,2.335e-05,76.0,0.0017745999999999999
GRS/BTC,1585724123374,2020-04-01T06:55:23.374Z,buy,2.335e-05,64.0,0.0014944
GRS/BTC,1585724227808,2020-04-01T06:57:07.808Z,buy,2.335e-05,166.0,0.0038760999999999995
GRS/BTC,1585724227808,2020-04-01T06:57:07.808Z,buy,2.343e-05,6.0,0.00014058
GRS/BTC,1585724227808,2020-04-01T06:57:07.808Z,buy,2.349e-05,25.0,0.00058725
GRS/BTC,1585724227808,2020-04-01T06:57:07.808Z,buy,2.35e-05,64.0,0.001504
GRS/BTC,1585724227808,2020-04-01T06:57:07.808Z,buy,2.351e-05,1066.0,0.02506166
GRS/BTC,1585724227808,2020-04-01T06:57:07.808Z,buy,2.353e-05,1220.0,0.0287066
GRS/BTC,1585724227808,2020-04-01T06:57:07.808Z,buy,2.355e-05,6.0,0.0001413
GRS/BTC,1585724227808,2020-04-01T06:57:07.808Z,buy,2.356e-05,1668.0,0.03929808
GRS/BTC,1585724227808,2020-04-01T06:57:07.808Z,buy,2.357e-05,2895.0,0.06823515
GRS/BTC,1585724227808,2020-04-01T06:57:07.808Z,buy,2.358e-05,1497.0,0.03529926
GRS/BTC,1585724227808,2020-04-01T06:57:07.808Z,buy,2.359e-05,4471.0,0.10547089
GRS/BTC,1585724227808,2020-04-01T06:57:07.808Z,buy,2.361e-05,115.0,0.00271515
GRS/BTC,1585724237033,2020-04-01T06:57:17.033Z,sell,2.344e-05,835.0,0.0195724
GRS/BTC,1585724237092,2020-04-01T06:57:17.092Z,sell,2.344e-05,427.0,0.01000888
GRS/BTC,1585724238116,2020-04-01T06:57:18.116Z,sell,2.344e-05,427.0,0.01000888
GRS/BTC,1585724238473,2020-04-01T06:57:18.473Z,sell,2.344e-05,796.0,0.01865824
GRS/BTC,1585724239095,2020-04-01T06:57:19.095Z,sell,2.344e-05,427.0,0.01000888
GRS/BTC,1585724239905,2020-04-01T06:57:19.905Z,sell,2.344e-05,180.0,0.0042192
GRS/BTC,1585724241088,2020-04-01T06:57:21.088Z,sell,2.344e-05,2898.0,0.06792912
GRS/BTC,1585724243099,2020-04-01T06:57:23.099Z,sell,2.344e-05,427.0,0.01000888
GRS/BTC,1585724243474,2020-04-01T06:57:23.474Z,buy,2.36e-05,2890.0,0.068204
GRS/BTC,1585724243474,2020-04-01T06:57:23.474Z,buy,2.361e-05,1624.0,0.03834264
GRS/BTC,1585724243474,2020-04-01T06:57:23.474Z,buy,2.362e-05,305.0,0.007204100000000001
GRS/BTC,1585724243474,2020-04-01T06:57:23.474Z,buy,2.363e-05,156.0,0.0036862799999999997
GRS/BTC,1585724243474,2020-04-01T06:57:23.474Z,buy,2.364e-05,2777.0,0.06564828
GRS/BTC,1585724243474,2020-04-01T06:57:23.474Z,buy,2.366e-05,1306.0,0.03089996
GRS/BTC,1585724243474,2020-04-01T06:57:23.474Z,buy,2.367e-05,17140.0,0.4057038
GRS/BTC,1585724243586,2020-04-01T06:57:23.586Z,buy,2.359e-05,6410.0,0.1512119
GRS/BTC,1585724243586,2020-04-01T06:57:23.586Z,buy,2.363e-05,180.0,0.0042534
GRS/BTC,1585724244108,2020-04-01T06:57:24.108Z,sell,2.344e-05,427.0,0.01000888
GRS/BTC,1585724244364,2020-04-01T06:57:24.364Z,buy,2.363e-05,460.0,0.010869799999999999
GRS/BTC,1585724244364,2020-04-01T06:57:24.364Z,buy,2.368e-05,19.0,0.00044992000000000003
GRS/BTC,1585724244364,2020-04-01T06:57:24.364Z,buy,2.369e-05,50.0,0.0011845
GRS/BTC,1585724244364,2020-04-01T06:57:24.364Z,buy,2.371e-05,111.0,0.00263181
GRS/BTC,1585724244364,2020-04-01T06:57:24.364Z,buy,2.372e-05,2250.0,0.05337
GRS/BTC,1585724246944,2020-04-01T06:57:26.944Z,buy,2.371e-05,213.0,0.00505023
GRS/BTC,1585724248104,2020-04-01T06:57:28.104Z,sell,2.356e-05,424.0,0.00998944
GRS/BTC,1585724249101,2020-04-01T06:57:29.101Z,sell,2.356e-05,424.0,0.00998944
GRS/BTC,1585724252391,2020-04-01T06:57:32.391Z,sell,2.357e-05,76.0,0.0017913199999999999
GRS/BTC,1585724253102,2020-04-01T06:57:33.102Z,sell,2.357e-05,192.0,0.00452544
GRS/BTC,1585724254095,2020-04-01T06:57:34.095Z,sell,2.357e-05,14.0,0.00032998
GRS/BTC,1585724254095,2020-04-01T06:57:34.095Z,sell,2.356e-05,71.0,0.0016727600000000001
GRS/BTC,1585724258201,2020-04-01T06:57:38.201Z,sell,2.355e-05,127.0,0.00299085
GRS/BTC,1585724271101,2020-04-01T06:57:51.101Z,buy,2.366e-05,405.0,0.0095823
GRS/BTC,1585724271101,2020-04-01T06:57:51.101Z,buy,2.367e-05,6.0,0.00014202
GRS/BTC,1585724271101,2020-04-01T06:57:51.101Z,buy,2.372e-05,482.0,0.01143304
GRS/BTC,1585724271101,2020-04-01T06:57:51.101Z,buy,2.373e-05,473.0,0.011224290000000001
GRS/BTC,1585724271101,2020-04-01T06:57:51.101Z,buy,2.374e-05,631.0,0.01497994
