symbol,timestamp,datetime,side,price,amount,btc_volume
GVT/BTC,1586793491374,2020-04-13T15:58:11.374Z,buy,0.0001048,75.89,0.007953272
GVT/BTC,1586793491374,2020-04-13T15:58:11.374Z,buy,0.0001049,1087.38,0.11406616200000001
GVT/BTC,1586793491374,2020-04-13T15:58:11.374Z,buy,0.000105,651.64,0.0684222
GVT/BTC,1586793494821,2020-04-13T15:58:14.821Z,buy,0.000105,9.52,0.0009996
GVT/BTC,1586793497810,2020-04-13T15:58:17.810Z,buy,0.000105,0.97,0.00010185
GVT/BTC,1586793519873,2020-04-13T15:58:39.873Z,sell,0.0001045,7.74,0.0008088300000000001
GVT/BTC,1586793554653,2020-04-13T15:59:14.653Z,sell,0.0001048,1.0,0.0001048
GVT/BTC,1586793610957,2020-04-13T16:00:10.957Z,sell,0.0001045,46.2,0.0048279
GVT/BTC,1586793671828,2020-04-13T16:01:11.828Z,sell,0.0001045,48.0,0.0050160000000000005
GVT/BTC,1586793671841,2020-04-13T16:01:11.841Z,sell,0.0001045,48.0,0.0050160000000000005
GVT/BTC,1586793686703,2020-04-13T16:01:26.703Z,sell,0.0001045,5.57,0.0005820650000000001
GVT/BTC,1586794704184,2020-04-13T16:18:24.184Z,sell,0.0001042,144.65,0.01507253
GVT/BTC,1586794716787,2020-04-13T16:18:36.787Z,sell,0.0001042,272.69,0.028414298
GVT/BTC,1586795965974,2020-04-13T16:39:25.974Z,buy,0.0001047,4.87,0.000509889
GVT/BTC,1586796176316,2020-04-13T16:42:56.316Z,sell,0.0001042,41.62,0.004336804
GVT/BTC,1586796181193,2020-04-13T16:43:01.193Z,sell,0.0001042,99.9,0.01040958
GVT/BTC,1586796222200,2020-04-13T16:43:42.200Z,sell,0.0001042,400.0,0.04168
GVT/BTC,1586796651384,2020-04-13T16:50:51.384Z,sell,0.0001042,1.72,0.000179224
GVT/BTC,1586796693001,2020-04-13T16:51:33.001Z,sell,0.0001042,19.15,0.00199543
GVT/BTC,1586796693007,2020-04-13T16:51:33.007Z,sell,0.0001042,99.9,0.01040958
GVT/BTC,1586796696767,2020-04-13T16:51:36.767Z,sell,0.0001042,5.87,0.000611654
GVT/BTC,1586796696999,2020-04-13T16:51:36.999Z,sell,0.0001042,11.97,0.001247274
GVT/BTC,1586796696999,2020-04-13T16:51:36.999Z,sell,0.0001042,11.97,0.001247274
GVT/BTC,1586798473528,2020-04-13T17:21:13.528Z,sell,0.0001042,12.06,0.001256652
GVT/BTC,1586798473528,2020-04-13T17:21:13.528Z,sell,0.0001041,88.39,0.009201398999999999
GVT/BTC,1586798473528,2020-04-13T17:21:13.528Z,sell,0.000104,1.93,0.00020072
GVT/BTC,1586798473528,2020-04-13T17:21:13.528Z,sell,0.0001039,17.62,0.0018307180000000003
GVT/BTC,1586798474905,2020-04-13T17:21:14.905Z,sell,0.0001038,5.95,0.00061761
GVT/BTC,1586798474905,2020-04-13T17:21:14.905Z,sell,0.0001037,1.11,0.00011510700000000001
GVT/BTC,1586798474905,2020-04-13T17:21:14.905Z,sell,0.0001036,27.58,0.002857288
GVT/BTC,1586798474980,2020-04-13T17:21:14.980Z,sell,0.0001036,9.66,0.001000776
GVT/BTC,1586798519925,2020-04-13T17:21:59.925Z,sell,0.0001036,63.19,0.006546484
GVT/BTC,1586798528698,2020-04-13T17:22:08.698Z,buy,0.0001037,0.97,0.000100589
GVT/BTC,1586799101316,2020-04-13T17:31:41.316Z,sell,0.0001036,9.77,0.001012172
GVT/BTC,1586799102237,2020-04-13T17:31:42.237Z,sell,0.0001036,132.03,0.013678308
GVT/BTC,1586799103185,2020-04-13T17:31:43.185Z,sell,0.0001036,8.74,0.000905464
GVT/BTC,1586799270664,2020-04-13T17:34:30.664Z,buy,0.0001037,26.13,0.002709681
GVT/BTC,1586799277056,2020-04-13T17:34:37.056Z,buy,0.0001037,17.34,0.001798158
GVT/BTC,1586799286762,2020-04-13T17:34:46.762Z,buy,0.0001037,11.2,0.00116144
GVT/BTC,1586799626523,2020-04-13T17:40:26.523Z,sell,0.0001036,28.2,0.00292152
GVT/BTC,1586799667300,2020-04-13T17:41:07.300Z,buy,0.0001037,14.38,0.0014912060000000001
GVT/BTC,1586799669102,2020-04-13T17:41:09.102Z,buy,0.0001037,9.91,0.0010276670000000001
GVT/BTC,1586799818761,2020-04-13T17:43:38.761Z,buy,0.0001037,51.22,0.005311514
GVT/BTC,1586799891358,2020-04-13T17:44:51.358Z,sell,0.0001036,261.37,0.027077932
GVT/BTC,1586800054036,2020-04-13T17:47:34.036Z,sell,0.0001035,248.54,0.02572389
GVT/BTC,1586800173095,2020-04-13T17:49:33.095Z,buy,0.0001037,4.87,0.000505019
GVT/BTC,1586800176301,2020-04-13T17:49:36.301Z,buy,0.0001037,0.92,9.540400000000001e-05
GVT/BTC,1586800176301,2020-04-13T17:49:36.301Z,buy,0.0001037,0.92,9.540400000000001e-05
GVT/BTC,1586800317578,2020-04-13T17:51:57.578Z,sell,0.0001035,65.0,0.0067275
GVT/BTC,1586800396785,2020-04-13T17:53:16.785Z,buy,0.0001038,2.02,0.000209676
GVT/BTC,1586801969473,2020-04-13T18:19:29.473Z,buy,0.0001037,1.93,0.00020014099999999998
GVT/BTC,1586801969473,2020-04-13T18:19:29.473Z,buy,0.0001038,0.15,1.557e-05
GVT/BTC,1586802095350,2020-04-13T18:21:35.350Z,buy,0.0001038,2.58,0.000267804
GVT/BTC,1586802095350,2020-04-13T18:21:35.350Z,buy,0.0001039,2.14,0.00022234600000000003
GVT/BTC,1586802095350,2020-04-13T18:21:35.350Z,buy,0.000104,10.97,0.00114088
GVT/BTC,1586802144967,2020-04-13T18:22:24.967Z,sell,0.0001035,29.14,0.00301599
GVT/BTC,1586802225037,2020-04-13T18:23:45.037Z,buy,0.0001041,1.21,0.00012596099999999998
GVT/BTC,1586803027876,2020-04-13T18:37:07.876Z,sell,0.0001037,20.0,0.002074
GVT/BTC,1586803211308,2020-04-13T18:40:11.308Z,buy,0.000104,1.93,0.00020072
GVT/BTC,1586803211308,2020-04-13T18:40:11.308Z,buy,0.0001041,49.0,0.0051009
GVT/BTC,1586803453264,2020-04-13T18:44:13.264Z,buy,0.0001041,1.93,0.000200913
GVT/BTC,1586803732796,2020-04-13T18:48:52.796Z,sell,0.000104,3.24,0.00033696
GVT/BTC,1586803732796,2020-04-13T18:48:52.796Z,sell,0.000104,3.24,0.00033696
GVT/BTC,1586805202190,2020-04-13T19:13:22.190Z,sell,0.000104,0.53,5.512e-05
GVT/BTC,1586805202833,2020-04-13T19:13:22.833Z,buy,0.000104,101.64,0.01057056
GVT/BTC,1586805899431,2020-04-13T19:24:59.431Z,sell,0.0001038,1.97,0.000204486
GVT/BTC,1586805941976,2020-04-13T19:25:41.976Z,sell,0.0001038,41.75,0.0043336500000000005
GVT/BTC,1586806109691,2020-04-13T19:28:29.691Z,sell,0.0001035,452.9,0.04687515
GVT/BTC,1586806200171,2020-04-13T19:30:00.171Z,sell,0.0001035,6.0,0.000621
GVT/BTC,1586806200171,2020-04-13T19:30:00.171Z,sell,0.0001035,6.0,0.000621
GVT/BTC,1586807345273,2020-04-13T19:49:05.273Z,buy,0.0001039,3.86,0.000401054
GVT/BTC,1586807599467,2020-04-13T19:53:19.467Z,buy,0.000104,1.93,0.00020072
GVT/BTC,1586807684532,2020-04-13T19:54:44.532Z,sell,0.000104,42.37,0.004406479999999999
GVT/BTC,1586808777616,2020-04-13T20:12:57.616Z,sell,0.000104,6.2,0.0006448
GVT/BTC,1586808784709,2020-04-13T20:13:04.709Z,sell,0.000104,50.69,0.0052717599999999995
GVT/BTC,1586809430210,2020-04-13T20:23:50.210Z,sell,0.000104,574.47,0.05974488
GVT/BTC,1586809430210,2020-04-13T20:23:50.210Z,sell,0.000104,574.47,0.05974488
GVT/BTC,1586810570185,2020-04-13T20:42:50.185Z,buy,0.000104,501.0,0.052104
GVT/BTC,1586810952548,2020-04-13T20:49:12.548Z,buy,0.000104,1.11,0.00011544
GVT/BTC,1586811014210,2020-04-13T20:50:14.210Z,buy,0.0001038,1.93,0.000200334
GVT/BTC,1586811381983,2020-04-13T20:56:21.983Z,sell,0.0001035,31.0,0.0032085
GVT/BTC,1586811391313,2020-04-13T20:56:31.313Z,buy,0.0001039,1.93,0.000200527
GVT/BTC,1586811436472,2020-04-13T20:57:16.472Z,buy,0.000104,1.93,0.00020072
GVT/BTC,1586811436745,2020-04-13T20:57:16.745Z,buy,0.000104,48.15,0.005007599999999999
GVT/BTC,1586811442199,2020-04-13T20:57:22.199Z,buy,0.0001041,6.93,0.000721413
GVT/BTC,1586811561145,2020-04-13T20:59:21.145Z,buy,0.0001041,5.2,0.00054132
GVT/BTC,1586811565354,2020-04-13T20:59:25.354Z,buy,0.0001041,3.9,0.00040598999999999995
GVT/BTC,1586811575232,2020-04-13T20:59:35.232Z,buy,0.0001041,11.71,0.001219011
GVT/BTC,1586811951259,2020-04-13T21:05:51.259Z,sell,0.0001036,2967.95,0.30747961999999995
GVT/BTC,1586811951259,2020-04-13T21:05:51.259Z,sell,0.0001035,42.77,0.0044266950000000005
GVT/BTC,1586812009277,2020-04-13T21:06:49.277Z,sell,0.0001035,269.96,0.027940859999999998
GVT/BTC,1586812009277,2020-04-13T21:06:49.277Z,sell,0.0001035,269.96,0.027940859999999998
GVT/BTC,1586813063851,2020-04-13T21:24:23.851Z,buy,0.0001038,2.0,0.0002076
GVT/BTC,1586813135468,2020-04-13T21:25:35.468Z,buy,0.0001039,1.02,0.00010597800000000001
GVT/BTC,1586813899096,2020-04-13T21:38:19.096Z,buy,0.0001036,1.0,0.0001036
GVT/BTC,1586814394806,2020-04-13T21:46:34.806Z,buy,0.0001036,0.52,5.3872e-05
GVT/BTC,1586814779820,2020-04-13T21:52:59.820Z,sell,0.0001036,134.35,0.01391866
GVT/BTC,1586814798627,2020-04-13T21:53:18.627Z,sell,0.0001035,50.97,0.0052753949999999996
GVT/BTC,1586814798627,2020-04-13T21:53:18.627Z,sell,0.0001035,50.97,0.0052753949999999996
GVT/BTC,1586816274378,2020-04-13T22:17:54.378Z,buy,0.0001036,0.29,3.0043999999999996e-05
GVT/BTC,1586816274412,2020-04-13T22:17:54.412Z,buy,0.0001036,5.53,0.000572908
GVT/BTC,1586816275471,2020-04-13T22:17:55.471Z,buy,0.0001036,101.64,0.010529904
GVT/BTC,1586818259253,2020-04-13T22:50:59.253Z,sell,0.0001036,56.57,0.005860652
GVT/BTC,1586818259253,2020-04-13T22:50:59.253Z,sell,0.0001035,229.61,0.023764635
GVT/BTC,1586818259253,2020-04-13T22:50:59.253Z,sell,0.0001036,56.57,0.005860652
GVT/BTC,1586818259253,2020-04-13T22:50:59.253Z,sell,0.0001035,229.61,0.023764635
GVT/BTC,1586818568508,2020-04-13T22:56:08.508Z,sell,0.0001035,73.0,0.0075555
GVT/BTC,1586819275537,2020-04-13T23:07:55.537Z,sell,0.0001035,1.48,0.00015318
GVT/BTC,1586819656742,2020-04-13T23:14:16.742Z,sell,0.0001035,300.0,0.031049999999999998
GVT/BTC,1586820157582,2020-04-13T23:22:37.582Z,buy,0.0001036,26.46,0.002741256
GVT/BTC,1586820157695,2020-04-13T23:22:37.695Z,sell,0.0001035,22.59,0.002338065
GVT/BTC,1586820158153,2020-04-13T23:22:38.153Z,buy,0.0001036,46.43,0.004810148
GVT/BTC,1586820158858,2020-04-13T23:22:38.858Z,sell,0.0001035,45.99,0.004759965
GVT/BTC,1586820161179,2020-04-13T23:22:41.179Z,buy,0.0001036,46.0,0.0047656
GVT/BTC,1586820162894,2020-04-13T23:22:42.894Z,buy,0.0001036,152.99,0.015849764
GVT/BTC,1586820813956,2020-04-13T23:33:33.956Z,buy,0.000104,14.31,0.00148824
GVT/BTC,1586821377562,2020-04-13T23:42:57.562Z,sell,0.0001036,2.53,0.000262108
GVT/BTC,1586821377562,2020-04-13T23:42:57.562Z,sell,0.0001036,2.53,0.000262108
GVT/BTC,1586822779868,2020-04-14T00:06:19.868Z,sell,0.0001036,172.47,0.017867892
GVT/BTC,1586822938457,2020-04-14T00:08:58.457Z,buy,0.0001036,4.62,0.000478632
GVT/BTC,1586823696117,2020-04-14T00:21:36.117Z,sell,0.0001035,206.13,0.021334455
GVT/BTC,1586823703211,2020-04-14T00:21:43.211Z,buy,0.0001037,0.92,9.540400000000001e-05
GVT/BTC,1586824010602,2020-04-14T00:26:50.602Z,buy,0.0001038,68.92,0.007153896000000001
GVT/BTC,1586824010623,2020-04-14T00:26:50.623Z,sell,0.0001038,144.65,0.01501467
GVT/BTC,1586824086331,2020-04-14T00:28:06.331Z,sell,0.0001039,6.84,0.000710676
GVT/BTC,1586824168799,2020-04-14T00:29:28.799Z,sell,0.0001036,4.52,0.00046827199999999994
GVT/BTC,1586824168799,2020-04-14T00:29:28.799Z,sell,0.0001035,4.75,0.000491625
GVT/BTC,1586824168799,2020-04-14T00:29:28.799Z,sell,0.0001034,188.98,0.019540532
GVT/BTC,1586824172511,2020-04-14T00:29:32.511Z,buy,0.0001038,4.75,0.00049305
GVT/BTC,1586824172511,2020-04-14T00:29:32.511Z,buy,0.000104,195.3,0.0203112
GVT/BTC,1586824287326,2020-04-14T00:31:27.326Z,sell,0.0001037,4.92,0.000510204
GVT/BTC,1586824291489,2020-04-14T00:31:31.489Z,buy,0.000104,4.97,0.0005168799999999999
GVT/BTC,1586824291489,2020-04-14T00:31:31.489Z,buy,0.000104,4.97,0.0005168799999999999
GVT/BTC,1586825332784,2020-04-14T00:48:52.784Z,sell,0.0001035,1.55,0.000160425
GVT/BTC,1586827033886,2020-04-14T01:17:13.886Z,buy,0.0001041,63.47,0.006607226999999999
GVT/BTC,1586827033886,2020-04-14T01:17:13.886Z,buy,0.0001042,6.1,0.0006356199999999999
GVT/BTC,1586827045096,2020-04-14T01:17:25.096Z,buy,0.0001042,3.57,0.000371994
GVT/BTC,1586827045293,2020-04-14T01:17:25.293Z,sell,0.0001042,44.41,0.004627521999999999
GVT/BTC,1586827815617,2020-04-14T01:30:15.617Z,buy,0.0001042,0.97,0.000101074
GVT/BTC,1586827815617,2020-04-14T01:30:15.617Z,buy,0.0001044,8.63,0.0009009720000000001
GVT/BTC,1586827815617,2020-04-14T01:30:15.617Z,buy,0.0001042,0.97,0.000101074
GVT/BTC,1586827815617,2020-04-14T01:30:15.617Z,buy,0.0001044,8.63,0.0009009720000000001
GVT/BTC,1586829008720,2020-04-14T01:50:08.720Z,sell,0.0001039,1.93,0.000200527
GVT/BTC,1586829008720,2020-04-14T01:50:08.720Z,sell,0.0001038,27.07,0.0028098660000000003
GVT/BTC,1586829372405,2020-04-14T01:56:12.405Z,buy,0.0001041,1.1,0.00011451
GVT/BTC,1586829618737,2020-04-14T02:00:18.737Z,buy,0.000104,1.93,0.00020072
GVT/BTC,1586829618737,2020-04-14T02:00:18.737Z,buy,0.0001041,61.95,0.006448995
GVT/BTC,1586830416930,2020-04-14T02:13:36.930Z,sell,0.0001039,7.0,0.0007273000000000001
GVT/BTC,1586830419388,2020-04-14T02:13:39.388Z,buy,0.0001045,3.09,0.000322905
GVT/BTC,1586830696823,2020-04-14T02:18:16.823Z,sell,0.0001039,3.0,0.00031170000000000004
GVT/BTC,1586830696823,2020-04-14T02:18:16.823Z,sell,0.0001039,3.0,0.00031170000000000004
GVT/BTC,1586831485048,2020-04-14T02:31:25.048Z,buy,0.0001045,134.04,0.01400718
GVT/BTC,1586831495651,2020-04-14T02:31:35.651Z,buy,0.0001045,1.44,0.00015048
GVT/BTC,1586832848998,2020-04-14T02:54:08.998Z,buy,0.0001045,361.33,0.037758985
GVT/BTC,1586832849905,2020-04-14T02:54:09.905Z,sell,0.0001045,9.44,0.00098648
GVT/BTC,1586833290760,2020-04-14T03:01:30.760Z,sell,0.0001045,2.82,0.00029469
GVT/BTC,1586833707472,2020-04-14T03:08:27.472Z,buy,0.0001046,1.93,0.00020187799999999998
GVT/BTC,1586833707472,2020-04-14T03:08:27.472Z,buy,0.0001046,1.93,0.00020187799999999998
GVT/BTC,1586834439024,2020-04-14T03:20:39.024Z,sell,0.0001045,138.15,0.014436675000000001
GVT/BTC,1586834444818,2020-04-14T03:20:44.818Z,sell,0.0001045,92.16,0.00963072
GVT/BTC,1586834447618,2020-04-14T03:20:47.618Z,sell,0.0001045,63.02,0.0065855900000000005
GVT/BTC,1586834447689,2020-04-14T03:20:47.689Z,sell,0.0001045,66.9,0.006991050000000001
GVT/BTC,1586836133474,2020-04-14T03:48:53.474Z,sell,0.0001045,0.96,0.00010032
GVT/BTC,1586836134468,2020-04-14T03:48:54.468Z,sell,0.0001041,3.78,0.00039349799999999994
GVT/BTC,1586836134468,2020-04-14T03:48:54.468Z,sell,0.0001041,3.78,0.00039349799999999994
GVT/BTC,1586838317860,2020-04-14T04:25:17.860Z,sell,0.0001041,1.45,0.00015094499999999999
GVT/BTC,1586838317860,2020-04-14T04:25:17.860Z,sell,0.0001041,1.45,0.00015094499999999999
GVT/BTC,1586839744437,2020-04-14T04:49:04.437Z,buy,0.0001045,2.05,0.000214225
GVT/BTC,1586839834972,2020-04-14T04:50:34.972Z,buy,0.0001045,7.82,0.0008171900000000001
GVT/BTC,1586839928335,2020-04-14T04:52:08.335Z,sell,0.0001045,0.97,0.000101365
GVT/BTC,1586840090043,2020-04-14T04:54:50.043Z,buy,0.0001046,9.6,0.0010041599999999998
GVT/BTC,1586840918489,2020-04-14T05:08:38.489Z,sell,0.0001045,1.19,0.000124355
GVT/BTC,1586840929844,2020-04-14T05:08:49.844Z,buy,0.0001046,44.25,0.0046285499999999995
GVT/BTC,1586840929844,2020-04-14T05:08:49.844Z,buy,0.0001047,88.17,0.009231399
GVT/BTC,1586840929858,2020-04-14T05:08:49.858Z,sell,0.0001045,15.71,0.001641695
GVT/BTC,1586841784001,2020-04-14T05:23:04.001Z,buy,0.0001045,61.18,0.00639331
GVT/BTC,1586841784001,2020-04-14T05:23:04.001Z,buy,0.0001045,61.18,0.00639331
GVT/BTC,1586843064446,2020-04-14T05:44:24.446Z,sell,0.0001043,4.2,0.00043806000000000004
GVT/BTC,1586843064519,2020-04-14T05:44:24.519Z,buy,0.0001043,8.65,0.0009021950000000001
GVT/BTC,1586844658925,2020-04-14T06:10:58.925Z,sell,0.0001041,60.58,0.006306378
GVT/BTC,1586844660726,2020-04-14T06:11:00.726Z,buy,0.0001041,1.53,0.000159273
GVT/BTC,1586844983364,2020-04-14T06:16:23.364Z,sell,0.0001041,0.97,0.00010097699999999999
GVT/BTC,1586845115090,2020-04-14T06:18:35.090Z,sell,0.0001038,4.73,0.000490974
GVT/BTC,1586845115090,2020-04-14T06:18:35.090Z,sell,0.0001036,585.61,0.060669196
GVT/BTC,1586845115090,2020-04-14T06:18:35.090Z,sell,0.0001035,126.72,0.013115519999999999
GVT/BTC,1586845126917,2020-04-14T06:18:46.917Z,buy,0.0001037,1.56,0.000161772
GVT/BTC,1586845177776,2020-04-14T06:19:37.776Z,sell,0.0001035,224.08,0.02319228
GVT/BTC,1586845177776,2020-04-14T06:19:37.776Z,sell,0.0001035,224.08,0.02319228
GVT/BTC,1586845514852,2020-04-14T06:25:14.852Z,sell,0.0001035,236.66,0.02449431
GVT/BTC,1586845514852,2020-04-14T06:25:14.852Z,sell,0.0001034,7.12,0.000736208
GVT/BTC,1586845514852,2020-04-14T06:25:14.852Z,sell,0.0001033,95.2,0.009834160000000002
GVT/BTC,1586845514852,2020-04-14T06:25:14.852Z,sell,0.0001033,4.2,0.00043386000000000005
GVT/BTC,1586845702695,2020-04-14T06:28:22.695Z,buy,0.0001037,1.49,0.000154513
GVT/BTC,1586845702695,2020-04-14T06:28:22.695Z,buy,0.0001038,23.09,0.002396742
GVT/BTC,1586846071716,2020-04-14T06:34:31.716Z,sell,0.0001038,2.39,0.000248082
GVT/BTC,1586846087925,2020-04-14T06:34:47.925Z,sell,0.0001037,163.77,0.016982949
GVT/BTC,1586846303567,2020-04-14T06:38:23.567Z,buy,0.0001037,567.66,0.058866341999999995
GVT/BTC,1586846718169,2020-04-14T06:45:18.169Z,buy,0.0001039,174.0,0.0180786
GVT/BTC,1586846942179,2020-04-14T06:49:02.179Z,buy,0.0001039,0.97,0.000100783
GVT/BTC,1586846942988,2020-04-14T06:49:02.988Z,buy,0.000104,2.72,0.00028288
GVT/BTC,1586848512057,2020-04-14T07:15:12.057Z,buy,0.0001039,1.93,0.000200527
GVT/BTC,1586848512057,2020-04-14T07:15:12.057Z,buy,0.000104,6.22,0.00064688
GVT/BTC,1586848512057,2020-04-14T07:15:12.057Z,buy,0.0001041,611.98,0.063707118
GVT/BTC,1586848512057,2020-04-14T07:15:12.057Z,buy,0.0001044,68.98,0.007201512000000001
GVT/BTC,1586848512057,2020-04-14T07:15:12.057Z,buy,0.0001045,602.33,0.06294348500000001
GVT/BTC,1586848512057,2020-04-14T07:15:12.057Z,buy,0.0001046,188.98,0.019767307999999997
GVT/BTC,1586848512068,2020-04-14T07:15:12.068Z,sell,0.0001046,1005.64,0.105189944
GVT/BTC,1586848512092,2020-04-14T07:15:12.092Z,sell,0.0001046,382.0,0.0399572
GVT/BTC,1586848535000,2020-04-14T07:15:35.000Z,buy,0.0001046,356.79,0.037320234
GVT/BTC,1586848535000,2020-04-14T07:15:35.000Z,buy,0.0001047,236.2,0.024730139999999998
GVT/BTC,1586848535153,2020-04-14T07:15:35.153Z,sell,0.0001047,578.43,0.060561620999999996
GVT/BTC,1586848544755,2020-04-14T07:15:44.755Z,sell,0.0001047,738.79,0.07735131299999999
GVT/BTC,1586848554547,2020-04-14T07:15:54.547Z,sell,0.0001041,233.79,0.024337539
GVT/BTC,1586848554548,2020-04-14T07:15:54.548Z,sell,0.0001041,350.31,0.036467270999999996
GVT/BTC,1586848554549,2020-04-14T07:15:54.549Z,sell,0.0001041,16.39,0.001706199
GVT/BTC,1586848554552,2020-04-14T07:15:54.552Z,sell,0.0001041,1184.98,0.123356418
GVT/BTC,1586848554552,2020-04-14T07:15:54.552Z,sell,0.000104,501.52,0.052158079999999996
GVT/BTC,1586848554552,2020-04-14T07:15:54.552Z,sell,0.0001038,4.72,0.000489936
GVT/BTC,1586848554556,2020-04-14T07:15:54.556Z,sell,0.0001035,78.2,0.0080937
GVT/BTC,1586848554627,2020-04-14T07:15:54.627Z,buy,0.0001041,9.7,0.00100977
GVT/BTC,1586848554627,2020-04-14T07:15:54.627Z,buy,0.0001048,56.33,0.005903383999999999
GVT/BTC,1586848554627,2020-04-14T07:15:54.627Z,buy,0.0001049,11.02,0.0011559979999999999
GVT/BTC,1586848554676,2020-04-14T07:15:54.676Z,buy,0.0001047,0.34,3.5598e-05
GVT/BTC,1586848557155,2020-04-14T07:15:57.155Z,buy,0.0001038,4.75,0.00049305
GVT/BTC,1586848557218,2020-04-14T07:15:57.218Z,buy,0.000104,4.7,0.0004888
GVT/BTC,1586848564817,2020-04-14T07:16:04.817Z,buy,0.000104,1.24,0.00012895999999999999
GVT/BTC,1586848564817,2020-04-14T07:16:04.817Z,buy,0.0001041,78.16,0.008136455999999999
GVT/BTC,1586848564817,2020-04-14T07:16:04.817Z,buy,0.0001042,295.53,0.030794225999999997
GVT/BTC,1586848564817,2020-04-14T07:16:04.817Z,buy,0.0001045,599.43,0.062640435
GVT/BTC,1586848609368,2020-04-14T07:16:49.368Z,sell,0.0001046,264.44,0.027660424
GVT/BTC,1586848617141,2020-04-14T07:16:57.141Z,buy,0.0001047,1770.57,0.185378679
GVT/BTC,1586848617141,2020-04-14T07:16:57.141Z,buy,0.0001048,226.64,0.023751871999999997
GVT/BTC,1586848617141,2020-04-14T07:16:57.141Z,buy,0.000105,396.41,0.04162305
GVT/BTC,1586848617175,2020-04-14T07:16:57.175Z,sell,0.000105,2368.27,0.24866835
GVT/BTC,1586848665709,2020-04-14T07:17:45.709Z,sell,0.0001045,1.15,0.000120175
GVT/BTC,1586848665709,2020-04-14T07:17:45.709Z,sell,0.0001045,1.15,0.000120175
GVT/BTC,1586848793102,2020-04-14T07:19:53.102Z,sell,0.0001045,3.55,0.000370975
GVT/BTC,1586848793102,2020-04-14T07:19:53.102Z,sell,0.0001044,10.93,0.001141092
GVT/BTC,1586848811088,2020-04-14T07:20:11.088Z,sell,0.0001041,24.55,0.002555655
GVT/BTC,1586848812971,2020-04-14T07:20:12.971Z,buy,0.0001045,4.71,0.0004921950000000001
GVT/BTC,1586848871501,2020-04-14T07:21:11.501Z,buy,0.0001047,0.29,3.0362999999999997e-05
GVT/BTC,1586848886435,2020-04-14T07:21:26.435Z,buy,0.0001047,0.28,2.9316000000000002e-05
GVT/BTC,1586848905787,2020-04-14T07:21:45.787Z,buy,0.0001047,0.29,3.0362999999999997e-05
GVT/BTC,1586848906824,2020-04-14T07:21:46.824Z,buy,0.0001047,0.28,2.9316000000000002e-05
GVT/BTC,1586848916450,2020-04-14T07:21:56.450Z,buy,0.0001047,0.29,3.0362999999999997e-05
GVT/BTC,1586848944615,2020-04-14T07:22:24.615Z,buy,0.0001047,0.29,3.0362999999999997e-05
GVT/BTC,1586849196298,2020-04-14T07:26:36.298Z,buy,0.0001047,1.0,0.0001047
GVT/BTC,1586850524970,2020-04-14T07:48:44.970Z,buy,0.0001046,0.26,2.7196e-05
GVT/BTC,1586850530293,2020-04-14T07:48:50.293Z,sell,0.0001042,3.77,0.000392834
GVT/BTC,1586850541283,2020-04-14T07:49:01.283Z,buy,0.0001046,0.29,3.0333999999999998e-05
GVT/BTC,1586851287530,2020-04-14T08:01:27.530Z,sell,0.0001042,1.0,0.0001042
GVT/BTC,1586851287530,2020-04-14T08:01:27.530Z,sell,0.0001042,1.0,0.0001042
GVT/BTC,1586852303941,2020-04-14T08:18:23.941Z,sell,0.0001042,500.0,0.0521
GVT/BTC,1586852305658,2020-04-14T08:18:25.658Z,sell,0.0001042,2.3,0.00023965999999999997
GVT/BTC,1586852506670,2020-04-14T08:21:46.670Z,sell,0.0001042,3.35,0.00034907
GVT/BTC,1586852509080,2020-04-14T08:21:49.080Z,sell,0.0001042,2.79,0.000290718
GVT/BTC,1586852855609,2020-04-14T08:27:35.609Z,buy,0.0001043,3.84,0.000400512
GVT/BTC,1586853518856,2020-04-14T08:38:38.856Z,buy,0.0001046,1.37,0.000143302
GVT/BTC,1586853548360,2020-04-14T08:39:08.360Z,sell,0.0001046,0.55,5.753e-05
GVT/BTC,1586853579970,2020-04-14T08:39:39.970Z,buy,0.0001043,66.99,0.006987057
GVT/BTC,1586854087599,2020-04-14T08:48:07.599Z,sell,0.0001042,9.0,0.0009378
GVT/BTC,1586854087599,2020-04-14T08:48:07.599Z,sell,0.0001042,9.0,0.0009378
GVT/BTC,1586855145534,2020-04-14T09:05:45.534Z,sell,0.0001042,36.14,0.003765788
GVT/BTC,1586855648446,2020-04-14T09:14:08.446Z,sell,0.0001042,170.0,0.017714
GVT/BTC,1586855670605,2020-04-14T09:14:30.605Z,sell,0.0001042,251.11,0.026165662000000003
GVT/BTC,1586855875369,2020-04-14T09:17:55.369Z,sell,0.0001041,2.06,0.000214446
GVT/BTC,1586857629006,2020-04-14T09:47:09.006Z,buy,0.0001046,0.42,4.3932e-05
GVT/BTC,1586857629006,2020-04-14T09:47:09.006Z,buy,0.0001046,0.42,4.3932e-05
GVT/BTC,1586857868396,2020-04-14T09:51:08.396Z,sell,0.0001046,0.96,0.000100416
GVT/BTC,1586858551098,2020-04-14T10:02:31.098Z,buy,0.0001047,0.9,9.423e-05
GVT/BTC,1586858551186,2020-04-14T10:02:31.186Z,buy,0.0001048,26.29,0.002755192
GVT/BTC,1586858613017,2020-04-14T10:03:33.017Z,sell,0.0001048,1.06,0.000111088
GVT/BTC,1586858708458,2020-04-14T10:05:08.458Z,sell,0.0001048,0.96,0.000100608
GVT/BTC,1586858831390,2020-04-14T10:07:11.390Z,sell,0.0001048,18.86,0.001976528
GVT/BTC,1586859303784,2020-04-14T10:15:03.784Z,buy,0.0001051,40.03,0.004207153
GVT/BTC,1586859303890,2020-04-14T10:15:03.890Z,sell,0.0001051,79.13,0.008316562999999999
GVT/BTC,1586859303972,2020-04-14T10:15:03.972Z,sell,0.0001051,3.04,0.00031950399999999997
GVT/BTC,1586859312174,2020-04-14T10:15:12.174Z,buy,0.0001052,0.97,0.00010204399999999999
GVT/BTC,1586859313142,2020-04-14T10:15:13.142Z,sell,0.0001051,5.26,0.000552826
GVT/BTC,1586859313192,2020-04-14T10:15:13.192Z,sell,0.0001051,52.63,0.005531413
GVT/BTC,1586859315087,2020-04-14T10:15:15.087Z,sell,0.0001051,5.26,0.000552826
GVT/BTC,1586859315225,2020-04-14T10:15:15.225Z,sell,0.0001051,52.63,0.005531413
GVT/BTC,1586859351459,2020-04-14T10:15:51.459Z,buy,0.0001052,41.27,0.004341604
GVT/BTC,1586859351459,2020-04-14T10:15:51.459Z,buy,0.0001053,195.56,0.020592468
GVT/BTC,1586859522149,2020-04-14T10:18:42.149Z,sell,0.0001048,4.69,0.000491512
GVT/BTC,1586859522264,2020-04-14T10:18:42.264Z,buy,0.0001048,95.31,0.009988488
GVT/BTC,1586860752349,2020-04-14T10:39:12.349Z,sell,0.0001047,2.03,0.00021254099999999998
GVT/BTC,1586860752349,2020-04-14T10:39:12.349Z,sell,0.0001047,15.9,0.00166473
GVT/BTC,1586860997461,2020-04-14T10:43:17.461Z,buy,0.0001051,4.69,0.000492919
GVT/BTC,1586860997461,2020-04-14T10:43:17.461Z,buy,0.0001053,187.86,0.019781658
GVT/BTC,1586860997461,2020-04-14T10:43:17.461Z,buy,0.0001051,4.69,0.000492919
GVT/BTC,1586860997461,2020-04-14T10:43:17.461Z,buy,0.0001053,187.86,0.019781658
GVT/BTC,1586861334949,2020-04-14T10:48:54.949Z,sell,0.0001048,4.52,0.00047369599999999996
GVT/BTC,1586861586171,2020-04-14T10:53:06.171Z,buy,0.0001053,122.99,0.012950847
GVT/BTC,1586861713773,2020-04-14T10:55:13.773Z,sell,0.0001049,87.0,0.0091263
GVT/BTC,1586861718488,2020-04-14T10:55:18.488Z,buy,0.0001049,17.01,0.0017843490000000002
GVT/BTC,1586861721046,2020-04-14T10:55:21.046Z,sell,0.0001048,35.99,0.003771752
GVT/BTC,1586861760680,2020-04-14T10:56:00.680Z,buy,0.0001051,4.69,0.000492919
GVT/BTC,1586861760690,2020-04-14T10:56:00.690Z,sell,0.0001052,150.3,0.01581156
GVT/BTC,1586861931964,2020-04-14T10:58:51.964Z,buy,0.0001052,10.09,0.0010614679999999999
GVT/BTC,1586861931964,2020-04-14T10:58:51.964Z,buy,0.0001053,136.64,0.014388191999999998
GVT/BTC,1586862067680,2020-04-14T11:01:07.680Z,buy,0.0001053,20.0,0.002106
GVT/BTC,1586862184670,2020-04-14T11:03:04.670Z,buy,0.0001053,171.22,0.018029466
GVT/BTC,1586862184670,2020-04-14T11:03:04.670Z,buy,0.0001054,28.78,0.003033412
GVT/BTC,1586862246154,2020-04-14T11:04:06.154Z,sell,0.0001053,2.1,0.00022113
GVT/BTC,1586862246156,2020-04-14T11:04:06.156Z,sell,0.0001053,2.1,0.00022113
GVT/BTC,1586862246277,2020-04-14T11:04:06.277Z,sell,0.0001053,2.1,0.00022113
GVT/BTC,1586862246538,2020-04-14T11:04:06.538Z,buy,0.0001054,0.96,0.000101184
GVT/BTC,1586862251146,2020-04-14T11:04:11.146Z,sell,0.0001053,2.1,0.00022113
GVT/BTC,1586862306233,2020-04-14T11:05:06.233Z,sell,0.0001053,5.59,0.000588627
GVT/BTC,1586862306282,2020-04-14T11:05:06.282Z,sell,0.0001053,5.59,0.000588627
GVT/BTC,1586862306467,2020-04-14T11:05:06.467Z,sell,0.0001053,5.28,0.000555984
GVT/BTC,1586862383814,2020-04-14T11:06:23.814Z,sell,0.0001053,3.73,0.000392769
GVT/BTC,1586862383875,2020-04-14T11:06:23.875Z,sell,0.0001053,3.73,0.000392769
GVT/BTC,1586862445793,2020-04-14T11:07:25.793Z,sell,0.0001053,36.38,0.003830814
GVT/BTC,1586862462417,2020-04-14T11:07:42.417Z,sell,0.0001054,45.27,0.004771458
GVT/BTC,1586862462435,2020-04-14T11:07:42.435Z,sell,0.0001054,113.28,0.011939712
GVT/BTC,1586862463824,2020-04-14T11:07:43.824Z,sell,0.0001054,109.72,0.011564488
GVT/BTC,1586862483028,2020-04-14T11:08:03.028Z,sell,0.0001054,65.45,0.0068984300000000005
GVT/BTC,1586862485036,2020-04-14T11:08:05.036Z,sell,0.0001054,45.06,0.004749324
GVT/BTC,1586862493437,2020-04-14T11:08:13.437Z,sell,0.0001054,29.41,0.003099814
GVT/BTC,1586862497286,2020-04-14T11:08:17.286Z,sell,0.0001054,66.64,0.007023856
GVT/BTC,1586862499140,2020-04-14T11:08:19.140Z,sell,0.0001053,65.57,0.006904520999999999
GVT/BTC,1586862501942,2020-04-14T11:08:21.942Z,sell,0.0001053,44.84,0.004721652000000001
GVT/BTC,1586862505242,2020-04-14T11:08:25.242Z,sell,0.0001053,30.54,0.003215862
GVT/BTC,1586862506846,2020-04-14T11:08:26.846Z,sell,0.0001053,21.09,0.0022207769999999997
GVT/BTC,1586862509548,2020-04-14T11:08:29.548Z,sell,0.0001053,14.44,0.001520532
GVT/BTC,1586862610107,2020-04-14T11:10:10.107Z,buy,0.0001055,1.0,0.0001055
GVT/BTC,1586862679827,2020-04-14T11:11:19.827Z,sell,0.0001053,1.25,0.000131625
GVT/BTC,1586862679882,2020-04-14T11:11:19.882Z,sell,0.0001053,1.25,0.000131625
GVT/BTC,1586862876899,2020-04-14T11:14:36.899Z,sell,0.0001053,95.0,0.0100035
GVT/BTC,1586862908824,2020-04-14T11:15:08.824Z,sell,0.0001053,446.0,0.0469638
GVT/BTC,1586862908917,2020-04-14T11:15:08.917Z,sell,0.0001053,160.97,0.016950141
GVT/BTC,1586862925295,2020-04-14T11:15:25.295Z,sell,0.0001053,0.01,1.053e-06
GVT/BTC,1586863436767,2020-04-14T11:23:56.767Z,buy,0.0001053,50.0,0.005265
GVT/BTC,1586863809336,2020-04-14T11:30:09.336Z,sell,0.0001051,4.68,0.0004918679999999999
GVT/BTC,1586863809372,2020-04-14T11:30:09.372Z,buy,0.0001049,72.32,0.007586368
GVT/BTC,1586863811781,2020-04-14T11:30:11.781Z,sell,0.0001048,19.35,0.00202788
GVT/BTC,1586863917781,2020-04-14T11:31:57.781Z,sell,0.0001048,130.0,0.013624
GVT/BTC,1586864490122,2020-04-14T11:41:30.122Z,sell,0.0001048,258.91,0.027133768000000003
GVT/BTC,1586864490122,2020-04-14T11:41:30.122Z,sell,0.0001047,84.61,0.008858666999999999
GVT/BTC,1586864490211,2020-04-14T11:41:30.211Z,buy,0.0001047,25.48,0.002667756
GVT/BTC,1586864491433,2020-04-14T11:41:31.433Z,sell,0.0001045,9.6,0.0010032
GVT/BTC,1586864493613,2020-04-14T11:41:33.613Z,buy,0.0001048,4.69,0.000491512
GVT/BTC,1586864493859,2020-04-14T11:41:33.859Z,sell,0.0001044,9.62,0.0010043279999999999
GVT/BTC,1586864501322,2020-04-14T11:41:41.322Z,buy,0.0001048,15.37,0.001610776
GVT/BTC,1586864501322,2020-04-14T11:41:41.322Z,buy,0.0001048,15.37,0.001610776
GVT/BTC,1586864833744,2020-04-14T11:47:13.744Z,buy,0.000105,35.82,0.0037611000000000003
GVT/BTC,1586864833744,2020-04-14T11:47:13.744Z,buy,0.0001051,74.5,0.007829949999999999
GVT/BTC,1586864833744,2020-04-14T11:47:13.744Z,buy,0.0001053,331.43,0.034899579
GVT/BTC,1586864833744,2020-04-14T11:47:13.744Z,buy,0.0001054,319.34,0.033658436
GVT/BTC,1586864833744,2020-04-14T11:47:13.744Z,buy,0.0001056,5.63,0.000594528
GVT/BTC,1586864833744,2020-04-14T11:47:13.744Z,buy,0.0001057,4.65,0.000491505
GVT/BTC,1586864833744,2020-04-14T11:47:13.744Z,buy,0.0001058,43.08,0.004557864
GVT/BTC,1586864833744,2020-04-14T11:47:13.744Z,buy,0.0001059,185.55,0.019649745
GVT/BTC,1586864836227,2020-04-14T11:47:16.227Z,sell,0.0001054,4.65,0.0004901100000000001
GVT/BTC,1586864847550,2020-04-14T11:47:27.550Z,sell,0.0001054,45.54,0.0047999159999999996
GVT/BTC,1586864872263,2020-04-14T11:47:52.263Z,sell,0.0001054,23.72,0.0025000879999999997
GVT/BTC,1586864912515,2020-04-14T11:48:32.515Z,buy,0.0001056,2.85,0.00030096
GVT/BTC,1586864937059,2020-04-14T11:48:57.059Z,sell,0.0001054,5.0,0.000527
GVT/BTC,1586864938065,2020-04-14T11:48:58.065Z,sell,0.0001053,1.92,0.00020217599999999998
GVT/BTC,1586865248431,2020-04-14T11:54:08.431Z,sell,0.0001053,0.96,0.00010108799999999999
GVT/BTC,1586865262999,2020-04-14T11:54:22.999Z,buy,0.0001055,33.25,0.003507875
GVT/BTC,1586865587646,2020-04-14T11:59:47.646Z,buy,0.0001055,1300.7,0.13722385
GVT/BTC,1586865668656,2020-04-14T12:01:08.656Z,sell,0.0001053,0.74,7.7922e-05
GVT/BTC,1586865668687,2020-04-14T12:01:08.687Z,buy,0.0001053,110.26,0.011610378000000001
GVT/BTC,1586866117134,2020-04-14T12:08:37.134Z,buy,0.0001056,23.67,0.0024995520000000004
GVT/BTC,1586866237170,2020-04-14T12:10:37.170Z,buy,0.0001056,1.89,0.000199584
GVT/BTC,1586866277865,2020-04-14T12:11:17.865Z,buy,0.0001056,178.43,0.018842208000000003
GVT/BTC,1586866278194,2020-04-14T12:11:18.194Z,sell,0.0001051,13.02,0.001368402
GVT/BTC,1586866280398,2020-04-14T12:11:20.398Z,buy,0.0001054,4.67,0.000492218
GVT/BTC,1586866385537,2020-04-14T12:13:05.537Z,buy,0.0001057,196.33,0.020752081
GVT/BTC,1586866976358,2020-04-14T12:22:56.358Z,buy,0.0001058,3.62,0.000382996
GVT/BTC,1586866976358,2020-04-14T12:22:56.358Z,buy,0.0001059,244.32,0.025873488
GVT/BTC,1586867007899,2020-04-14T12:23:27.899Z,sell,0.0001054,4.65,0.0004901100000000001
GVT/BTC,1586867007899,2020-04-14T12:23:27.899Z,sell,0.0001053,7.26,0.000764478
GVT/BTC,1586867043163,2020-04-14T12:24:03.163Z,buy,0.0001057,4.65,0.000491505
GVT/BTC,1586867043163,2020-04-14T12:24:03.163Z,buy,0.0001059,123.49,0.013077591
GVT/BTC,1586867086216,2020-04-14T12:24:46.216Z,buy,0.0001059,119.82,0.012688937999999999
GVT/BTC,1586867148426,2020-04-14T12:25:48.426Z,buy,0.000106,152.01,0.01611306
GVT/BTC,1586867151089,2020-04-14T12:25:51.089Z,buy,0.000106,4.71,0.00049926
GVT/BTC,1586867154800,2020-04-14T12:25:54.800Z,buy,0.000106,0.96,0.00010176
GVT/BTC,1586867159907,2020-04-14T12:25:59.907Z,buy,0.000106,611.25,0.0647925
GVT/BTC,1586867411098,2020-04-14T12:30:11.098Z,buy,0.000106,17.93,0.00190058
GVT/BTC,1586867624504,2020-04-14T12:33:44.504Z,buy,0.000106,1.42,0.00015052
GVT/BTC,1586867630561,2020-04-14T12:33:50.561Z,buy,0.000106,40.0,0.00424
GVT/BTC,1586867639053,2020-04-14T12:33:59.053Z,sell,0.0001054,1.26,0.000132804
GVT/BTC,1586868019445,2020-04-14T12:40:19.445Z,sell,0.0001054,55.35,0.00583389
GVT/BTC,1586868019445,2020-04-14T12:40:19.445Z,sell,0.0001053,99.48,0.010475244
GVT/BTC,1586868019445,2020-04-14T12:40:19.445Z,sell,0.0001054,55.35,0.00583389
GVT/BTC,1586868019445,2020-04-14T12:40:19.445Z,sell,0.0001053,99.48,0.010475244
GVT/BTC,1586868196350,2020-04-14T12:43:16.350Z,buy,0.0001057,4.66,0.000492562
GVT/BTC,1586868196350,2020-04-14T12:43:16.350Z,buy,0.000106,95.34,0.01010604
GVT/BTC,1586868249765,2020-04-14T12:44:09.765Z,buy,0.000106,203.04,0.021522239999999998
GVT/BTC,1586868445844,2020-04-14T12:47:25.844Z,sell,0.0001057,114.93,0.012148101
GVT/BTC,1586868480110,2020-04-14T12:48:00.110Z,sell,0.0001054,1.0,0.0001054
GVT/BTC,1586868480263,2020-04-14T12:48:00.263Z,sell,0.0001054,1.96,0.000206584
GVT/BTC,1586868481378,2020-04-14T12:48:01.378Z,sell,0.0001059,164.65,0.017436435
GVT/BTC,1586868481450,2020-04-14T12:48:01.450Z,sell,0.0001059,70.28,0.007442652
GVT/BTC,1586868539739,2020-04-14T12:48:59.739Z,sell,0.0001054,1.11,0.00011699400000000001
GVT/BTC,1586869134904,2020-04-14T12:58:54.904Z,buy,0.000106,144.77,0.01534562
GVT/BTC,1586869134904,2020-04-14T12:58:54.904Z,buy,0.0001061,77.5,0.008222750000000001
GVT/BTC,1586869134904,2020-04-14T12:58:54.904Z,buy,0.0001062,64.16,0.006813792
GVT/BTC,1586869134904,2020-04-14T12:58:54.904Z,buy,0.0001063,23.64,0.002512932
GVT/BTC,1586869134904,2020-04-14T12:58:54.904Z,buy,0.0001064,78.29,0.008330056
GVT/BTC,1586869134904,2020-04-14T12:58:54.904Z,sell,0.0001064,11.87,0.001262968
GVT/BTC,1586869134904,2020-04-14T12:58:54.904Z,sell,0.0001055,34.13,0.0036007150000000004
GVT/BTC,1586869134904,2020-04-14T12:58:54.904Z,sell,0.0001054,50.01,0.005271054
GVT/BTC,1586869137181,2020-04-14T12:58:57.181Z,buy,0.0001061,4.62,0.000490182
GVT/BTC,1586869137328,2020-04-14T12:58:57.328Z,sell,0.0001058,3.62,0.000382996
GVT/BTC,1586869137328,2020-04-14T12:58:57.328Z,sell,0.0001057,1.03,0.000108871
GVT/BTC,1586869320272,2020-04-14T13:02:00.272Z,buy,0.0001061,7.25,0.000769225
GVT/BTC,1586869346652,2020-04-14T13:02:26.652Z,sell,0.0001062,63.42,0.006735204000000001
GVT/BTC,1586869346765,2020-04-14T13:02:26.765Z,sell,0.0001062,1.37,0.00014549400000000003
GVT/BTC,1586869346769,2020-04-14T13:02:26.769Z,sell,0.0001062,46.35,0.0049223700000000006
GVT/BTC,1586869630083,2020-04-14T13:07:10.083Z,sell,0.0001057,74.26,0.007849282
GVT/BTC,1586869630083,2020-04-14T13:07:10.083Z,sell,0.0001056,177.94,0.018790464
GVT/BTC,1586869630083,2020-04-14T13:07:10.083Z,sell,0.0001055,180.62,0.019055410000000002
GVT/BTC,1586869839550,2020-04-14T13:10:39.550Z,sell,0.0001054,667.04,0.070306016
GVT/BTC,1586869918087,2020-04-14T13:11:58.087Z,buy,0.0001057,4.66,0.000492562
GVT/BTC,1586869918087,2020-04-14T13:11:58.087Z,buy,0.0001059,110.55,0.011707245
GVT/BTC,1586869918087,2020-04-14T13:11:58.087Z,buy,0.000106,1.7,0.0001802
GVT/BTC,1586869918087,2020-04-14T13:11:58.087Z,buy,0.0001061,4.65,0.0004933650000000001
GVT/BTC,1586869918087,2020-04-14T13:11:58.087Z,buy,0.0001064,85.01,0.009045064
GVT/BTC,1586869918087,2020-04-14T13:11:58.087Z,buy,0.0001065,266.46,0.02837799
GVT/BTC,1586870116900,2020-04-14T13:15:16.900Z,buy,0.0001065,0.99,0.000105435
GVT/BTC,1586870177368,2020-04-14T13:16:17.368Z,buy,0.0001065,517.34,0.05509671
GVT/BTC,1586870177368,2020-04-14T13:16:17.368Z,buy,0.0001066,359.14,0.038284324
GVT/BTC,1586870177368,2020-04-14T13:16:17.368Z,buy,0.0001067,778.0,0.0830126
GVT/BTC,1586870177368,2020-04-14T13:16:17.368Z,buy,0.0001068,850.39,0.09082165199999999
GVT/BTC,1586870177368,2020-04-14T13:16:17.368Z,buy,0.0001069,661.71,0.070736799
GVT/BTC,1586870177368,2020-04-14T13:16:17.368Z,buy,0.000107,1954.93,0.20917751
GVT/BTC,1586870177389,2020-04-14T13:16:17.389Z,sell,0.000107,3.32,0.00035524
GVT/BTC,1586870177411,2020-04-14T13:16:17.411Z,sell,0.000107,878.45,0.09399415
GVT/BTC,1586870177439,2020-04-14T13:16:17.439Z,sell,0.0001067,3.32,0.000354244
GVT/BTC,1586870177439,2020-04-14T13:16:17.439Z,sell,0.0001061,2.33,0.00024721300000000003
GVT/BTC,1586870177713,2020-04-14T13:16:17.713Z,sell,0.0001062,11.49,0.001220238
GVT/BTC,1586870179582,2020-04-14T13:16:19.582Z,sell,0.0001067,2.8,0.00029876
GVT/BTC,1586870180410,2020-04-14T13:16:20.410Z,buy,0.000107,6.79,0.00072653
GVT/BTC,1586870180822,2020-04-14T13:16:20.822Z,buy,0.0001071,11.54,0.001235934
GVT/BTC,1586870182556,2020-04-14T13:16:22.556Z,sell,0.0001067,1.8,0.00019206
GVT/BTC,1586870182624,2020-04-14T13:16:22.624Z,buy,0.0001067,9.2,0.00098164
GVT/BTC,1586870186403,2020-04-14T13:16:26.403Z,buy,0.000107,0.95,0.00010164999999999999
GVT/BTC,1586870255646,2020-04-14T13:17:35.646Z,buy,0.000107,2.81,0.00030067
GVT/BTC,1586870258792,2020-04-14T13:17:38.792Z,sell,0.0001066,26.46,0.002820636
GVT/BTC,1586870259867,2020-04-14T13:17:39.867Z,buy,0.000107,0.83,8.881e-05
GVT/BTC,1586870259867,2020-04-14T13:17:39.867Z,buy,0.0001072,36.06,0.0038656320000000004
GVT/BTC,1586870259867,2020-04-14T13:17:39.867Z,buy,0.0001073,671.54,0.072056242
GVT/BTC,1586870259867,2020-04-14T13:17:39.867Z,buy,0.0001074,20.95,0.0022500299999999997
GVT/BTC,1586870259867,2020-04-14T13:17:39.867Z,buy,0.0001075,4055.36,0.4359512
GVT/BTC,1586870259867,2020-04-14T13:17:39.867Z,buy,0.0001076,75.14,0.008085064
GVT/BTC,1586870259867,2020-04-14T13:17:39.867Z,buy,0.0001077,10.57,0.001138389
GVT/BTC,1586870259867,2020-04-14T13:17:39.867Z,buy,0.0001078,302.37,0.032595486
GVT/BTC,1586870259867,2020-04-14T13:17:39.867Z,buy,0.0001079,19.43,0.0020964969999999997
GVT/BTC,1586870259867,2020-04-14T13:17:39.867Z,buy,0.000108,1653.13,0.17853804
GVT/BTC,1586870259867,2020-04-14T13:17:39.867Z,buy,0.0001081,1169.22,0.126392682
GVT/BTC,1586870259867,2020-04-14T13:17:39.867Z,sell,0.0001081,5.0,0.0005405
GVT/BTC,1586870259891,2020-04-14T13:17:39.891Z,sell,0.0001081,3740.93,0.404394533
GVT/BTC,1586870259898,2020-04-14T13:17:39.898Z,sell,0.0001081,3.32,0.000358892
GVT/BTC,1586870259908,2020-04-14T13:17:39.908Z,sell,0.0001081,18.45,0.001994445
GVT/BTC,1586870259938,2020-04-14T13:17:39.938Z,sell,0.0001081,3108.82,0.336063442
GVT/BTC,1586870259939,2020-04-14T13:17:39.939Z,sell,0.000108,10.32,0.00111456
GVT/BTC,1586870259953,2020-04-14T13:17:39.953Z,sell,0.000108,0.58,6.264e-05
GVT/BTC,1586870260595,2020-04-14T13:17:40.595Z,sell,0.0001078,3.32,0.000357896
GVT/BTC,1586870260595,2020-04-14T13:17:40.595Z,sell,0.0001075,57.68,0.0062006
GVT/BTC,1586870260980,2020-04-14T13:17:40.980Z,sell,0.0001073,61.0,0.0065453
GVT/BTC,1586870261363,2020-04-14T13:17:41.363Z,sell,0.0001073,9.52,0.001021496
GVT/BTC,1586870261370,2020-04-14T13:17:41.370Z,sell,0.0001073,4.71,0.000505383
GVT/BTC,1586870261743,2020-04-14T13:17:41.743Z,sell,0.0001073,21.4,0.00229622
GVT/BTC,1586870261749,2020-04-14T13:17:41.749Z,sell,0.0001073,498.16,0.053452568000000006
GVT/BTC,1586870261752,2020-04-14T13:17:41.752Z,sell,0.0001073,21.4,0.00229622
GVT/BTC,1586870261758,2020-04-14T13:17:41.758Z,sell,0.0001073,193.8,0.020794740000000003
GVT/BTC,1586870261762,2020-04-14T13:17:41.762Z,sell,0.0001073,934.65,0.100287945
GVT/BTC,1586870261766,2020-04-14T13:17:41.766Z,sell,0.0001073,21.45,0.002301585
GVT/BTC,1586870261770,2020-04-14T13:17:41.770Z,sell,0.0001073,2.2,0.00023606000000000004
GVT/BTC,1586870261792,2020-04-14T13:17:41.792Z,sell,0.0001073,21.46,0.0023026580000000004
GVT/BTC,1586870261803,2020-04-14T13:17:41.803Z,sell,0.0001073,0.99,0.00010622700000000001
GVT/BTC,1586870261854,2020-04-14T13:17:41.854Z,sell,0.0001073,9.6,0.00103008
GVT/BTC,1586870262243,2020-04-14T13:17:42.243Z,sell,0.0001077,4.55,0.000490035
GVT/BTC,1586870264346,2020-04-14T13:17:44.346Z,sell,0.0001076,3.62,0.000389512
GVT/BTC,1586870265877,2020-04-14T13:17:45.877Z,buy,0.000108,0.94,0.00010151999999999999
GVT/BTC,1586870272582,2020-04-14T13:17:52.582Z,buy,0.0001079,1714.55,0.18499994499999997
GVT/BTC,1586870272642,2020-04-14T13:17:52.642Z,sell,0.0001079,787.29,0.08494859099999999
GVT/BTC,1586870276418,2020-04-14T13:17:56.418Z,sell,0.0001073,4.57,0.000490361
GVT/BTC,1586870276418,2020-04-14T13:17:56.418Z,sell,0.0001071,146.43,0.015682653
GVT/BTC,1586870281704,2020-04-14T13:18:01.704Z,sell,0.0001071,1.0,0.0001071
GVT/BTC,1586870281745,2020-04-14T13:18:01.745Z,sell,0.0001071,1.0,0.0001071
GVT/BTC,1586870287826,2020-04-14T13:18:07.826Z,buy,0.0001076,459.62,0.049455112
GVT/BTC,1586870287858,2020-04-14T13:18:07.858Z,sell,0.0001076,167.58,0.018031608
GVT/BTC,1586870308715,2020-04-14T13:18:28.715Z,buy,0.0001077,5.63,0.000606351
GVT/BTC,1586870308715,2020-04-14T13:18:28.715Z,buy,0.0001079,98.52,0.010630308
GVT/BTC,1586870308715,2020-04-14T13:18:28.715Z,buy,0.000108,3.62,0.00039096
GVT/BTC,1586870308715,2020-04-14T13:18:28.715Z,buy,0.0001081,282.71,0.030560950999999996
GVT/BTC,1586870308757,2020-04-14T13:18:28.757Z,sell,0.0001081,763.91,0.08257867099999999
GVT/BTC,1586870314654,2020-04-14T13:18:34.654Z,buy,0.0001082,7.25,0.00078445
GVT/BTC,1586870314654,2020-04-14T13:18:34.654Z,buy,0.0001083,23.23,0.002515809
GVT/BTC,1586870314752,2020-04-14T13:18:34.752Z,sell,0.0001083,16.75,0.0018140250000000001
GVT/BTC,1586870315586,2020-04-14T13:18:35.586Z,buy,0.0001084,4.63,0.000501892
GVT/BTC,1586870317222,2020-04-14T13:18:37.222Z,buy,0.0001084,4.61,0.0004997240000000001
GVT/BTC,1586870320405,2020-04-14T13:18:40.405Z,sell,0.000108,4.55,0.0004913999999999999
GVT/BTC,1586870320405,2020-04-14T13:18:40.405Z,sell,0.0001077,9.73,0.001047921
GVT/BTC,1586870323422,2020-04-14T13:18:43.422Z,sell,0.0001076,3.62,0.000389512
GVT/BTC,1586870323422,2020-04-14T13:18:43.422Z,sell,0.0001073,77.8,0.00834794
GVT/BTC,1586870323699,2020-04-14T13:18:43.699Z,sell,0.0001072,12.44,0.001333568
GVT/BTC,1586870324274,2020-04-14T13:18:44.274Z,sell,0.0001072,4.61,0.0004941920000000001
GVT/BTC,1586870331318,2020-04-14T13:18:51.318Z,buy,0.0001077,4.59,0.000494343
GVT/BTC,1586870332467,2020-04-14T13:18:52.467Z,sell,0.0001075,4.95,0.000532125
GVT/BTC,1586870332467,2020-04-14T13:18:52.467Z,sell,0.0001073,114.05,0.012237565
GVT/BTC,1586870334721,2020-04-14T13:18:54.721Z,buy,0.000108,1262.13,0.13631004
GVT/BTC,1586870334760,2020-04-14T13:18:54.760Z,sell,0.000108,605.6,0.0654048
GVT/BTC,1586870335843,2020-04-14T13:18:55.843Z,sell,0.0001073,4.58,0.000491434
GVT/BTC,1586870335862,2020-04-14T13:18:55.862Z,buy,0.0001073,6.12,0.000656676
GVT/BTC,1586870337830,2020-04-14T13:18:57.830Z,sell,0.0001077,4.55,0.000490035
GVT/BTC,1586870338225,2020-04-14T13:18:58.225Z,buy,0.0001077,0.03,3.231e-06
GVT/BTC,1586870340230,2020-04-14T13:19:00.230Z,buy,0.0001077,8.17,0.000879909
GVT/BTC,1586870341231,2020-04-14T13:19:01.231Z,buy,0.0001077,5.91,0.000636507
GVT/BTC,1586870344575,2020-04-14T13:19:04.575Z,buy,0.000108,4.55,0.0004913999999999999
GVT/BTC,1586870349071,2020-04-14T13:19:09.071Z,buy,0.0001081,1.2,0.00012972
GVT/BTC,1586870353840,2020-04-14T13:19:13.840Z,buy,0.0001081,2.42,0.000261602
GVT/BTC,1586870353840,2020-04-14T13:19:13.840Z,buy,0.0001083,4.55,0.000492765
GVT/BTC,1586870353840,2020-04-14T13:19:13.840Z,buy,0.0001084,35.72,0.003872048
GVT/BTC,1586870353866,2020-04-14T13:19:13.866Z,sell,0.0001084,6.57,0.0007121880000000001
GVT/BTC,1586870353868,2020-04-14T13:19:13.868Z,sell,0.0001084,603.17,0.065383628
GVT/BTC,1586870362325,2020-04-14T13:19:22.325Z,sell,0.000108,48.58,0.0052466399999999995
GVT/BTC,1586870373062,2020-04-14T13:19:33.062Z,buy,0.000108,1.42,0.00015335999999999998
GVT/BTC,1586870373062,2020-04-14T13:19:33.062Z,buy,0.0001083,1.36,0.000147288
GVT/BTC,1586870375080,2020-04-14T13:19:35.080Z,sell,0.0001077,4.55,0.000490035
GVT/BTC,1586870375080,2020-04-14T13:19:35.080Z,sell,0.0001076,3.62,0.000389512
GVT/BTC,1586870375080,2020-04-14T13:19:35.080Z,sell,0.0001075,491.83,0.052871724999999994
GVT/BTC,1586870394301,2020-04-14T13:19:54.301Z,sell,0.0001073,4.58,0.000491434
GVT/BTC,1586870394301,2020-04-14T13:19:54.301Z,sell,0.0001072,395.42,0.042389024000000004
GVT/BTC,1586870394800,2020-04-14T13:19:54.800Z,buy,0.0001073,47.7,0.005118210000000001
GVT/BTC,1586870429934,2020-04-14T13:20:29.934Z,sell,0.0001071,1.2,0.00012852
GVT/BTC,1586870444371,2020-04-14T13:20:44.371Z,sell,0.0001071,150.0,0.016065
GVT/BTC,1586870480312,2020-04-14T13:21:20.312Z,sell,0.0001071,2.54,0.000272034
GVT/BTC,1586870480312,2020-04-14T13:21:20.312Z,sell,0.000107,200.78,0.02148346
GVT/BTC,1586870483297,2020-04-14T13:21:23.297Z,buy,0.0001072,1.97,0.000211184
GVT/BTC,1586870695837,2020-04-14T13:24:55.837Z,sell,0.000107,1.0,0.000107
GVT/BTC,1586870695837,2020-04-14T13:24:55.837Z,sell,0.000107,1.12,0.00011984
GVT/BTC,1586870797945,2020-04-14T13:26:37.945Z,sell,0.000107,6.6,0.0007061999999999999
GVT/BTC,1586870799151,2020-04-14T13:26:39.151Z,sell,0.000107,1.12,0.00011984
GVT/BTC,1586870844683,2020-04-14T13:27:24.683Z,sell,0.000107,50.53,0.00540671
GVT/BTC,1586870844683,2020-04-14T13:27:24.683Z,sell,0.0001067,310.49,0.033129283
GVT/BTC,1586870844683,2020-04-14T13:27:24.683Z,sell,0.0001066,792.21,0.08444958600000001
GVT/BTC,1586870947915,2020-04-14T13:29:07.915Z,buy,0.000107,99.5,0.0106465
GVT/BTC,1586870952235,2020-04-14T13:29:12.235Z,buy,0.0001073,0.28,3.0044000000000006e-05
GVT/BTC,1586870979810,2020-04-14T13:29:39.810Z,buy,0.0001073,0.33,3.5409000000000006e-05
GVT/BTC,1586871010707,2020-04-14T13:30:10.707Z,buy,0.0001072,0.95,0.00010184
GVT/BTC,1586871025911,2020-04-14T13:30:25.911Z,sell,0.0001072,0.03,3.2159999999999998e-06
GVT/BTC,1586871025911,2020-04-14T13:30:25.911Z,sell,0.0001068,1.88,0.00020078399999999997
GVT/BTC,1586871025911,2020-04-14T13:30:25.911Z,sell,0.0001067,342.85,0.036582095
GVT/BTC,1586871025911,2020-04-14T13:30:25.911Z,sell,0.0001066,316.29,0.033716514
GVT/BTC,1586871025911,2020-04-14T13:30:25.911Z,sell,0.0001065,937.91,0.099887415
GVT/BTC,1586871025911,2020-04-14T13:30:25.911Z,sell,0.0001064,8.24,0.000876736
GVT/BTC,1586871025911,2020-04-14T13:30:25.911Z,sell,0.0001063,1.11,0.00011799300000000001
GVT/BTC,1586871025911,2020-04-14T13:30:25.911Z,sell,0.0001062,16.78,0.0017820360000000003
GVT/BTC,1586871025911,2020-04-14T13:30:25.911Z,sell,0.0001061,16.28,0.001727308
GVT/BTC,1586871025911,2020-04-14T13:30:25.911Z,sell,0.000106,23.17,0.00245602
GVT/BTC,1586871025911,2020-04-14T13:30:25.911Z,sell,0.0001059,335.25,0.035502975
GVT/BTC,1586871025924,2020-04-14T13:30:25.924Z,buy,0.0001063,4.95,0.000526185
GVT/BTC,1586871026224,2020-04-14T13:30:26.224Z,sell,0.0001062,5.6,0.00059472
GVT/BTC,1586871026224,2020-04-14T13:30:26.224Z,sell,0.0001062,22.62,0.0024022440000000004
GVT/BTC,1586871026224,2020-04-14T13:30:26.224Z,sell,0.0001061,49.69,0.005272109
GVT/BTC,1586871026227,2020-04-14T13:30:26.227Z,sell,0.0001061,15.27,0.001620147
GVT/BTC,1586871026229,2020-04-14T13:30:26.229Z,sell,0.0001061,15.1,0.0016021100000000001
GVT/BTC,1586871027622,2020-04-14T13:30:27.622Z,sell,0.0001062,161.37,0.017137494000000003
GVT/BTC,1586871027622,2020-04-14T13:30:27.622Z,sell,0.0001061,138.1,0.01465241
GVT/BTC,1586871028059,2020-04-14T13:30:28.059Z,buy,0.0001064,4.62,0.000491568
GVT/BTC,1586871031401,2020-04-14T13:30:31.401Z,sell,0.0001062,13.99,0.0014857380000000001
GVT/BTC,1586871189817,2020-04-14T13:33:09.817Z,buy,0.0001062,1.81,0.000192222
GVT/BTC,1586871302940,2020-04-14T13:35:02.940Z,buy,0.0001063,37.04,0.003937352
GVT/BTC,1586871419137,2020-04-14T13:36:59.137Z,sell,0.0001061,4.62,0.000490182
GVT/BTC,1586871419137,2020-04-14T13:36:59.137Z,sell,0.0001058,48.59,0.005140822000000001
GVT/BTC,1586871419137,2020-04-14T13:36:59.137Z,sell,0.0001057,190.34,0.020118938
GVT/BTC,1586871419137,2020-04-14T13:36:59.137Z,sell,0.0001056,87.75,0.009266400000000001
GVT/BTC,1586871419157,2020-04-14T13:36:59.157Z,buy,0.0001056,320.48,0.033842688
GVT/BTC,1586871421488,2020-04-14T13:37:01.488Z,buy,0.0001061,0.3,3.183e-05
GVT/BTC,1586871494805,2020-04-14T13:38:14.805Z,buy,0.0001061,4.33,0.00045941300000000004
GVT/BTC,1586871601519,2020-04-14T13:40:01.519Z,sell,0.0001057,47.72,0.0050440039999999995
GVT/BTC,1586871601519,2020-04-14T13:40:01.519Z,sell,0.0001056,652.28,0.068880768
GVT/BTC,1586871601519,2020-04-14T13:40:01.519Z,sell,0.0001057,47.72,0.0050440039999999995
GVT/BTC,1586871601519,2020-04-14T13:40:01.519Z,sell,0.0001056,652.28,0.068880768
GVT/BTC,1586871652424,2020-04-14T13:40:52.424Z,buy,0.0001061,4.66,0.0004944260000000001
GVT/BTC,1586871652424,2020-04-14T13:40:52.424Z,buy,0.0001063,116.18,0.012349934
GVT/BTC,1586871716321,2020-04-14T13:41:56.321Z,buy,0.0001064,145.83,0.015516312
GVT/BTC,1586871716321,2020-04-14T13:41:56.321Z,buy,0.0001065,7.26,0.00077319
GVT/BTC,1586872126064,2020-04-14T13:48:46.064Z,sell,0.0001061,4.62,0.000490182
GVT/BTC,1586872148236,2020-04-14T13:49:08.236Z,buy,0.0001061,0.95,0.000100795
GVT/BTC,1586872424021,2020-04-14T13:53:44.021Z,buy,0.0001061,1.21,0.000128381
GVT/BTC,1586872436086,2020-04-14T13:53:56.086Z,sell,0.0001058,3.62,0.000382996
GVT/BTC,1586872436086,2020-04-14T13:53:56.086Z,sell,0.0001057,4.64,0.000490448
GVT/BTC,1586872436086,2020-04-14T13:53:56.086Z,sell,0.0001055,157.24,0.01658882
GVT/BTC,1586872436086,2020-04-14T13:53:56.086Z,sell,0.0001054,208.23,0.021947441999999998
GVT/BTC,1586872436086,2020-04-14T13:53:56.086Z,sell,0.0001053,301.25,0.031721624999999996
GVT/BTC,1586872438035,2020-04-14T13:53:58.035Z,buy,0.0001057,4.67,0.0004936189999999999
GVT/BTC,1586873107639,2020-04-14T14:05:07.639Z,buy,0.0001058,3.62,0.000382996
GVT/BTC,1586873107639,2020-04-14T14:05:07.639Z,buy,0.000106,77.87,0.008254220000000001
GVT/BTC,1586873321846,2020-04-14T14:08:41.846Z,buy,0.0001061,41.83,0.004438163
GVT/BTC,1586873321846,2020-04-14T14:08:41.846Z,buy,0.0001063,129.18,0.013731834
GVT/BTC,1586873326299,2020-04-14T14:08:46.299Z,buy,0.0001064,9.36,0.000995904
GVT/BTC,1586873433366,2020-04-14T14:10:33.366Z,buy,0.0001064,1.87,0.000198968
GVT/BTC,1586873665292,2020-04-14T14:14:25.292Z,sell,0.0001061,5.63,0.000597343
GVT/BTC,1586873665292,2020-04-14T14:14:25.292Z,sell,0.0001059,73.98,0.007834482
GVT/BTC,1586873945089,2020-04-14T14:19:05.089Z,sell,0.0001059,3.67,0.000388653
GVT/BTC,1586873945089,2020-04-14T14:19:05.089Z,sell,0.0001058,3.62,0.000382996
GVT/BTC,1586873945089,2020-04-14T14:19:05.089Z,sell,0.0001057,4.65,0.000491505
GVT/BTC,1586873945089,2020-04-14T14:19:05.089Z,sell,0.0001056,187.06,0.019753536000000002
GVT/BTC,1586874042291,2020-04-14T14:20:42.291Z,buy,0.0001061,16.93,0.0017962730000000001
GVT/BTC,1586874042291,2020-04-14T14:20:42.291Z,buy,0.0001064,102.92,0.010950688
GVT/BTC,1586874244055,2020-04-14T14:24:04.055Z,sell,0.0001061,4.62,0.000490182
GVT/BTC,1586874315305,2020-04-14T14:25:15.305Z,sell,0.0001058,3.62,0.000382996
GVT/BTC,1586874315305,2020-04-14T14:25:15.305Z,sell,0.0001057,8.45,0.0008931649999999999
GVT/BTC,1586874315305,2020-04-14T14:25:15.305Z,sell,0.0001056,21.47,0.002267232
GVT/BTC,1586874364887,2020-04-14T14:26:04.887Z,sell,0.0001057,141.71,0.014978747
GVT/BTC,1586874364887,2020-04-14T14:26:04.887Z,sell,0.0001056,14.87,0.001570272
GVT/BTC,1586874364914,2020-04-14T14:26:04.914Z,sell,0.0001056,14.87,0.001570272
GVT/BTC,1586874365936,2020-04-14T14:26:05.936Z,sell,0.0001054,14.87,0.001567298
GVT/BTC,1586874383014,2020-04-14T14:26:23.014Z,sell,0.0001056,73.23,0.007733088000000001
GVT/BTC,1586874728390,2020-04-14T14:32:08.390Z,buy,0.0001056,0.95,0.00010032
GVT/BTC,1586874770803,2020-04-14T14:32:50.803Z,buy,0.0001056,1.9,0.00020064
GVT/BTC,1586874776234,2020-04-14T14:32:56.234Z,sell,0.0001053,3.62,0.000381186
GVT/BTC,1586874799817,2020-04-14T14:33:19.817Z,sell,0.0001051,20.67,0.002172417
GVT/BTC,1586874805225,2020-04-14T14:33:25.225Z,sell,0.000105,3.01,0.00031605
GVT/BTC,1586874805329,2020-04-14T14:33:25.329Z,buy,0.000105,15.9,0.0016695000000000002
GVT/BTC,1586874808242,2020-04-14T14:33:28.242Z,sell,0.000105,11.69,0.00122745
GVT/BTC,1586874878114,2020-04-14T14:34:38.114Z,sell,0.0001051,77.95,0.008192544999999999
GVT/BTC,1586874878114,2020-04-14T14:34:38.114Z,sell,0.0001051,77.95,0.008192544999999999
GVT/BTC,1586875388682,2020-04-14T14:43:08.682Z,buy,0.0001054,4.68,0.000493272
GVT/BTC,1586875674942,2020-04-14T14:47:54.942Z,buy,0.0001052,4.62,0.000486024
GVT/BTC,1586875676037,2020-04-14T14:47:56.037Z,buy,0.0001052,4.62,0.000486024
GVT/BTC,1586875677043,2020-04-14T14:47:57.043Z,buy,0.0001052,4.62,0.000486024
GVT/BTC,1586875678049,2020-04-14T14:47:58.049Z,buy,0.0001052,4.62,0.000486024
GVT/BTC,1586875679056,2020-04-14T14:47:59.056Z,buy,0.0001052,8.44,0.0008878879999999999
GVT/BTC,1586875680046,2020-04-14T14:48:00.046Z,buy,0.0001052,8.44,0.0008878879999999999
GVT/BTC,1586875681052,2020-04-14T14:48:01.052Z,buy,0.0001052,8.44,0.0008878879999999999
GVT/BTC,1586875682052,2020-04-14T14:48:02.052Z,buy,0.0001052,8.44,0.0008878879999999999
GVT/BTC,1586875683057,2020-04-14T14:48:03.057Z,buy,0.0001052,8.44,0.0008878879999999999
GVT/BTC,1586875684072,2020-04-14T14:48:04.072Z,buy,0.0001052,8.42,0.0008857839999999999
GVT/BTC,1586875685086,2020-04-14T14:48:05.086Z,buy,0.0001052,3.82,0.000401864
GVT/BTC,1586875686147,2020-04-14T14:48:06.147Z,buy,0.0001052,3.82,0.000401864
GVT/BTC,1586875687154,2020-04-14T14:48:07.154Z,buy,0.0001052,3.82,0.000401864
GVT/BTC,1586875688164,2020-04-14T14:48:08.164Z,buy,0.0001052,3.75,0.0003945
GVT/BTC,1586875753231,2020-04-14T14:49:13.231Z,buy,0.0001057,3.54,0.00037417799999999997
GVT/BTC,1586875879300,2020-04-14T14:51:19.300Z,sell,0.0001051,11.69,0.0012286189999999998
GVT/BTC,1586875883262,2020-04-14T14:51:23.262Z,sell,0.0001051,89.64,0.009421164
GVT/BTC,1586876251787,2020-04-14T14:57:31.787Z,buy,0.0001054,4.68,0.000493272
GVT/BTC,1586876310901,2020-04-14T14:58:30.901Z,buy,0.0001057,1.12,0.00011838400000000001
GVT/BTC,1586876310901,2020-04-14T14:58:30.901Z,buy,0.0001058,5.93,0.000627394
GVT/BTC,1586876363216,2020-04-14T14:59:23.216Z,sell,0.0001054,73.72,0.007770088
GVT/BTC,1586876680464,2020-04-14T15:04:40.464Z,sell,0.0001055,76.96,0.00811928
GVT/BTC,1586877322321,2020-04-14T15:15:22.321Z,buy,0.0001057,0.26,2.7482e-05
GVT/BTC,1586877372216,2020-04-14T15:16:12.216Z,buy,0.0001057,1.42,0.00015009399999999998
GVT/BTC,1586877719033,2020-04-14T15:21:59.033Z,sell,0.0001053,12.5,0.00131625
GVT/BTC,1586877819385,2020-04-14T15:23:39.385Z,sell,0.0001053,208.63,0.021968738999999998
GVT/BTC,1586877819460,2020-04-14T15:23:39.460Z,buy,0.0001053,52.53,0.005531409
GVT/BTC,1586877910840,2020-04-14T15:25:10.840Z,sell,0.0001053,7.0,0.0007371
GVT/BTC,1586877910840,2020-04-14T15:25:10.840Z,sell,0.0001053,7.0,0.0007371
GVT/BTC,1586878485685,2020-04-14T15:34:45.685Z,sell,0.0001053,0.95,0.000100035
GVT/BTC,1586878518509,2020-04-14T15:35:18.509Z,sell,0.0001051,692.0,0.0727292
GVT/BTC,1586878837573,2020-04-14T15:40:37.573Z,sell,0.000105,8.61,0.00090405
GVT/BTC,1586878837573,2020-04-14T15:40:37.573Z,buy,0.000105,100.0,0.0105
GVT/BTC,1586878837649,2020-04-14T15:40:37.649Z,buy,0.000105,236.85,0.02486925
GVT/BTC,1586878885925,2020-04-14T15:41:25.925Z,sell,0.0001049,31.0,0.0032519000000000003
GVT/BTC,1586879010173,2020-04-14T15:43:30.173Z,sell,0.000105,20.51,0.00215355
GVT/BTC,1586879345348,2020-04-14T15:49:05.348Z,buy,0.0001053,1.74,0.000183222
GVT/BTC,1586879549865,2020-04-14T15:52:29.865Z,buy,0.0001053,0.19,2.0007e-05
GVT/BTC,1586879549865,2020-04-14T15:52:29.865Z,buy,0.0001054,0.1,1.054e-05
GVT/BTC,1586879549973,2020-04-14T15:52:29.973Z,buy,0.0001054,4.57,0.00048167800000000003
GVT/BTC,1586879695684,2020-04-14T15:54:55.684Z,sell,0.0001051,4.68,0.0004918679999999999
GVT/BTC,1586879695684,2020-04-14T15:54:55.684Z,sell,0.000105,162.02,0.017012100000000002
GVT/BTC,1586879695684,2020-04-14T15:54:55.684Z,sell,0.0001048,951.64,0.099731872
GVT/BTC,1586879701371,2020-04-14T15:55:01.371Z,buy,0.0001051,4.69,0.000492919
GVT/BTC,1586881280516,2020-04-14T16:21:20.516Z,buy,0.0001051,0.3,3.153e-05
GVT/BTC,1586881490641,2020-04-14T16:24:50.641Z,sell,0.0001049,1.67,0.000175183
GVT/BTC,1586881490641,2020-04-14T16:24:50.641Z,sell,0.0001049,1.67,0.000175183
GVT/BTC,1586881626429,2020-04-14T16:27:06.429Z,buy,0.0001051,12.0,0.0012611999999999999
GVT/BTC,1586881685072,2020-04-14T16:28:05.072Z,buy,0.0001053,1.51,0.000159003
GVT/BTC,1586881694100,2020-04-14T16:28:14.100Z,buy,0.0001053,0.32,3.3696e-05
GVT/BTC,1586882184991,2020-04-14T16:36:24.991Z,buy,0.0001053,68.15,0.007176195000000001
GVT/BTC,1586882184991,2020-04-14T16:36:24.991Z,buy,0.0001054,4.68,0.000493272
GVT/BTC,1586882184991,2020-04-14T16:36:24.991Z,buy,0.0001055,566.86,0.059803730000000006
GVT/BTC,1586882184991,2020-04-14T16:36:24.991Z,buy,0.0001057,85.69,0.009057432999999998
GVT/BTC,1586882184991,2020-04-14T16:36:24.991Z,buy,0.0001058,184.78,0.019549724
GVT/BTC,1586882184991,2020-04-14T16:36:24.991Z,buy,0.000106,214.94,0.02278364
GVT/BTC,1586882184991,2020-04-14T16:36:24.991Z,buy,0.0001061,4.65,0.0004933650000000001
GVT/BTC,1586882184991,2020-04-14T16:36:24.991Z,buy,0.0001062,1.9,0.00020178
GVT/BTC,1586882184991,2020-04-14T16:36:24.991Z,buy,0.0001063,1.11,0.00011799300000000001
GVT/BTC,1586882184991,2020-04-14T16:36:24.991Z,buy,0.0001064,41.44,0.004409216
GVT/BTC,1586882184991,2020-04-14T16:36:24.991Z,buy,0.0001065,329.46,0.03508749
GVT/BTC,1586882184991,2020-04-14T16:36:24.991Z,buy,0.0001067,4.62,0.000492954
GVT/BTC,1586882184991,2020-04-14T16:36:24.991Z,buy,0.0001068,3.35,0.00035778
GVT/BTC,1586882184991,2020-04-14T16:36:24.991Z,buy,0.0001069,356.91,0.038153679
GVT/BTC,1586882184991,2020-04-14T16:36:24.991Z,buy,0.000107,554.3,0.0593101
GVT/BTC,1586882184991,2020-04-14T16:36:24.991Z,buy,0.0001071,350.01,0.037486071
GVT/BTC,1586882184991,2020-04-14T16:36:24.991Z,buy,0.0001072,57.77,0.006192944000000001
GVT/BTC,1586882184991,2020-04-14T16:36:24.991Z,buy,0.0001073,377.42,0.040497166
GVT/BTC,1586882184991,2020-04-14T16:36:24.991Z,buy,0.0001075,10.48,0.0011266
GVT/BTC,1586882184991,2020-04-14T16:36:24.991Z,buy,0.0001076,4.73,0.0005089480000000001
GVT/BTC,1586882184991,2020-04-14T16:36:24.991Z,buy,0.0001077,10.58,0.001139466
GVT/BTC,1586882184991,2020-04-14T16:36:24.991Z,buy,0.000108,234.7,0.025347599999999998
GVT/BTC,1586882184991,2020-04-14T16:36:24.991Z,buy,0.0001081,181.56,0.019626636
GVT/BTC,1586882184991,2020-04-14T16:36:24.991Z,buy,0.0001082,231.8,0.02508076
GVT/BTC,1586882184991,2020-04-14T16:36:24.991Z,buy,0.0001083,237.11,0.025679013
GVT/BTC,1586882184991,2020-04-14T16:36:24.991Z,buy,0.0001085,250.0,0.027125
GVT/BTC,1586882184991,2020-04-14T16:36:24.991Z,buy,0.0001086,200.95,0.02182317
GVT/BTC,1586882184991,2020-04-14T16:36:24.991Z,buy,0.0001087,90.25,0.009810174999999999
GVT/BTC,1586882184991,2020-04-14T16:36:24.991Z,buy,0.0001088,900.73,0.097999424
GVT/BTC,1586882184991,2020-04-14T16:36:24.991Z,buy,0.0001089,663.75,0.072282375
GVT/BTC,1586882184991,2020-04-14T16:36:24.991Z,buy,0.000109,1713.05,0.18672245
GVT/BTC,1586882184991,2020-04-14T16:36:24.991Z,buy,0.0001091,226.79,0.024742788999999998
GVT/BTC,1586882184991,2020-04-14T16:36:24.991Z,buy,0.0001093,8.12,0.0008875159999999999
GVT/BTC,1586882184991,2020-04-14T16:36:24.991Z,buy,0.0001094,37.04,0.004052176
GVT/BTC,1586882184991,2020-04-14T16:36:24.991Z,buy,0.0001095,250.0,0.027375
GVT/BTC,1586882184991,2020-04-14T16:36:24.991Z,buy,0.0001096,1069.98,0.11726980799999999
GVT/BTC,1586882184991,2020-04-14T16:36:24.991Z,buy,0.0001097,393.78,0.043197665999999996
GVT/BTC,1586882184991,2020-04-14T16:36:24.991Z,buy,0.0001098,521.92,0.057306816
GVT/BTC,1586882184991,2020-04-14T16:36:24.991Z,buy,0.0001099,1448.1,0.15914619
GVT/BTC,1586882184991,2020-04-14T16:36:24.991Z,buy,0.00011,5018.16,0.5519976
GVT/BTC,1586882184991,2020-04-14T16:36:24.991Z,sell,0.00011,1000.0,0.11
GVT/BTC,1586882184991,2020-04-14T16:36:24.991Z,sell,0.00011,9.68,0.0010648
GVT/BTC,1586882185026,2020-04-14T16:36:25.026Z,sell,0.00011,2246.94,0.2471634
GVT/BTC,1586882185036,2020-04-14T16:36:25.036Z,sell,0.00011,4.69,0.0005159
GVT/BTC,1586882185036,2020-04-14T16:36:25.036Z,sell,0.00011,83.47,0.009181700000000001
GVT/BTC,1586882185040,2020-04-14T16:36:25.040Z,sell,0.00011,108.39,0.0119229
GVT/BTC,1586882185232,2020-04-14T16:36:25.232Z,buy,0.0001101,211.82,0.023321382
GVT/BTC,1586882185435,2020-04-14T16:36:25.435Z,sell,0.00011,9.65,0.0010615000000000002
GVT/BTC,1586882186122,2020-04-14T16:36:26.122Z,buy,0.0001101,134.01,0.014754501
GVT/BTC,1586882186197,2020-04-14T16:36:26.197Z,sell,0.00011,138.99,0.015288900000000001
GVT/BTC,1586882186327,2020-04-14T16:36:26.327Z,sell,0.00011,5.62,0.0006182000000000001
GVT/BTC,1586882188087,2020-04-14T16:36:28.087Z,buy,0.0001101,17.45,0.001921245
GVT/BTC,1586882188087,2020-04-14T16:36:28.087Z,buy,0.0001102,29.37,0.003236574
GVT/BTC,1586882188161,2020-04-14T16:36:28.161Z,buy,0.0001102,11.03,0.0012155059999999999
GVT/BTC,1586882188161,2020-04-14T16:36:28.161Z,buy,0.0001103,4.47,0.0004930409999999999
GVT/BTC,1586882188161,2020-04-14T16:36:28.161Z,buy,0.0001104,9.25,0.0010212
GVT/BTC,1586882188161,2020-04-14T16:36:28.161Z,buy,0.0001105,12.04,0.00133042
GVT/BTC,1586882189590,2020-04-14T16:36:29.590Z,buy,0.0001102,13.57,0.001495414
GVT/BTC,1586882189599,2020-04-14T16:36:29.599Z,sell,0.00011,4.64,0.0005103999999999999
GVT/BTC,1586882190581,2020-04-14T16:36:30.581Z,sell,0.00011,69.26,0.0076186000000000005
GVT/BTC,1586882191121,2020-04-14T16:36:31.121Z,buy,0.0001102,0.92,0.000101384
GVT/BTC,1586882191328,2020-04-14T16:36:31.328Z,buy,0.0001105,45.37,0.0050133849999999995
GVT/BTC,1586882191917,2020-04-14T16:36:31.917Z,buy,0.0001104,9.09,0.001003536
GVT/BTC,1586882192261,2020-04-14T16:36:32.261Z,buy,0.0001104,45.63,0.005037552000000001
GVT/BTC,1586882192262,2020-04-14T16:36:32.262Z,buy,0.0001104,9.76,0.001077504
GVT/BTC,1586882192264,2020-04-14T16:36:32.264Z,buy,0.0001104,3.58,0.000395232
GVT/BTC,1586882192264,2020-04-14T16:36:32.264Z,buy,0.0001104,9.22,0.001017888
GVT/BTC,1586882192265,2020-04-14T16:36:32.265Z,buy,0.0001104,9.53,0.001052112
GVT/BTC,1586882192745,2020-04-14T16:36:32.745Z,buy,0.0001104,8.17,0.000901968
GVT/BTC,1586882192756,2020-04-14T16:36:32.756Z,buy,0.0001104,68.31,0.0075414240000000006
GVT/BTC,1586882193203,2020-04-14T16:36:33.203Z,buy,0.0001104,189.06,0.020872224
GVT/BTC,1586882193401,2020-04-14T16:36:33.401Z,buy,0.0001104,9.06,0.001000224
GVT/BTC,1586882193938,2020-04-14T16:36:33.938Z,buy,0.0001104,9.03,0.000996912
GVT/BTC,1586882194273,2020-04-14T16:36:34.273Z,buy,0.0001104,52.31,0.005775024
GVT/BTC,1586882194819,2020-04-14T16:36:34.819Z,buy,0.0001105,13.58,0.00150059
GVT/BTC,1586882195912,2020-04-14T16:36:35.912Z,buy,0.0001105,18.15,0.002005575
GVT/BTC,1586882196200,2020-04-14T16:36:36.200Z,buy,0.0001105,7.23,0.0007989150000000001
GVT/BTC,1586882197266,2020-04-14T16:36:37.266Z,buy,0.0001105,45.24,0.004999020000000001
GVT/BTC,1586882197372,2020-04-14T16:36:37.372Z,buy,0.0001105,4.53,0.000500565
GVT/BTC,1586882198076,2020-04-14T16:36:38.076Z,buy,0.0001105,27.15,0.003000075
GVT/BTC,1586882198453,2020-04-14T16:36:38.453Z,buy,0.0001105,4.53,0.000500565
GVT/BTC,1586882198495,2020-04-14T16:36:38.495Z,sell,0.0001102,69.43,0.007651186000000001
GVT/BTC,1586882198973,2020-04-14T16:36:38.973Z,buy,0.0001105,18.1,0.00200005
GVT/BTC,1586882198995,2020-04-14T16:36:38.995Z,buy,0.0001105,4.53,0.000500565
GVT/BTC,1586882199110,2020-04-14T16:36:39.110Z,buy,0.0001105,0.92,0.00010166000000000001
GVT/BTC,1586882199228,2020-04-14T16:36:39.228Z,buy,0.0001105,9.05,0.001000025
GVT/BTC,1586882199232,2020-04-14T16:36:39.232Z,buy,0.0001105,406.58,0.044927089999999996
GVT/BTC,1586882199232,2020-04-14T16:36:39.232Z,buy,0.0001106,4.46,0.0004932760000000001
GVT/BTC,1586882199606,2020-04-14T16:36:39.606Z,buy,0.0001108,18.05,0.00199994
GVT/BTC,1586882199799,2020-04-14T16:36:39.799Z,buy,0.0001108,2.9,0.00032132
GVT/BTC,1586882200075,2020-04-14T16:36:40.075Z,buy,0.0001109,1.42,0.00015747799999999999
GVT/BTC,1586882200075,2020-04-14T16:36:40.075Z,buy,0.000111,3.1,0.0003441
GVT/BTC,1586882204327,2020-04-14T16:36:44.327Z,sell,0.0001108,6.32,0.000700256
GVT/BTC,1586882204327,2020-04-14T16:36:44.327Z,sell,0.0001105,247.08,0.02730234
GVT/BTC,1586882204327,2020-04-14T16:36:44.327Z,sell,0.0001104,2.41,0.000266064
GVT/BTC,1586882204327,2020-04-14T16:36:44.327Z,sell,0.0001103,25.13,0.002771839
GVT/BTC,1586882204327,2020-04-14T16:36:44.327Z,sell,0.0001102,45.37,0.004999773999999999
GVT/BTC,1586882204360,2020-04-14T16:36:44.360Z,buy,0.0001102,82.44,0.009084888
GVT/BTC,1586882206393,2020-04-14T16:36:46.393Z,sell,0.0001101,65.71,0.007234671
GVT/BTC,1586882206393,2020-04-14T16:36:46.393Z,sell,0.00011,13.02,0.0014322
GVT/BTC,1586882206459,2020-04-14T16:36:46.459Z,sell,0.00011,317.08,0.0348788
GVT/BTC,1586882209354,2020-04-14T16:36:49.354Z,buy,0.0001102,45.38,0.0050008760000000005
GVT/BTC,1586882209677,2020-04-14T16:36:49.677Z,buy,0.0001102,56.3,0.00620426
GVT/BTC,1586882209783,2020-04-14T16:36:49.783Z,buy,0.0001102,9.08,0.001000616
GVT/BTC,1586882209974,2020-04-14T16:36:49.974Z,buy,0.0001102,4.54,0.000500308
GVT/BTC,1586882209981,2020-04-14T16:36:49.981Z,buy,0.0001102,9.08,0.001000616
GVT/BTC,1586882210354,2020-04-14T16:36:50.354Z,buy,0.0001102,48.1,0.00530062
GVT/BTC,1586882210386,2020-04-14T16:36:50.386Z,buy,0.0001102,0.92,0.000101384
GVT/BTC,1586882210543,2020-04-14T16:36:50.543Z,buy,0.0001102,4.31,0.00047496199999999994
GVT/BTC,1586882210582,2020-04-14T16:36:50.582Z,buy,0.0001102,13.62,0.0015009239999999998
GVT/BTC,1586882210707,2020-04-14T16:36:50.707Z,buy,0.0001102,0.92,0.000101384
GVT/BTC,1586882210753,2020-04-14T16:36:50.753Z,buy,0.0001102,90.75,0.01000065
GVT/BTC,1586882211062,2020-04-14T16:36:51.062Z,buy,0.0001102,123.63,0.013624026
GVT/BTC,1586882212547,2020-04-14T16:36:52.547Z,sell,0.0001102,13.62,0.0015009239999999998
GVT/BTC,1586882212547,2020-04-14T16:36:52.547Z,sell,0.0001101,5.48,0.0006033480000000001
GVT/BTC,1586882212983,2020-04-14T16:36:52.983Z,buy,0.0001105,5.91,0.000653055
GVT/BTC,1586882212983,2020-04-14T16:36:52.983Z,buy,0.0001106,4.46,0.0004932760000000001
GVT/BTC,1586882212983,2020-04-14T16:36:52.983Z,buy,0.0001108,169.17,0.018744036
GVT/BTC,1586882215969,2020-04-14T16:36:55.969Z,sell,0.0001103,4.45,0.000490835
GVT/BTC,1586882215969,2020-04-14T16:36:55.969Z,sell,0.0001102,19.05,0.00209931
GVT/BTC,1586882215969,2020-04-14T16:36:55.969Z,sell,0.0001101,284.16,0.03128601600000001
GVT/BTC,1586882215969,2020-04-14T16:36:55.969Z,sell,0.00011,83.88,0.0092268
GVT/BTC,1586882215969,2020-04-14T16:36:55.969Z,sell,0.0001099,3.62,0.000397838
GVT/BTC,1586882217008,2020-04-14T16:36:57.008Z,sell,0.0001096,97.75,0.0107134
GVT/BTC,1586882217008,2020-04-14T16:36:57.008Z,sell,0.0001095,67.28,0.00736716
GVT/BTC,1586882217008,2020-04-14T16:36:57.008Z,sell,0.0001093,170.81,0.018669533000000002
GVT/BTC,1586882217008,2020-04-14T16:36:57.008Z,sell,0.0001092,1.84,0.000200928
GVT/BTC,1586882217008,2020-04-14T16:36:57.008Z,sell,0.0001091,181.48,0.019799467999999997
GVT/BTC,1586882217008,2020-04-14T16:36:57.008Z,sell,0.000109,4.5,0.0004905
GVT/BTC,1586882217008,2020-04-14T16:36:57.008Z,sell,0.0001089,216.0,0.023522400000000002
GVT/BTC,1586882217008,2020-04-14T16:36:57.008Z,sell,0.0001088,27.79,0.003023552
GVT/BTC,1586882217008,2020-04-14T16:36:57.008Z,sell,0.0001087,8.13,0.0008837310000000001
GVT/BTC,1586882217008,2020-04-14T16:36:57.008Z,sell,0.0001084,24.01,0.0026026840000000005
GVT/BTC,1586882217008,2020-04-14T16:36:57.008Z,sell,0.0001083,1060.34,0.11483482199999999
GVT/BTC,1586882217008,2020-04-14T16:36:57.008Z,sell,0.0001082,181.05,0.01958961
GVT/BTC,1586882217008,2020-04-14T16:36:57.008Z,sell,0.0001081,223.47,0.024157107
GVT/BTC,1586882217135,2020-04-14T16:36:57.135Z,buy,0.0001091,55.26,0.006028866
GVT/BTC,1586882217302,2020-04-14T16:36:57.302Z,sell,0.0001082,11.47,0.0012410540000000001
GVT/BTC,1586882218889,2020-04-14T16:36:58.889Z,sell,0.0001084,15.88,0.0017213920000000002
GVT/BTC,1586882219761,2020-04-14T16:36:59.761Z,buy,0.0001087,4.53,0.000492411
GVT/BTC,1586882219761,2020-04-14T16:36:59.761Z,buy,0.000109,4.51,0.00049159
GVT/BTC,1586882220069,2020-04-14T16:37:00.069Z,buy,0.0001093,4.5,0.0004918500000000001
GVT/BTC,1586882220069,2020-04-14T16:37:00.069Z,buy,0.0001096,4.49,0.000492104
GVT/BTC,1586882220069,2020-04-14T16:37:00.069Z,buy,0.0001097,523.07,0.05738077900000001
GVT/BTC,1586882220069,2020-04-14T16:37:00.069Z,buy,0.0001098,68.02,0.007468595999999999
GVT/BTC,1586882220069,2020-04-14T16:37:00.069Z,buy,0.0001099,3.62,0.000397838
GVT/BTC,1586882220069,2020-04-14T16:37:00.069Z,buy,0.00011,4.47,0.0004917
GVT/BTC,1586882220069,2020-04-14T16:37:00.069Z,buy,0.0001101,15.88,0.0017483880000000002
GVT/BTC,1586882220069,2020-04-14T16:37:00.069Z,buy,0.0001102,1.11,0.000122322
GVT/BTC,1586882220069,2020-04-14T16:37:00.069Z,buy,0.0001103,4.53,0.0004996590000000001
GVT/BTC,1586882220069,2020-04-14T16:37:00.069Z,buy,0.0001104,50.74,0.005601696000000001
GVT/BTC,1586882220069,2020-04-14T16:37:00.069Z,buy,0.0001105,50.69,0.0056012449999999995
GVT/BTC,1586882220069,2020-04-14T16:37:00.069Z,buy,0.0001106,110.82,0.012256692
GVT/BTC,1586882220069,2020-04-14T16:37:00.069Z,buy,0.0001108,285.77,0.031663316
GVT/BTC,1586882220069,2020-04-14T16:37:00.069Z,buy,0.0001109,1.41,0.00015636899999999998
GVT/BTC,1586882220069,2020-04-14T16:37:00.069Z,buy,0.000111,118.54,0.013157940000000002
GVT/BTC,1586882220329,2020-04-14T16:37:00.329Z,sell,0.0001093,3.62,0.00039566600000000003
GVT/BTC,1586882220365,2020-04-14T16:37:00.365Z,sell,0.0001093,50.39,0.005507627
GVT/BTC,1586882220401,2020-04-14T16:37:00.401Z,sell,0.0001093,50.49,0.005518557
GVT/BTC,1586882220682,2020-04-14T16:37:00.682Z,sell,0.0001093,3.62,0.00039566600000000003
GVT/BTC,1586882222904,2020-04-14T16:37:02.904Z,buy,0.0001097,4.46,0.000489262
GVT/BTC,1586882223047,2020-04-14T16:37:03.047Z,buy,0.0001097,0.16,1.7552e-05
GVT/BTC,1586882223047,2020-04-14T16:37:03.047Z,buy,0.0001101,4.29,0.000472329
GVT/BTC,1586882223093,2020-04-14T16:37:03.093Z,buy,0.0001101,4.43,0.000487743
GVT/BTC,1586882223687,2020-04-14T16:37:03.687Z,buy,0.0001104,3.62,0.000399648
GVT/BTC,1586882224847,2020-04-14T16:37:04.847Z,sell,0.0001098,30.44,0.003342312
GVT/BTC,1586882225873,2020-04-14T16:37:05.873Z,buy,0.0001103,4.46,0.000491938
GVT/BTC,1586882225873,2020-04-14T16:37:05.873Z,buy,0.0001105,85.72,0.009472060000000001
GVT/BTC,1586882226083,2020-04-14T16:37:06.083Z,buy,0.0001106,1.16,0.000128296
GVT/BTC,1586882229797,2020-04-14T16:37:09.797Z,buy,0.0001103,0.92,0.000101476
GVT/BTC,1586882230791,2020-04-14T16:37:10.791Z,sell,0.00011,4.49,0.0004939
GVT/BTC,1586882230791,2020-04-14T16:37:10.791Z,sell,0.0001099,3.62,0.000397838
GVT/BTC,1586882230791,2020-04-14T16:37:10.791Z,sell,0.0001098,38.07,0.004180086
GVT/BTC,1586882232225,2020-04-14T16:37:12.225Z,sell,0.0001096,79.56,0.008719776
GVT/BTC,1586882232225,2020-04-14T16:37:12.225Z,sell,0.0001095,276.15,0.030238425
GVT/BTC,1586882232225,2020-04-14T16:37:12.225Z,sell,0.0001094,100.55,0.01100017
GVT/BTC,1586882232225,2020-04-14T16:37:12.225Z,sell,0.0001093,9.94,0.001086442
GVT/BTC,1586882232225,2020-04-14T16:37:12.225Z,sell,0.0001092,9.24,0.001009008
GVT/BTC,1586882232225,2020-04-14T16:37:12.225Z,sell,0.000109,54.87,0.00598083
GVT/BTC,1586882232225,2020-04-14T16:37:12.225Z,sell,0.0001089,1.11,0.00012087900000000002
GVT/BTC,1586882232225,2020-04-14T16:37:12.225Z,sell,0.0001088,1.42,0.000154496
GVT/BTC,1586882232225,2020-04-14T16:37:12.225Z,sell,0.0001087,8.13,0.0008837310000000001
GVT/BTC,1586882232225,2020-04-14T16:37:12.225Z,sell,0.0001085,423.35,0.045933475
GVT/BTC,1586882232726,2020-04-14T16:37:12.726Z,sell,0.0001086,69.0,0.0074934
GVT/BTC,1586882232776,2020-04-14T16:37:12.776Z,sell,0.0001086,82.38,0.008946467999999999
GVT/BTC,1586882232779,2020-04-14T16:37:12.779Z,sell,0.0001086,930.24,0.101024064
GVT/BTC,1586882232786,2020-04-14T16:37:12.786Z,sell,0.0001086,363.3,0.03945438
GVT/BTC,1586882232866,2020-04-14T16:37:12.866Z,sell,0.0001086,127.87,0.013886682000000001
GVT/BTC,1586882232866,2020-04-14T16:37:12.866Z,sell,0.0001085,207.21,0.022482285
GVT/BTC,1586882233055,2020-04-14T16:37:13.055Z,sell,0.0001086,31.88,0.003462168
GVT/BTC,1586882233055,2020-04-14T16:37:13.055Z,sell,0.0001084,105.89,0.011478476000000001
GVT/BTC,1586882233055,2020-04-14T16:37:13.055Z,sell,0.0001083,267.09,0.028925846999999998
GVT/BTC,1586882233055,2020-04-14T16:37:13.055Z,sell,0.0001082,495.96,0.053662872
GVT/BTC,1586882233055,2020-04-14T16:37:13.055Z,sell,0.0001081,29.42,0.0031803020000000003
GVT/BTC,1586882233141,2020-04-14T16:37:13.141Z,sell,0.0001081,37.8,0.00408618
GVT/BTC,1586882233229,2020-04-14T16:37:13.229Z,sell,0.0001082,40.58,0.004390756
GVT/BTC,1586882233347,2020-04-14T16:37:13.347Z,sell,0.0001082,1.98,0.000214236
GVT/BTC,1586882238144,2020-04-14T16:37:18.144Z,sell,0.0001083,100.66,0.010901478
GVT/BTC,1586882240183,2020-04-14T16:37:20.183Z,sell,0.0001083,260.55,0.028217565000000003
GVT/BTC,1586882240404,2020-04-14T16:37:20.404Z,sell,0.0001083,67.22,0.007279926
GVT/BTC,1586882241121,2020-04-14T16:37:21.121Z,buy,0.0001087,183.67,0.019964929
GVT/BTC,1586882244443,2020-04-14T16:37:24.443Z,buy,0.0001086,4.58,0.000497388
GVT/BTC,1586882245073,2020-04-14T16:37:25.073Z,buy,0.0001086,25.86,0.002808396
GVT/BTC,1586882245073,2020-04-14T16:37:25.073Z,buy,0.0001087,39.55,0.004299084999999999
GVT/BTC,1586882246257,2020-04-14T16:37:26.257Z,buy,0.0001086,236.93,0.025730598
GVT/BTC,1586882248189,2020-04-14T16:37:28.189Z,sell,0.0001087,54.91,0.005968716999999999
GVT/BTC,1586882250802,2020-04-14T16:37:30.802Z,buy,0.000109,1357.65,0.14798385000000003
GVT/BTC,1586882251565,2020-04-14T16:37:31.565Z,sell,0.000109,92.08,0.01003672
GVT/BTC,1586882252612,2020-04-14T16:37:32.612Z,buy,0.0001093,2.75,0.000300575
GVT/BTC,1586882256214,2020-04-14T16:37:36.214Z,buy,0.0001093,4.58,0.000500594
GVT/BTC,1586882263312,2020-04-14T16:37:43.312Z,buy,0.0001093,0.79,8.6347e-05
GVT/BTC,1586882265590,2020-04-14T16:37:45.590Z,sell,0.0001093,236.93,0.025896449000000002
GVT/BTC,1586882266062,2020-04-14T16:37:46.062Z,buy,0.0001094,153.43,0.016785242000000002
GVT/BTC,1586882266062,2020-04-14T16:37:46.062Z,buy,0.0001096,147.93,0.016213128
GVT/BTC,1586882266062,2020-04-14T16:37:46.062Z,buy,0.0001097,1.98,0.00021720599999999998
GVT/BTC,1586882266062,2020-04-14T16:37:46.062Z,buy,0.0001098,150.38,0.016511724
GVT/BTC,1586882269393,2020-04-14T16:37:49.393Z,sell,0.0001093,63.13,0.006900109000000001
GVT/BTC,1586882272956,2020-04-14T16:37:52.956Z,buy,0.0001097,0.93,0.000102021
GVT/BTC,1586882275739,2020-04-14T16:37:55.739Z,buy,0.0001097,0.92,0.000100924
GVT/BTC,1586882275739,2020-04-14T16:37:55.739Z,buy,0.0001098,69.94,0.007679412
GVT/BTC,1586882275739,2020-04-14T16:37:55.739Z,buy,0.0001099,138.75,0.015248625
GVT/BTC,1586882282622,2020-04-14T16:38:02.622Z,buy,0.00011,4.47,0.0004917
GVT/BTC,1586882282622,2020-04-14T16:38:02.622Z,buy,0.0001101,47.6,0.0052407600000000006
GVT/BTC,1586882284460,2020-04-14T16:38:04.460Z,buy,0.00011,17.24,0.0018964
GVT/BTC,1586882284497,2020-04-14T16:38:04.497Z,buy,0.00011,0.32,3.52e-05
GVT/BTC,1586882289819,2020-04-14T16:38:09.819Z,buy,0.00011,128.06,0.014086600000000001
GVT/BTC,1586882310044,2020-04-14T16:38:30.044Z,sell,0.0001096,4.47,0.0004899119999999999
GVT/BTC,1586882310473,2020-04-14T16:38:30.473Z,sell,0.0001095,4.25,0.000465375
GVT/BTC,1586882321681,2020-04-14T16:38:41.681Z,sell,0.0001093,8.12,0.0008875159999999999
GVT/BTC,1586882323066,2020-04-14T16:38:43.066Z,sell,0.000109,4.5,0.0004905
GVT/BTC,1586882323066,2020-04-14T16:38:43.066Z,sell,0.0001087,135.04,0.014678848
GVT/BTC,1586882327532,2020-04-14T16:38:47.532Z,sell,0.0001084,18.41,0.001995644
GVT/BTC,1586882327576,2020-04-14T16:38:47.576Z,buy,0.0001084,77.26,0.008374984
GVT/BTC,1586882375554,2020-04-14T16:39:35.554Z,buy,0.0001087,0.97,0.00010543899999999999
GVT/BTC,1586882412173,2020-04-14T16:40:12.173Z,sell,0.0001083,13.74,0.001488042
GVT/BTC,1586882412173,2020-04-14T16:40:12.173Z,sell,0.0001082,20.5,0.0022181
GVT/BTC,1586882429048,2020-04-14T16:40:29.048Z,buy,0.0001086,99.0,0.0107514
GVT/BTC,1586882429066,2020-04-14T16:40:29.066Z,buy,0.0001086,5.5,0.0005972999999999999
GVT/BTC,1586882429072,2020-04-14T16:40:29.072Z,buy,0.0001087,8.16,0.000886992
GVT/BTC,1586882429072,2020-04-14T16:40:29.072Z,buy,0.0001088,18.41,0.002003008
GVT/BTC,1586882429072,2020-04-14T16:40:29.072Z,buy,0.0001089,18.36,0.001999404
GVT/BTC,1586882429072,2020-04-14T16:40:29.072Z,buy,0.000109,54.07,0.00589363
GVT/BTC,1586882441838,2020-04-14T16:40:41.838Z,buy,0.0001091,75.09,0.008192319
GVT/BTC,1586882441912,2020-04-14T16:40:41.912Z,sell,0.0001091,19.91,0.002172181
GVT/BTC,1586882477356,2020-04-14T16:41:17.356Z,buy,0.0001091,1.0,0.0001091
GVT/BTC,1586882478972,2020-04-14T16:41:18.972Z,buy,0.0001091,1194.22,0.130289402
GVT/BTC,1586882489370,2020-04-14T16:41:29.370Z,sell,0.0001091,102.0,0.0111282
GVT/BTC,1586882494251,2020-04-14T16:41:34.251Z,buy,0.0001093,8.12,0.0008875159999999999
GVT/BTC,1586882494371,2020-04-14T16:41:34.371Z,sell,0.0001093,10.83,0.001183719
GVT/BTC,1586882495565,2020-04-14T16:41:35.565Z,buy,0.0001094,50.6,0.0055356400000000005
GVT/BTC,1586882495620,2020-04-14T16:41:35.620Z,sell,0.0001094,39.49,0.004320206
GVT/BTC,1586882519001,2020-04-14T16:41:59.001Z,sell,0.000109,1.0,0.000109
GVT/BTC,1586882528326,2020-04-14T16:42:08.326Z,buy,0.0001091,0.95,0.00010364499999999999
GVT/BTC,1586882546121,2020-04-14T16:42:26.121Z,sell,0.000109,1.16,0.00012644
GVT/BTC,1586882551336,2020-04-14T16:42:31.336Z,buy,0.0001095,0.28,3.066e-05
GVT/BTC,1586882560797,2020-04-14T16:42:40.797Z,sell,0.000109,2.35,0.00025615
GVT/BTC,1586882560797,2020-04-14T16:42:40.797Z,sell,0.0001087,8.13,0.0008837310000000001
GVT/BTC,1586882560797,2020-04-14T16:42:40.797Z,sell,0.0001085,35.36,0.0038365599999999997
GVT/BTC,1586882618105,2020-04-14T16:43:38.105Z,sell,0.0001085,32.28,0.00350238
GVT/BTC,1586882618105,2020-04-14T16:43:38.105Z,sell,0.0001084,75.93,0.008230812
GVT/BTC,1586882618105,2020-04-14T16:43:38.105Z,sell,0.0001083,4.54,0.000491682
GVT/BTC,1586882618105,2020-04-14T16:43:38.105Z,sell,0.0001082,7.25,0.00078445
GVT/BTC,1586882639637,2020-04-14T16:43:59.637Z,sell,0.0001083,1.48,0.000160284
GVT/BTC,1586882643136,2020-04-14T16:44:03.136Z,sell,0.0001083,25.5,0.00276165
GVT/BTC,1586882651482,2020-04-14T16:44:11.482Z,buy,0.0001084,1.76,0.00019078400000000002
GVT/BTC,1586882664387,2020-04-14T16:44:24.387Z,sell,0.0001082,15.29,0.001654378
GVT/BTC,1586882692105,2020-04-14T16:44:52.105Z,sell,0.0001082,3.17,0.000342994
GVT/BTC,1586882693528,2020-04-14T16:44:53.528Z,sell,0.0001082,41.65,0.00450653
GVT/BTC,1586882704754,2020-04-14T16:45:04.754Z,sell,0.0001082,16.17,0.0017495940000000001
GVT/BTC,1586882706123,2020-04-14T16:45:06.123Z,buy,0.0001082,39.59,0.004283638
GVT/BTC,1586882708641,2020-04-14T16:45:08.641Z,buy,0.0001085,2.06,0.00022351
GVT/BTC,1586882708641,2020-04-14T16:45:08.641Z,buy,0.0001087,2.56,0.000278272
GVT/BTC,1586882711695,2020-04-14T16:45:11.695Z,sell,0.0001082,13.92,0.001506144
GVT/BTC,1586882756307,2020-04-14T16:45:56.307Z,buy,0.0001084,4.16,0.00045094400000000005
GVT/BTC,1586882767289,2020-04-14T16:46:07.289Z,sell,0.0001081,3.62,0.000391322
GVT/BTC,1586882769431,2020-04-14T16:46:09.431Z,sell,0.000108,4.54,0.00049032
GVT/BTC,1586882773040,2020-04-14T16:46:13.040Z,sell,0.0001078,18.6,0.0020050800000000002
GVT/BTC,1586882776484,2020-04-14T16:46:16.484Z,sell,0.0001077,15.2,0.00163704
GVT/BTC,1586882776565,2020-04-14T16:46:16.565Z,buy,0.0001077,5.81,0.000625737
GVT/BTC,1586882777667,2020-04-14T16:46:17.667Z,sell,0.0001076,25.14,0.002705064
GVT/BTC,1586882778791,2020-04-14T16:46:18.791Z,sell,0.0001075,7.64,0.0008213
GVT/BTC,1586882778791,2020-04-14T16:46:18.791Z,sell,0.0001073,4.57,0.000490361
GVT/BTC,1586882778791,2020-04-14T16:46:18.791Z,sell,0.0001072,41.3,0.00442736
GVT/BTC,1586882781060,2020-04-14T16:46:21.060Z,sell,0.0001073,1.6,0.00017168
GVT/BTC,1586882781319,2020-04-14T16:46:21.319Z,buy,0.0001073,0.89,9.549700000000001e-05
GVT/BTC,1586882783537,2020-04-14T16:46:23.537Z,buy,0.0001075,0.31,3.3325e-05
GVT/BTC,1586882788652,2020-04-14T16:46:28.652Z,sell,0.0001073,3.15,0.000337995
GVT/BTC,1586882792179,2020-04-14T16:46:32.179Z,buy,0.0001073,1.94,0.00020816200000000002
GVT/BTC,1586882792419,2020-04-14T16:46:32.419Z,buy,0.0001073,154.91,0.016621843
GVT/BTC,1586882803052,2020-04-14T16:46:43.052Z,buy,0.0001073,0.01,1.0730000000000001e-06
GVT/BTC,1586882803052,2020-04-14T16:46:43.052Z,buy,0.0001077,4.57,0.0004921890000000001
GVT/BTC,1586882803052,2020-04-14T16:46:43.052Z,buy,0.0001078,18.57,0.0020018460000000003
GVT/BTC,1586882803052,2020-04-14T16:46:43.052Z,buy,0.0001079,4.8,0.00051792
GVT/BTC,1586882881882,2020-04-14T16:48:01.882Z,buy,0.0001079,0.35,3.7764999999999995e-05
GVT/BTC,1586882928740,2020-04-14T16:48:48.740Z,sell,0.0001074,7.0,0.0007518
GVT/BTC,1586882929949,2020-04-14T16:48:49.949Z,buy,0.0001074,88.53,0.009508121999999999
GVT/BTC,1586882940824,2020-04-14T16:49:00.824Z,sell,0.0001073,4.57,0.000490361
GVT/BTC,1586882941819,2020-04-14T16:49:01.819Z,sell,0.0001071,14.6,0.00156366
GVT/BTC,1586882943381,2020-04-14T16:49:03.381Z,sell,0.000107,18.15,0.0019420499999999999
GVT/BTC,1586882943655,2020-04-14T16:49:03.655Z,sell,0.000107,8.16,0.00087312
GVT/BTC,1586882944282,2020-04-14T16:49:04.282Z,sell,0.000107,18.15,0.0019420499999999999
GVT/BTC,1586882961833,2020-04-14T16:49:21.833Z,sell,0.000107,65.0,0.006955
GVT/BTC,1586883092596,2020-04-14T16:51:32.596Z,buy,0.0001072,1.6,0.00017152
GVT/BTC,1586883108980,2020-04-14T16:51:48.980Z,buy,0.0001073,4.58,0.000491434
GVT/BTC,1586883113089,2020-04-14T16:51:53.089Z,buy,0.0001076,3.62,0.000389512
GVT/BTC,1586883113089,2020-04-14T16:51:53.089Z,buy,0.0001077,4.57,0.0004921890000000001
GVT/BTC,1586883113089,2020-04-14T16:51:53.089Z,buy,0.0001078,1.07,0.00011534600000000002
GVT/BTC,1586883314268,2020-04-14T16:55:14.268Z,buy,0.0001078,17.48,0.001884344
GVT/BTC,1586883314268,2020-04-14T16:55:14.268Z,buy,0.000108,4.55,0.0004913999999999999
GVT/BTC,1586883314268,2020-04-14T16:55:14.268Z,buy,0.0001081,5.79,0.000625899
GVT/BTC,1586883373179,2020-04-14T16:56:13.179Z,sell,0.0001079,300.54,0.032428266
GVT/BTC,1586883383449,2020-04-14T16:56:23.449Z,buy,0.000108,0.95,0.00010259999999999999
GVT/BTC,1586883383449,2020-04-14T16:56:23.449Z,buy,0.0001082,0.06,6.492e-06
GVT/BTC,1586883383997,2020-04-14T16:56:23.997Z,buy,0.0001082,1.01,0.000109282
GVT/BTC,1586883384536,2020-04-14T16:56:24.536Z,buy,0.0001082,1.01,0.000109282
GVT/BTC,1586883385064,2020-04-14T16:56:25.064Z,buy,0.0001082,1.02,0.000110364
GVT/BTC,1586883385611,2020-04-14T16:56:25.611Z,buy,0.0001082,1.02,0.000110364
GVT/BTC,1586883397153,2020-04-14T16:56:37.153Z,buy,0.0001082,58.95,0.00637839
GVT/BTC,1586883397242,2020-04-14T16:56:37.242Z,sell,0.0001082,127.19,0.013761958
GVT/BTC,1586883428170,2020-04-14T16:57:08.170Z,sell,0.0001082,0.95,0.00010279
GVT/BTC,1586883477025,2020-04-14T16:57:57.025Z,sell,0.0001081,1.02,0.000110262
GVT/BTC,1586883477025,2020-04-14T16:57:57.025Z,sell,0.0001078,1.03,0.00011103400000000001
GVT/BTC,1586883477025,2020-04-14T16:57:57.025Z,sell,0.0001077,4.55,0.000490035
GVT/BTC,1586883477025,2020-04-14T16:57:57.025Z,sell,0.0001076,0.19,2.0444e-05
GVT/BTC,1586883526105,2020-04-14T16:58:46.105Z,buy,0.000108,4.55,0.0004913999999999999
GVT/BTC,1586883526105,2020-04-14T16:58:46.105Z,buy,0.0001082,73.76,0.007980832
GVT/BTC,1586883541383,2020-04-14T16:59:01.383Z,buy,0.0001083,0.31,3.3573e-05
GVT/BTC,1586883543303,2020-04-14T16:59:03.303Z,sell,0.0001082,1.4,0.00015147999999999998
GVT/BTC,1586883578881,2020-04-14T16:59:38.881Z,buy,0.0001083,0.27,2.9241000000000003e-05
GVT/BTC,1586883589183,2020-04-14T16:59:49.183Z,buy,0.0001083,3.96,0.000428868
GVT/BTC,1586883628897,2020-04-14T17:00:28.897Z,sell,0.0001084,220.65,0.023918460000000002
GVT/BTC,1586883914956,2020-04-14T17:05:14.956Z,buy,0.0001085,28.33,0.0030738049999999998
GVT/BTC,1586883914956,2020-04-14T17:05:14.956Z,buy,0.0001087,60.41,0.006566567
GVT/BTC,1586883914956,2020-04-14T17:05:14.956Z,buy,0.0001088,188.61,0.020520768
GVT/BTC,1586883914956,2020-04-14T17:05:14.956Z,buy,0.0001089,28.99,0.003157011
GVT/BTC,1586883914956,2020-04-14T17:05:14.956Z,buy,0.000109,208.08,0.02268072
GVT/BTC,1586883914956,2020-04-14T17:05:14.956Z,buy,0.0001091,418.9,0.04570199
GVT/BTC,1586883914975,2020-04-14T17:05:14.975Z,sell,0.0001091,17.18,0.001874338
GVT/BTC,1586883914982,2020-04-14T17:05:14.982Z,sell,0.0001091,273.32,0.029819211999999998
GVT/BTC,1586883920982,2020-04-14T17:05:20.982Z,buy,0.0001092,0.31,3.3852e-05
GVT/BTC,1586883927598,2020-04-14T17:05:27.598Z,buy,0.0001092,4.32,0.000471744
GVT/BTC,1586883927598,2020-04-14T17:05:27.598Z,buy,0.0001093,8.13,0.0008886090000000001
GVT/BTC,1586883927598,2020-04-14T17:05:27.598Z,buy,0.0001095,4.58,0.00050151
GVT/BTC,1586883927598,2020-04-14T17:05:27.598Z,buy,0.0001096,29.72,0.0032573119999999996
GVT/BTC,1586883930205,2020-04-14T17:05:30.205Z,sell,0.0001093,4.49,0.000490757
GVT/BTC,1586883931820,2020-04-14T17:05:31.820Z,sell,0.000109,1.96,0.00021364000000000002
GVT/BTC,1586883936041,2020-04-14T17:05:36.041Z,buy,0.0001096,0.93,0.000101928
GVT/BTC,1586883953541,2020-04-14T17:05:53.541Z,buy,0.0001096,0.34,3.7264e-05
GVT/BTC,1586883986236,2020-04-14T17:06:26.236Z,sell,0.000109,1.01,0.00011009000000000001
GVT/BTC,1586883998827,2020-04-14T17:06:38.827Z,sell,0.000109,1.54,0.00016786
GVT/BTC,1586883998827,2020-04-14T17:06:38.827Z,sell,0.0001089,5.25,0.000571725
GVT/BTC,1586884013888,2020-04-14T17:06:53.888Z,sell,0.000109,33.22,0.00362098
GVT/BTC,1586884034482,2020-04-14T17:07:14.482Z,sell,0.000109,20.0,0.00218
GVT/BTC,1586884114796,2020-04-14T17:08:34.796Z,buy,0.0001092,0.94,0.000102648
GVT/BTC,1586884114796,2020-04-14T17:08:34.796Z,buy,0.0001093,4.51,0.000492943
GVT/BTC,1586884114796,2020-04-14T17:08:34.796Z,buy,0.0001096,3.22,0.000352912
GVT/BTC,1586884114796,2020-04-14T17:08:34.796Z,buy,0.0001097,2.33,0.000255601
GVT/BTC,1586884141638,2020-04-14T17:09:01.638Z,sell,0.0001093,4.49,0.000490757
GVT/BTC,1586884174431,2020-04-14T17:09:34.431Z,sell,0.000109,55.69,0.00607021
GVT/BTC,1586884212543,2020-04-14T17:10:12.543Z,sell,0.0001087,32.99,0.0035860130000000003
GVT/BTC,1586884256037,2020-04-14T17:10:56.037Z,buy,0.000109,0.32,3.4880000000000005e-05
GVT/BTC,1586884267929,2020-04-14T17:11:07.929Z,sell,0.0001087,4.25,0.000461975
GVT/BTC,1586884327094,2020-04-14T17:12:07.094Z,sell,0.0001087,31.99,0.0034773129999999997
GVT/BTC,1586884327094,2020-04-14T17:12:07.094Z,sell,0.0001086,1.85,0.00020091
GVT/BTC,1586884327094,2020-04-14T17:12:07.094Z,sell,0.0001083,4.54,0.000491682
GVT/BTC,1586884327094,2020-04-14T17:12:07.094Z,sell,0.0001082,254.98,0.027588836
GVT/BTC,1586884347894,2020-04-14T17:12:27.894Z,sell,0.0001083,91.41,0.009899703
GVT/BTC,1586884347894,2020-04-14T17:12:27.894Z,sell,0.0001081,890.61,0.096274941
GVT/BTC,1586884365935,2020-04-14T17:12:45.935Z,sell,0.000108,4.55,0.0004913999999999999
GVT/BTC,1586884365955,2020-04-14T17:12:45.955Z,buy,0.000108,5.45,0.0005886
GVT/BTC,1586884370260,2020-04-14T17:12:50.260Z,buy,0.0001083,4.55,0.000492765
GVT/BTC,1586884450349,2020-04-14T17:14:10.349Z,buy,0.0001084,0.26,2.8184000000000003e-05
GVT/BTC,1586884487327,2020-04-14T17:14:47.327Z,buy,0.0001084,0.28,3.0352000000000003e-05
GVT/BTC,1586884501281,2020-04-14T17:15:01.281Z,sell,0.000108,4.55,0.0004913999999999999
GVT/BTC,1586884501396,2020-04-14T17:15:01.396Z,buy,0.000108,51.49,0.00556092
GVT/BTC,1586884697535,2020-04-14T17:18:17.535Z,buy,0.0001083,4.55,0.000492765
GVT/BTC,1586884697535,2020-04-14T17:18:17.535Z,buy,0.0001084,93.79,0.010166836000000002
GVT/BTC,1586884697535,2020-04-14T17:18:17.535Z,buy,0.0001085,75.51,0.008192835
GVT/BTC,1586884697535,2020-04-14T17:18:17.535Z,buy,0.0001086,1.58,0.000171588
GVT/BTC,1586884697535,2020-04-14T17:18:17.535Z,buy,0.0001087,8.16,0.000886992
GVT/BTC,1586884697535,2020-04-14T17:18:17.535Z,buy,0.0001088,58.37,0.006350656
GVT/BTC,1586884697535,2020-04-14T17:18:17.535Z,buy,0.0001089,314.99,0.034302411000000005
GVT/BTC,1586884697535,2020-04-14T17:18:17.535Z,buy,0.000109,4.19,0.0004567100000000001
GVT/BTC,1586884697535,2020-04-14T17:18:17.535Z,buy,0.0001093,103.63,0.011326758999999999
GVT/BTC,1586884697535,2020-04-14T17:18:17.535Z,buy,0.0001096,14.32,0.001569472
GVT/BTC,1586884697535,2020-04-14T17:18:17.535Z,buy,0.0001097,2.78,0.000304966
GVT/BTC,1586884697535,2020-04-14T17:18:17.535Z,buy,0.0001099,9.04,0.000993496
GVT/BTC,1586884697535,2020-04-14T17:18:17.535Z,buy,0.00011,504.84,0.0555324
GVT/BTC,1586884697766,2020-04-14T17:18:17.766Z,buy,0.0001099,90.91,0.009991009
GVT/BTC,1586884699768,2020-04-14T17:18:19.768Z,sell,0.0001093,4.49,0.000490757
GVT/BTC,1586884700771,2020-04-14T17:18:20.771Z,sell,0.0001096,4.47,0.0004899119999999999
GVT/BTC,1586884701770,2020-04-14T17:18:21.770Z,sell,0.0001093,3.62,0.00039566600000000003
GVT/BTC,1586884703543,2020-04-14T17:18:23.543Z,buy,0.0001096,0.93,0.000101928
GVT/BTC,1586884773369,2020-04-14T17:19:33.369Z,buy,0.0001093,0.94,0.000102742
GVT/BTC,1586884773369,2020-04-14T17:19:33.369Z,buy,0.0001096,1.81,0.000198376
GVT/BTC,1586884848909,2020-04-14T17:20:48.909Z,sell,0.000109,4.5,0.0004905
GVT/BTC,1586884850038,2020-04-14T17:20:50.038Z,sell,0.0001089,75.58,0.008230662
GVT/BTC,1586884855731,2020-04-14T17:20:55.731Z,sell,0.0001087,8.13,0.0008837310000000001
GVT/BTC,1586884855731,2020-04-14T17:20:55.731Z,sell,0.0001086,1.85,0.00020091
GVT/BTC,1586884855731,2020-04-14T17:20:55.731Z,sell,0.0001084,3.09,0.000334956
GVT/BTC,1586884855731,2020-04-14T17:20:55.731Z,sell,0.0001083,71.65,0.0077596950000000005
GVT/BTC,1586884855731,2020-04-14T17:20:55.731Z,sell,0.0001082,116.48,0.012603136000000001
GVT/BTC,1586884870223,2020-04-14T17:21:10.223Z,buy,0.0001087,0.97,0.00010543899999999999
GVT/BTC,1586885039706,2020-04-14T17:23:59.706Z,buy,0.0001087,0.28,3.0436e-05
GVT/BTC,1586885047726,2020-04-14T17:24:07.726Z,sell,0.0001082,23.37,0.002528634
GVT/BTC,1586885047726,2020-04-14T17:24:07.726Z,sell,0.0001082,23.37,0.002528634
GVT/BTC,1586885286863,2020-04-14T17:28:06.863Z,sell,0.0001082,57.02,0.006169564000000001
GVT/BTC,1586885287869,2020-04-14T17:28:07.869Z,sell,0.0001081,3.62,0.000391322
GVT/BTC,1586885288955,2020-04-14T17:28:08.955Z,sell,0.000108,4.54,0.00049032
GVT/BTC,1586885297018,2020-04-14T17:28:17.018Z,sell,0.000108,448.71,0.04846068
GVT/BTC,1586885297018,2020-04-14T17:28:17.018Z,sell,0.0001077,35.0,0.0037695000000000003
GVT/BTC,1586885297018,2020-04-14T17:28:17.018Z,sell,0.0001076,4.54,0.000488504
GVT/BTC,1586885297018,2020-04-14T17:28:17.018Z,sell,0.0001075,45.67,0.004909525
GVT/BTC,1586885297018,2020-04-14T17:28:17.018Z,sell,0.0001074,435.86,0.046811364
GVT/BTC,1586885297018,2020-04-14T17:28:17.018Z,sell,0.0001073,76.53,0.008211669000000001
GVT/BTC,1586885297018,2020-04-14T17:28:17.018Z,sell,0.0001072,761.18,0.08159849599999999
GVT/BTC,1586885297018,2020-04-14T17:28:17.018Z,sell,0.0001071,99.5,0.01065645
GVT/BTC,1586885299767,2020-04-14T17:28:19.767Z,buy,0.0001076,1.49,0.000160324
GVT/BTC,1586885315673,2020-04-14T17:28:35.673Z,buy,0.0001075,3.73,0.000400975
GVT/BTC,1586885316671,2020-04-14T17:28:36.671Z,buy,0.0001075,3.73,0.000400975
GVT/BTC,1586885317691,2020-04-14T17:28:37.691Z,buy,0.0001075,3.73,0.000400975
GVT/BTC,1586885318687,2020-04-14T17:28:38.687Z,buy,0.0001075,3.73,0.000400975
GVT/BTC,1586885319797,2020-04-14T17:28:39.797Z,buy,0.0001075,3.73,0.000400975
GVT/BTC,1586885320880,2020-04-14T17:28:40.880Z,buy,0.0001075,3.73,0.000400975
GVT/BTC,1586885321961,2020-04-14T17:28:41.961Z,buy,0.0001075,3.73,0.000400975
GVT/BTC,1586885322963,2020-04-14T17:28:42.963Z,buy,0.0001075,3.73,0.000400975
GVT/BTC,1586885323977,2020-04-14T17:28:43.977Z,buy,0.0001075,3.73,0.000400975
GVT/BTC,1586885325009,2020-04-14T17:28:45.009Z,buy,0.0001075,3.67,0.000394525
GVT/BTC,1586885338184,2020-04-14T17:28:58.184Z,buy,0.0001077,0.31,3.3387e-05
GVT/BTC,1586885351879,2020-04-14T17:29:11.879Z,buy,0.0001077,73.25,0.007889025000000001
GVT/BTC,1586885351879,2020-04-14T17:29:11.879Z,buy,0.0001078,78.34,0.008445052000000002
GVT/BTC,1586885351879,2020-04-14T17:29:11.879Z,buy,0.0001079,28.51,0.0030762289999999998
GVT/BTC,1586885351879,2020-04-14T17:29:11.879Z,buy,0.000108,4.55,0.0004913999999999999
GVT/BTC,1586885351897,2020-04-14T17:29:11.897Z,sell,0.000108,67.75,0.007317
GVT/BTC,1586885415486,2020-04-14T17:30:15.486Z,sell,0.0001077,4.55,0.000490035
GVT/BTC,1586885415486,2020-04-14T17:30:15.486Z,sell,0.0001076,76.48,0.008229248
GVT/BTC,1586885415486,2020-04-14T17:30:15.486Z,sell,0.0001075,197.61,0.021243075
GVT/BTC,1586885800888,2020-04-14T17:36:40.888Z,sell,0.0001075,140.0,0.01505
GVT/BTC,1586886208018,2020-04-14T17:43:28.018Z,sell,0.0001075,0.49,5.2675e-05
GVT/BTC,1586886208033,2020-04-14T17:43:28.033Z,sell,0.0001073,4.6,0.00049358
GVT/BTC,1586886308294,2020-04-14T17:45:08.294Z,sell,0.0001073,0.94,0.000100862
GVT/BTC,1586886311433,2020-04-14T17:45:11.433Z,sell,0.0001071,1.87,0.000200277
GVT/BTC,1586886311433,2020-04-14T17:45:11.433Z,sell,0.000107,6.94,0.0007425800000000001
GVT/BTC,1586886372548,2020-04-14T17:46:12.548Z,buy,0.0001075,1.39,0.00014942499999999999
GVT/BTC,1586886372993,2020-04-14T17:46:12.993Z,buy,0.0001075,51.25,0.0055093749999999995
GVT/BTC,1586886376065,2020-04-14T17:46:16.065Z,buy,0.0001075,13.97,0.0015017750000000001
GVT/BTC,1586886377008,2020-04-14T17:46:17.008Z,buy,0.0001075,0.52,5.5900000000000004e-05
GVT/BTC,1586886377008,2020-04-14T17:46:17.008Z,buy,0.0001076,25.0,0.00269
GVT/BTC,1586886377008,2020-04-14T17:46:17.008Z,buy,0.0001077,2.43,0.00026171100000000003
GVT/BTC,1586886378989,2020-04-14T17:46:18.989Z,buy,0.0001077,9.29,0.0010005329999999998
GVT/BTC,1586886379056,2020-04-14T17:46:19.056Z,buy,0.0001077,113.31,0.012203487
GVT/BTC,1586886379115,2020-04-14T17:46:19.115Z,sell,0.0001077,25.97,0.002796969
GVT/BTC,1586886380198,2020-04-14T17:46:20.198Z,buy,0.0001079,18.63,0.0020101769999999997
GVT/BTC,1586886382872,2020-04-14T17:46:22.872Z,buy,0.0001078,1.86,0.000200508
GVT/BTC,1586886392279,2020-04-14T17:46:32.279Z,buy,0.0001078,0.98,0.00010564400000000001
GVT/BTC,1586886393457,2020-04-14T17:46:33.457Z,buy,0.0001078,0.57,6.1446e-05
GVT/BTC,1586886393457,2020-04-14T17:46:33.457Z,buy,0.0001079,92.62,0.009993698
GVT/BTC,1586886396455,2020-04-14T17:46:36.455Z,buy,0.0001079,3.26,0.00035175399999999997
GVT/BTC,1586886397563,2020-04-14T17:46:37.563Z,buy,0.0001079,9.27,0.001000233
GVT/BTC,1586886400537,2020-04-14T17:46:40.537Z,buy,0.0001079,2.65,0.00028593499999999997
GVT/BTC,1586886401347,2020-04-14T17:46:41.347Z,buy,0.0001079,4.49,0.000484471
GVT/BTC,1586886401607,2020-04-14T17:46:41.607Z,buy,0.0001079,27.4,0.0029564599999999997
GVT/BTC,1586886401771,2020-04-14T17:46:41.771Z,buy,0.0001079,16.52,0.001782508
GVT/BTC,1586886401774,2020-04-14T17:46:41.774Z,buy,0.0001079,39.47,0.004258812999999999
GVT/BTC,1586886401782,2020-04-14T17:46:41.782Z,buy,0.0001079,9.09,0.0009808109999999998
GVT/BTC,1586886402190,2020-04-14T17:46:42.190Z,buy,0.0001079,45.96,0.004959084
GVT/BTC,1586886402190,2020-04-14T17:46:42.190Z,buy,0.000108,19.94,0.00215352
GVT/BTC,1586886402329,2020-04-14T17:46:42.329Z,buy,0.000108,20.62,0.00222696
GVT/BTC,1586886402521,2020-04-14T17:46:42.521Z,buy,0.000108,0.71,7.667999999999999e-05
GVT/BTC,1586886402521,2020-04-14T17:46:42.521Z,buy,0.0001081,8.85,0.000956685
GVT/BTC,1586886404836,2020-04-14T17:46:44.836Z,buy,0.0001081,6.15,0.000664815
GVT/BTC,1586886405126,2020-04-14T17:46:45.126Z,buy,0.0001081,17.69,0.0019122890000000002
GVT/BTC,1586886405126,2020-04-14T17:46:45.126Z,buy,0.0001082,5.6,0.0006059199999999999
GVT/BTC,1586886419933,2020-04-14T17:46:59.933Z,buy,0.0001082,1.85,0.00020017
GVT/BTC,1586886432757,2020-04-14T17:47:12.757Z,buy,0.0001082,68.8,0.00744416
GVT/BTC,1586886432825,2020-04-14T17:47:12.825Z,sell,0.0001082,12.41,0.001342762
GVT/BTC,1586886432826,2020-04-14T17:47:12.826Z,sell,0.0001082,11.22,0.001214004
GVT/BTC,1586886441176,2020-04-14T17:47:21.176Z,buy,0.0001083,2.31,0.000250173
GVT/BTC,1586886441841,2020-04-14T17:47:21.841Z,buy,0.0001083,9.24,0.001000692
GVT/BTC,1586886442613,2020-04-14T17:47:22.613Z,buy,0.0001083,9.24,0.001000692
GVT/BTC,1586886443137,2020-04-14T17:47:23.137Z,buy,0.0001083,9.24,0.001000692
GVT/BTC,1586886445918,2020-04-14T17:47:25.918Z,buy,0.0001086,2.58,0.000280188
GVT/BTC,1586886448340,2020-04-14T17:47:28.340Z,buy,0.0001086,55.25,0.00600015
GVT/BTC,1586886448550,2020-04-14T17:47:28.550Z,buy,0.0001087,46.05,0.005005635
GVT/BTC,1586886448965,2020-04-14T17:47:28.965Z,sell,0.0001086,6.45,0.00070047
GVT/BTC,1586886451649,2020-04-14T17:47:31.649Z,buy,0.0001086,4.36,0.000473496
GVT/BTC,1586886451774,2020-04-14T17:47:31.774Z,sell,0.0001086,2.55,0.00027693
GVT/BTC,1586886456904,2020-04-14T17:47:36.904Z,buy,0.0001087,2.76,0.000300012
GVT/BTC,1586886457333,2020-04-14T17:47:37.333Z,buy,0.0001087,9.2,0.00100004
GVT/BTC,1586886458884,2020-04-14T17:47:38.884Z,buy,0.0001087,0.93,0.000101091
GVT/BTC,1586886459450,2020-04-14T17:47:39.450Z,buy,0.0001087,7.36,0.000800032
GVT/BTC,1586886459794,2020-04-14T17:47:39.794Z,buy,0.0001087,18.4,0.00200008
GVT/BTC,1586886461105,2020-04-14T17:47:41.105Z,buy,0.0001087,27.6,0.0030001200000000002
GVT/BTC,1586886473337,2020-04-14T17:47:53.337Z,sell,0.0001086,2.3,0.00024977999999999996
GVT/BTC,1586886473441,2020-04-14T17:47:53.441Z,sell,0.0001083,11.94,0.001293102
GVT/BTC,1586886539563,2020-04-14T17:48:59.563Z,sell,0.000108,4.55,0.0004913999999999999
GVT/BTC,1586886540559,2020-04-14T17:49:00.559Z,sell,0.0001078,1.71,0.000184338
GVT/BTC,1586886634228,2020-04-14T17:50:34.228Z,sell,0.0001078,2.42,0.000260876
GVT/BTC,1586886652450,2020-04-14T17:50:52.450Z,sell,0.0001078,0.54,5.8212000000000004e-05
GVT/BTC,1586886652450,2020-04-14T17:50:52.450Z,sell,0.0001077,7.34,0.000790518
GVT/BTC,1586886652450,2020-04-14T17:50:52.450Z,sell,0.0001076,9.85,0.00105986
GVT/BTC,1586886659517,2020-04-14T17:50:59.517Z,buy,0.000108,1.49,0.00016092
GVT/BTC,1586886856820,2020-04-14T17:54:16.820Z,sell,0.0001073,1.1,0.00011803000000000002
GVT/BTC,1586887031056,2020-04-14T17:57:11.056Z,buy,0.000108,0.33,3.564e-05
GVT/BTC,1586887435399,2020-04-14T18:03:55.399Z,buy,0.000108,79.22,0.008555759999999999
GVT/BTC,1586887437459,2020-04-14T18:03:57.459Z,buy,0.0001081,0.31,3.3511e-05
GVT/BTC,1586887471436,2020-04-14T18:04:31.436Z,buy,0.0001081,4.25,0.000459425
GVT/BTC,1586887471436,2020-04-14T18:04:31.436Z,buy,0.0001083,4.55,0.000492765
GVT/BTC,1586887471436,2020-04-14T18:04:31.436Z,buy,0.0001084,601.55,0.06520802
GVT/BTC,1586887483926,2020-04-14T18:04:43.926Z,buy,0.0001085,0.27,2.9295e-05
GVT/BTC,1586887722976,2020-04-14T18:08:42.976Z,buy,0.0001084,0.31,3.3604e-05
GVT/BTC,1586887779148,2020-04-14T18:09:39.148Z,sell,0.0001081,1.86,0.00020106600000000002
GVT/BTC,1586888051251,2020-04-14T18:14:11.251Z,buy,0.0001081,98.14,0.010608934
GVT/BTC,1586888051251,2020-04-14T18:14:11.251Z,buy,0.0001083,1.86,0.00020143800000000002
GVT/BTC,1586888051251,2020-04-14T18:14:11.251Z,buy,0.0001084,70.66,0.007659544
GVT/BTC,1586888051251,2020-04-14T18:14:11.251Z,buy,0.0001085,521.01,0.05652958499999999
GVT/BTC,1586888051251,2020-04-14T18:14:11.251Z,buy,0.0001086,3.19,0.000346434
GVT/BTC,1586888051251,2020-04-14T18:14:11.251Z,buy,0.0001087,122.78,0.013346186
GVT/BTC,1586888097843,2020-04-14T18:14:57.843Z,buy,0.0001087,0.25,2.7175e-05
GVT/BTC,1586888115391,2020-04-14T18:15:15.391Z,buy,0.0001087,0.27,2.9349000000000003e-05
GVT/BTC,1586888127553,2020-04-14T18:15:27.553Z,buy,0.0001087,305.43,0.033200241
GVT/BTC,1586888127553,2020-04-14T18:15:27.553Z,buy,0.0001088,254.11,0.027647168000000003
GVT/BTC,1586888140058,2020-04-14T18:15:40.058Z,buy,0.0001089,0.34,3.7026e-05
GVT/BTC,1586888157426,2020-04-14T18:15:57.426Z,buy,0.0001089,2.45,0.000266805
GVT/BTC,1586888168199,2020-04-14T18:16:08.199Z,sell,0.0001088,0.93,0.00010118400000000001
GVT/BTC,1586888247118,2020-04-14T18:17:27.118Z,buy,0.0001089,7.61,0.000828729
GVT/BTC,1586888429200,2020-04-14T18:20:29.200Z,sell,0.0001089,9.18,0.000999702
GVT/BTC,1586888468961,2020-04-14T18:21:08.961Z,sell,0.0001089,1.38,0.00015028199999999998
GVT/BTC,1586888494588,2020-04-14T18:21:34.588Z,buy,0.000109,0.93,0.00010137000000000001
GVT/BTC,1586888526252,2020-04-14T18:22:06.252Z,buy,0.000109,6.54,0.0007128600000000001
GVT/BTC,1586888526252,2020-04-14T18:22:06.252Z,buy,0.0001091,0.87,9.4917e-05
GVT/BTC,1586888583415,2020-04-14T18:23:03.415Z,sell,0.0001089,1.55,0.000168795
GVT/BTC,1586888616399,2020-04-14T18:23:36.399Z,sell,0.0001089,1.86,0.00020255400000000003
GVT/BTC,1586888633010,2020-04-14T18:23:53.010Z,sell,0.0001089,8.8,0.0009583200000000001
GVT/BTC,1586888633010,2020-04-14T18:23:53.010Z,sell,0.0001088,51.2,0.0055705600000000004
GVT/BTC,1586888633010,2020-04-14T18:23:53.010Z,sell,0.0001089,8.8,0.0009583200000000001
GVT/BTC,1586888633010,2020-04-14T18:23:53.010Z,sell,0.0001088,51.2,0.0055705600000000004
GVT/BTC,1586888656760,2020-04-14T18:24:16.760Z,sell,0.0001088,98.82,0.010751616
GVT/BTC,1586888656760,2020-04-14T18:24:16.760Z,sell,0.0001087,4.51,0.0004902369999999999
GVT/BTC,1586888656760,2020-04-14T18:24:16.760Z,sell,0.0001086,62.41,0.0067777259999999995
GVT/BTC,1586888656760,2020-04-14T18:24:16.760Z,sell,0.0001085,457.06,0.04959101
GVT/BTC,1586888656760,2020-04-14T18:24:16.760Z,sell,0.0001083,4.54,0.000491682
GVT/BTC,1586888656760,2020-04-14T18:24:16.760Z,sell,0.0001081,3.62,0.000391322
GVT/BTC,1586888656760,2020-04-14T18:24:16.760Z,sell,0.000108,56.05,0.0060534
GVT/BTC,1586888656760,2020-04-14T18:24:16.760Z,sell,0.0001077,53.56,0.0057684120000000005
GVT/BTC,1586888656760,2020-04-14T18:24:16.760Z,sell,0.0001076,605.1,0.06510876
GVT/BTC,1586888656760,2020-04-14T18:24:16.760Z,sell,0.0001075,812.86,0.08738245
