symbol,timestamp,datetime,side,price,amount,btc_volume
GVT/BTC,1611262810371,2021-01-21T21:00:10.371Z,buy,8.33e-05,1.22,0.000101626
GVT/BTC,1611262819746,2021-01-21T21:00:19.746Z,buy,8.36e-05,2.45,0.00020482
GVT/BTC,1611262819746,2021-01-21T21:00:19.746Z,buy,8.37e-05,9.39,0.0007859430000000001
GVT/BTC,1611262989520,2021-01-21T21:03:09.520Z,buy,8.36e-05,1.22,0.000101992
GVT/BTC,1611262989520,2021-01-21T21:03:09.520Z,buy,8.37e-05,55.38,0.0046353060000000005
GVT/BTC,1611263107642,2021-01-21T21:05:07.642Z,sell,8.35e-05,146.37,0.012221895
GVT/BTC,1611263107642,2021-01-21T21:05:07.642Z,sell,8.35e-05,2.85,0.000237975
GVT/BTC,1611263135845,2021-01-21T21:05:35.845Z,buy,8.37e-05,52.15,0.004364955
GVT/BTC,1611263165143,2021-01-21T21:06:05.143Z,buy,8.37e-05,23.89,0.001999593
GVT/BTC,1611263166792,2021-01-21T21:06:06.792Z,buy,8.37e-05,23.89,0.001999593
GVT/BTC,1611263169029,2021-01-21T21:06:09.029Z,buy,8.37e-05,35.84,0.0029998080000000005
GVT/BTC,1611263171952,2021-01-21T21:06:11.952Z,buy,8.37e-05,23.89,0.001999593
GVT/BTC,1611263174207,2021-01-21T21:06:14.207Z,buy,8.37e-05,124.12,0.010388844000000001
GVT/BTC,1611263181079,2021-01-21T21:06:21.079Z,sell,8.35e-05,79.0,0.0065965
GVT/BTC,1611263208114,2021-01-21T21:06:48.114Z,buy,8.37e-05,23.89,0.001999593
GVT/BTC,1611263208185,2021-01-21T21:06:48.185Z,buy,8.37e-05,57.55,0.004816935
GVT/BTC,1611263221468,2021-01-21T21:07:01.468Z,sell,8.38e-05,9.95,0.0008338099999999999
GVT/BTC,1611263221468,2021-01-21T21:07:01.468Z,sell,8.37e-05,0.25,2.0925e-05
GVT/BTC,1611263231914,2021-01-21T21:07:11.914Z,buy,8.46e-05,1.55,0.00013113
GVT/BTC,1611263232004,2021-01-21T21:07:12.004Z,sell,8.46e-05,45.74,0.003869604
GVT/BTC,1611263318951,2021-01-21T21:08:38.951Z,sell,8.39e-05,1.34,0.00011242600000000001
GVT/BTC,1611263321998,2021-01-21T21:08:41.998Z,buy,8.45e-05,1.34,0.00011323
GVT/BTC,1611263323655,2021-01-21T21:08:43.655Z,sell,8.45e-05,23.89,0.002018705
GVT/BTC,1611263325963,2021-01-21T21:08:45.963Z,sell,8.45e-05,23.89,0.002018705
GVT/BTC,1611263327840,2021-01-21T21:08:47.840Z,sell,8.45e-05,23.89,0.002018705
GVT/BTC,1611263327851,2021-01-21T21:08:47.851Z,sell,8.45e-05,73.06,0.00617357
GVT/BTC,1611263602518,2021-01-21T21:13:22.518Z,buy,8.43e-05,67.5,0.00569025
GVT/BTC,1611263602518,2021-01-21T21:13:22.518Z,buy,8.44e-05,71.03,0.0059949320000000006
GVT/BTC,1611263602518,2021-01-21T21:13:22.518Z,buy,8.45e-05,174.65,0.014757925
GVT/BTC,1611263919865,2021-01-21T21:18:39.865Z,sell,8.43e-05,109.52,0.009232536
GVT/BTC,1611263926902,2021-01-21T21:18:46.902Z,sell,8.42e-05,27.15,0.00228603
GVT/BTC,1611263929393,2021-01-21T21:18:49.393Z,sell,8.42e-05,6.76,0.0005691919999999999
GVT/BTC,1611263932517,2021-01-21T21:18:52.517Z,sell,8.42e-05,1.69,0.00014229799999999999
GVT/BTC,1611264005436,2021-01-21T21:20:05.436Z,sell,8.41e-05,1671.45,0.140568945
GVT/BTC,1611264005450,2021-01-21T21:20:05.450Z,sell,8.4e-05,6.56,0.0005510399999999999
GVT/BTC,1611264006458,2021-01-21T21:20:06.458Z,sell,8.39e-05,8.35,0.000700565
GVT/BTC,1611264065342,2021-01-21T21:21:05.342Z,buy,8.44e-05,3.91,0.000330004
GVT/BTC,1611264075717,2021-01-21T21:21:15.717Z,sell,8.37e-05,4.78,0.000400086
GVT/BTC,1611264075717,2021-01-21T21:21:15.717Z,sell,8.35e-05,52.34,0.00437039
GVT/BTC,1611264106318,2021-01-21T21:21:46.318Z,sell,8.35e-05,9.64,0.00080494
GVT/BTC,1611264121168,2021-01-21T21:22:01.168Z,sell,8.35e-05,25.64,0.00214094
GVT/BTC,1611264223804,2021-01-21T21:23:43.804Z,buy,8.39e-05,3.19,0.000267641
GVT/BTC,1611264382127,2021-01-21T21:26:22.127Z,buy,8.39e-05,24.38,0.002045482
GVT/BTC,1611264383654,2021-01-21T21:26:23.654Z,buy,8.4e-05,11.95,0.0010037999999999998
GVT/BTC,1611264517671,2021-01-21T21:28:37.671Z,buy,8.45e-05,42.55,0.0035954749999999995
GVT/BTC,1611264517711,2021-01-21T21:28:37.711Z,buy,8.46e-05,6.19,0.000523674
GVT/BTC,1611264539925,2021-01-21T21:28:59.925Z,buy,8.47e-05,8.32,0.000704704
GVT/BTC,1611264568019,2021-01-21T21:29:28.019Z,sell,8.46e-05,52.65,0.004454189999999999
GVT/BTC,1611264569322,2021-01-21T21:29:29.322Z,sell,8.45e-05,3.59,0.00030335499999999994
GVT/BTC,1611264569349,2021-01-21T21:29:29.349Z,sell,8.45e-05,3.59,0.00030335499999999994
GVT/BTC,1611264574887,2021-01-21T21:29:34.887Z,sell,8.45e-05,104.83,0.008858135
GVT/BTC,1611264787906,2021-01-21T21:33:07.906Z,sell,8.45e-05,1.2,0.00010139999999999998
GVT/BTC,1611264799786,2021-01-21T21:33:19.786Z,sell,8.45e-05,131.66,0.01112527
GVT/BTC,1611265095897,2021-01-21T21:38:15.897Z,sell,8.45e-05,3.95,0.00033377499999999997
GVT/BTC,1611265241597,2021-01-21T21:40:41.597Z,buy,8.47e-05,5.0,0.0004235
GVT/BTC,1611265241597,2021-01-21T21:40:41.597Z,buy,8.48e-05,13.1,0.00111088
GVT/BTC,1611265241597,2021-01-21T21:40:41.597Z,buy,8.49e-05,120.0,0.010188000000000001
GVT/BTC,1611265242955,2021-01-21T21:40:42.955Z,buy,8.5e-05,8.24,0.0007004000000000001
GVT/BTC,1611265244807,2021-01-21T21:40:44.807Z,sell,8.49e-05,35.6,0.0030224400000000004
GVT/BTC,1611265260489,2021-01-21T21:41:00.489Z,sell,8.46e-05,8.32,0.000703872
GVT/BTC,1611265260496,2021-01-21T21:41:00.496Z,sell,8.46e-05,5.94,0.000502524
GVT/BTC,1611265260505,2021-01-21T21:41:00.505Z,sell,8.46e-05,2.98,0.00025210799999999997
GVT/BTC,1611265277681,2021-01-21T21:41:17.681Z,buy,8.5e-05,81.1,0.0068935
GVT/BTC,1611265303075,2021-01-21T21:41:43.075Z,buy,8.53e-05,66.2,0.00564686
GVT/BTC,1611265303075,2021-01-21T21:41:43.075Z,buy,8.54e-05,403.22,0.03443498800000001
GVT/BTC,1611265396794,2021-01-21T21:43:16.794Z,sell,8.46e-05,2.24,0.000189504
GVT/BTC,1611266083355,2021-01-21T21:54:43.355Z,sell,8.47e-05,100.0,0.00847
GVT/BTC,1611266177490,2021-01-21T21:56:17.490Z,sell,8.47e-05,41.08,0.003479476
GVT/BTC,1611266178747,2021-01-21T21:56:18.747Z,sell,8.46e-05,3.56,0.000301176
GVT/BTC,1611266184037,2021-01-21T21:56:24.037Z,buy,8.47e-05,13.98,0.001184106
GVT/BTC,1611266227939,2021-01-21T21:57:07.939Z,sell,8.46e-05,194.01,0.016413246
GVT/BTC,1611266273410,2021-01-21T21:57:53.410Z,sell,8.46e-05,21.24,0.0017969039999999998
GVT/BTC,1611266273410,2021-01-21T21:57:53.410Z,sell,8.45e-05,1900.08,0.16055676
GVT/BTC,1611266273410,2021-01-21T21:57:53.410Z,sell,8.38e-05,47.73,0.003999774
GVT/BTC,1611266273410,2021-01-21T21:57:53.410Z,sell,8.36e-05,30.95,0.00258742
GVT/BTC,1611266367857,2021-01-21T21:59:27.857Z,sell,8.39e-05,1.2,0.00010068
GVT/BTC,1611266371615,2021-01-21T21:59:31.615Z,sell,8.35e-05,28.89,0.002412315
GVT/BTC,1611266371615,2021-01-21T21:59:31.615Z,sell,8.34e-05,84.56,0.007052304
GVT/BTC,1611266371615,2021-01-21T21:59:31.615Z,sell,8.33e-05,108.62,0.009048046
GVT/BTC,1611266371615,2021-01-21T21:59:31.615Z,sell,8.32e-05,4.09,0.000340288
GVT/BTC,1611266371615,2021-01-21T21:59:31.615Z,sell,8.3e-05,168.95,0.014022849999999998
GVT/BTC,1611266371615,2021-01-21T21:59:31.615Z,sell,8.29e-05,61.59,0.005105811
GVT/BTC,1611266371615,2021-01-21T21:59:31.615Z,sell,8.26e-05,170.34,0.014070084
GVT/BTC,1611266371615,2021-01-21T21:59:31.615Z,sell,8.25e-05,5.92,0.0004883999999999999
GVT/BTC,1611266371615,2021-01-21T21:59:31.615Z,sell,8.24e-05,367.85,0.030310840000000002
GVT/BTC,1611266371615,2021-01-21T21:59:31.615Z,sell,8.35e-05,28.89,0.002412315
GVT/BTC,1611266371615,2021-01-21T21:59:31.615Z,sell,8.34e-05,84.56,0.007052304
GVT/BTC,1611266371615,2021-01-21T21:59:31.615Z,sell,8.33e-05,108.62,0.009048046
GVT/BTC,1611266371615,2021-01-21T21:59:31.615Z,sell,8.32e-05,4.09,0.000340288
GVT/BTC,1611266371615,2021-01-21T21:59:31.615Z,sell,8.3e-05,168.95,0.014022849999999998
GVT/BTC,1611266371615,2021-01-21T21:59:31.615Z,sell,8.29e-05,61.59,0.005105811
GVT/BTC,1611266371615,2021-01-21T21:59:31.615Z,sell,8.26e-05,170.34,0.014070084
GVT/BTC,1611266371615,2021-01-21T21:59:31.615Z,sell,8.25e-05,5.92,0.0004883999999999999
GVT/BTC,1611266371615,2021-01-21T21:59:31.615Z,sell,8.24e-05,367.85,0.030310840000000002
GVT/BTC,1611266404385,2021-01-21T22:00:04.385Z,sell,8.23e-05,34.64,0.002850872
GVT/BTC,1611266444523,2021-01-21T22:00:44.523Z,sell,8.24e-05,4.12,0.000339488
GVT/BTC,1611266449432,2021-01-21T22:00:49.432Z,sell,8.24e-05,18.42,0.001517808
GVT/BTC,1611266546738,2021-01-21T22:02:26.738Z,sell,8.24e-05,413.43,0.034066632
GVT/BTC,1611266546752,2021-01-21T22:02:26.752Z,buy,8.25e-05,242.62,0.02001615
GVT/BTC,1611266761885,2021-01-21T22:06:01.885Z,buy,8.28e-05,95.87,0.007938035999999999
GVT/BTC,1611266778433,2021-01-21T22:06:18.433Z,buy,8.3e-05,38.83,0.00322289
GVT/BTC,1611266801821,2021-01-21T22:06:41.821Z,buy,8.31e-05,53.92,0.004480752
GVT/BTC,1611266837560,2021-01-21T22:07:17.560Z,buy,8.31e-05,1.46,0.000121326
GVT/BTC,1611267271846,2021-01-21T22:14:31.846Z,sell,8.25e-05,18.0,0.001485
GVT/BTC,1611267303317,2021-01-21T22:15:03.317Z,sell,8.25e-05,23.83,0.001965975
GVT/BTC,1611267357531,2021-01-21T22:15:57.531Z,sell,8.25e-05,57.19,0.004718175
GVT/BTC,1611267421483,2021-01-21T22:17:01.483Z,sell,8.25e-05,83.88,0.006920099999999999
GVT/BTC,1611267436692,2021-01-21T22:17:16.692Z,sell,8.25e-05,30.2,0.0024915
GVT/BTC,1611267436692,2021-01-21T22:17:16.692Z,sell,8.21e-05,60.9,0.00499989
GVT/BTC,1611267436692,2021-01-21T22:17:16.692Z,sell,8.2e-05,72.5,0.005945
GVT/BTC,1611267436692,2021-01-21T22:17:16.692Z,sell,8.19e-05,55.21,0.004521699
GVT/BTC,1611267566990,2021-01-21T22:19:26.990Z,sell,8.19e-05,527.71,0.043219449
GVT/BTC,1611267605532,2021-01-21T22:20:05.532Z,sell,8.15e-05,11.95,0.0009739249999999999
GVT/BTC,1611267605891,2021-01-21T22:20:05.891Z,buy,8.18e-05,1.23,0.000100614
GVT/BTC,1611267789114,2021-01-21T22:23:09.114Z,sell,8.15e-05,384.22,0.031313930000000004
GVT/BTC,1611267881353,2021-01-21T22:24:41.353Z,sell,8.15e-05,100.0,0.008150000000000001
GVT/BTC,1611268041300,2021-01-21T22:27:21.300Z,sell,8.15e-05,1222.04,0.09959626
GVT/BTC,1611268041300,2021-01-21T22:27:21.300Z,sell,8.12e-05,130.37,0.010586044
GVT/BTC,1611268041300,2021-01-21T22:27:21.300Z,sell,8.1e-05,1023.46,0.08290026
GVT/BTC,1611268068399,2021-01-21T22:27:48.399Z,sell,8.1e-05,20.0,0.0016200000000000001
GVT/BTC,1611268069584,2021-01-21T22:27:49.584Z,sell,8.1e-05,100.0,0.0081
GVT/BTC,1611268075486,2021-01-21T22:27:55.486Z,sell,8.1e-05,87.57,0.00709317
GVT/BTC,1611268075486,2021-01-21T22:27:55.486Z,sell,8.06e-05,4.66,0.00037559599999999996
GVT/BTC,1611268075486,2021-01-21T22:27:55.486Z,sell,8.01e-05,7.77,0.0006223769999999999
GVT/BTC,1611268102887,2021-01-21T22:28:22.887Z,buy,8.15e-05,1.51,0.000123065
GVT/BTC,1611268105121,2021-01-21T22:28:25.121Z,buy,8.15e-05,6.02,0.0004906299999999999
GVT/BTC,1611268150409,2021-01-21T22:29:10.409Z,sell,8.05e-05,9.48,0.00076314
GVT/BTC,1611268158626,2021-01-21T22:29:18.626Z,buy,8.14e-05,9.48,0.000771672
GVT/BTC,1611268158626,2021-01-21T22:29:18.626Z,buy,8.15e-05,120.0,0.00978
GVT/BTC,1611268158626,2021-01-21T22:29:18.626Z,buy,8.16e-05,1222.47,0.09975355200000001
GVT/BTC,1611268207268,2021-01-21T22:30:07.268Z,buy,8.16e-05,77.1,0.00629136
GVT/BTC,1611268209168,2021-01-21T22:30:09.168Z,buy,8.16e-05,115.34,0.009411744000000001
GVT/BTC,1611268210062,2021-01-21T22:30:10.062Z,buy,8.17e-05,619.14,0.050583737999999996
GVT/BTC,1611268210062,2021-01-21T22:30:10.062Z,buy,8.27e-05,16.01,0.0013240270000000002
GVT/BTC,1611268212530,2021-01-21T22:30:12.530Z,buy,8.27e-05,18.63,0.001540701
GVT/BTC,1611268212530,2021-01-21T22:30:12.530Z,buy,8.29e-05,142.88,0.011844751999999998
GVT/BTC,1611268214762,2021-01-21T22:30:14.762Z,buy,8.27e-05,48.43,0.004005161
GVT/BTC,1611268216631,2021-01-21T22:30:16.631Z,buy,8.27e-05,99.84,0.008256768000000001
GVT/BTC,1611268217421,2021-01-21T22:30:17.421Z,buy,8.27e-05,8.97,0.0007418190000000001
GVT/BTC,1611268222736,2021-01-21T22:30:22.736Z,sell,8.17e-05,58.75,0.0047998749999999995
GVT/BTC,1611268222736,2021-01-21T22:30:22.736Z,sell,8.16e-05,32.34,0.0026389440000000003
GVT/BTC,1611268222736,2021-01-21T22:30:22.736Z,sell,8.11e-05,18.74,0.001519814
GVT/BTC,1611268326069,2021-01-21T22:32:06.069Z,buy,8.22e-05,58.75,0.00482925
GVT/BTC,1611268326965,2021-01-21T22:32:06.965Z,sell,8.23e-05,120.0,0.009876
GVT/BTC,1611268326965,2021-01-21T22:32:06.965Z,sell,8.22e-05,138.23,0.011362506
GVT/BTC,1611268326965,2021-01-21T22:32:06.965Z,sell,8.15e-05,185.87,0.015148405
GVT/BTC,1611268326965,2021-01-21T22:32:06.965Z,sell,8.12e-05,9.4,0.00076328
GVT/BTC,1611268326965,2021-01-21T22:32:06.965Z,sell,8.11e-05,304.48,0.024693328000000004
GVT/BTC,1611268327425,2021-01-21T22:32:07.425Z,buy,8.22e-05,1.34,0.00011014800000000002
GVT/BTC,1611268443677,2021-01-21T22:34:03.677Z,sell,8.14e-05,25.0,0.002035
GVT/BTC,1611268464316,2021-01-21T22:34:24.316Z,sell,8.14e-05,2.9,0.00023605999999999999
GVT/BTC,1611268483393,2021-01-21T22:34:43.393Z,sell,8.14e-05,192.25,0.01564915
GVT/BTC,1611268529397,2021-01-21T22:35:29.397Z,sell,8.13e-05,7.47,0.0006073109999999999
GVT/BTC,1611268602427,2021-01-21T22:36:42.427Z,buy,8.18e-05,45.39,0.0037129019999999997
GVT/BTC,1611268624074,2021-01-21T22:37:04.074Z,buy,8.18e-05,93.35,0.007636029999999999
GVT/BTC,1611268681489,2021-01-21T22:38:01.489Z,sell,8.18e-05,126.61,0.010356698
GVT/BTC,1611268681501,2021-01-21T22:38:01.501Z,sell,8.18e-05,242.62,0.019846316
GVT/BTC,1611268731823,2021-01-21T22:38:51.823Z,sell,8.18e-05,3.54,0.000289572
GVT/BTC,1611268741030,2021-01-21T22:39:01.030Z,sell,8.18e-05,77.1,0.006306779999999999
GVT/BTC,1611268741806,2021-01-21T22:39:01.806Z,sell,8.18e-05,21.08,0.0017243439999999998
GVT/BTC,1611268817169,2021-01-21T22:40:17.169Z,sell,8.18e-05,49.11,0.004017198
GVT/BTC,1611268817853,2021-01-21T22:40:17.853Z,sell,8.18e-05,72.93,0.005965674000000001
GVT/BTC,1611268821703,2021-01-21T22:40:21.703Z,sell,8.17e-05,23.89,0.001951813
GVT/BTC,1611268872393,2021-01-21T22:41:12.393Z,sell,8.17e-05,10.38,0.000848046
GVT/BTC,1611269174188,2021-01-21T22:46:14.188Z,sell,8.12e-05,120.0,0.009744
GVT/BTC,1611269192129,2021-01-21T22:46:32.129Z,buy,8.12e-05,66.47,0.005397364
GVT/BTC,1611269192129,2021-01-21T22:46:32.129Z,buy,8.13e-05,311.28,0.025307063999999997
GVT/BTC,1611269386966,2021-01-21T22:49:46.966Z,buy,8.13e-05,2.53,0.00020568899999999997
GVT/BTC,1611269433634,2021-01-21T22:50:33.634Z,sell,8.11e-05,125.33,0.010164263
GVT/BTC,1611269522067,2021-01-21T22:52:02.067Z,sell,8.11e-05,133.92,0.010860912
GVT/BTC,1611269706347,2021-01-21T22:55:06.347Z,buy,8.13e-05,650.03,0.052847438999999996
GVT/BTC,1611269712750,2021-01-21T22:55:12.750Z,sell,8.11e-05,368.46,0.029882106000000002
GVT/BTC,1611269748196,2021-01-21T22:55:48.196Z,buy,8.12e-05,216.83,0.017606596
GVT/BTC,1611269903205,2021-01-21T22:58:23.205Z,sell,8.11e-05,25.68,0.0020826480000000003
GVT/BTC,1611269903205,2021-01-21T22:58:23.205Z,sell,8.11e-05,25.68,0.0020826480000000003
GVT/BTC,1611270106019,2021-01-21T23:01:46.019Z,buy,8.13e-05,830.67,0.067533471
GVT/BTC,1611270106019,2021-01-21T23:01:46.019Z,buy,8.14e-05,1.93,0.000157102
GVT/BTC,1611270106019,2021-01-21T23:01:46.019Z,buy,8.17e-05,120.0,0.009803999999999998
GVT/BTC,1611270106019,2021-01-21T23:01:46.019Z,buy,8.18e-05,68.38,0.005593483999999999
GVT/BTC,1611270106019,2021-01-21T23:01:46.019Z,buy,8.19e-05,896.84,0.073451196
GVT/BTC,1611270106371,2021-01-21T23:01:46.371Z,buy,8.13e-05,326.07,0.026509491
GVT/BTC,1611270106585,2021-01-21T23:01:46.585Z,buy,8.13e-05,67.58,0.005494254
GVT/BTC,1611270156259,2021-01-21T23:02:36.259Z,buy,8.13e-05,92.39,0.007511307
GVT/BTC,1611270305777,2021-01-21T23:05:05.777Z,sell,8.16e-05,119.85,0.00977976
GVT/BTC,1611270305777,2021-01-21T23:05:05.777Z,sell,8.15e-05,63.81,0.005200515
GVT/BTC,1611270305777,2021-01-21T23:05:05.777Z,sell,8.14e-05,66.43,0.005407402
GVT/BTC,1611270353946,2021-01-21T23:05:53.946Z,sell,8.14e-05,90.44,0.007361816
GVT/BTC,1611270363401,2021-01-21T23:06:03.401Z,sell,8.13e-05,10.63,0.0008642190000000001
GVT/BTC,1611270363401,2021-01-21T23:06:03.401Z,sell,8.12e-05,27.88,0.002263856
GVT/BTC,1611270391248,2021-01-21T23:06:31.248Z,sell,8.12e-05,222.74,0.018086488
GVT/BTC,1611270391265,2021-01-21T23:06:31.265Z,sell,8.12e-05,93.75,0.0076124999999999995
GVT/BTC,1611270449839,2021-01-21T23:07:29.839Z,sell,8.11e-05,18.88,0.001531168
GVT/BTC,1611270450839,2021-01-21T23:07:30.839Z,sell,8.11e-05,89.48,0.007256828000000001
GVT/BTC,1611270451854,2021-01-21T23:07:31.854Z,sell,8.11e-05,89.48,0.007256828000000001
GVT/BTC,1611270452859,2021-01-21T23:07:32.859Z,sell,8.11e-05,18.88,0.001531168
GVT/BTC,1611270453879,2021-01-21T23:07:33.879Z,sell,8.11e-05,15.6,0.00126516
GVT/BTC,1611270524367,2021-01-21T23:08:44.367Z,sell,8.11e-05,137.2,0.01112692
GVT/BTC,1611270524367,2021-01-21T23:08:44.367Z,sell,8.07e-05,12.26,0.000989382
GVT/BTC,1611270524367,2021-01-21T23:08:44.367Z,sell,8.01e-05,68.82,0.005512481999999999
GVT/BTC,1611270524367,2021-01-21T23:08:44.367Z,sell,8e-05,130.18,0.0104144
GVT/BTC,1611270525455,2021-01-21T23:08:45.455Z,sell,8e-05,2.0,0.00016
GVT/BTC,1611270573390,2021-01-21T23:09:33.390Z,buy,8.11e-05,12.26,0.000994286
GVT/BTC,1611270573390,2021-01-21T23:09:33.390Z,buy,8.12e-05,59.25,0.0048111
GVT/BTC,1611270575200,2021-01-21T23:09:35.200Z,buy,8.11e-05,21.97,0.001781767
GVT/BTC,1611270577438,2021-01-21T23:09:37.438Z,buy,8.12e-05,33.13,0.002690156
GVT/BTC,1611270579766,2021-01-21T23:09:39.766Z,buy,8.12e-05,67.92,0.005515104
GVT/BTC,1611270579766,2021-01-21T23:09:39.766Z,buy,8.13e-05,53.98,0.004388573999999999
GVT/BTC,1611270582313,2021-01-21T23:09:42.313Z,buy,8.13e-05,30.89,0.002511357
GVT/BTC,1611270585068,2021-01-21T23:09:45.068Z,buy,8.13e-05,13.99,0.001137387
GVT/BTC,1611270780902,2021-01-21T23:13:00.902Z,sell,8.01e-05,24.35,0.001950435
GVT/BTC,1611270780902,2021-01-21T23:13:00.902Z,sell,8e-05,128.08,0.010246400000000001
GVT/BTC,1611270780902,2021-01-21T23:13:00.902Z,sell,7.99e-05,19.57,0.0015636430000000002
GVT/BTC,1611270780902,2021-01-21T23:13:00.902Z,sell,7.98e-05,5.0,0.000399
GVT/BTC,1611270780902,2021-01-21T23:13:00.902Z,sell,7.95e-05,6.35,0.000504825
GVT/BTC,1611270780902,2021-01-21T23:13:00.902Z,sell,7.94e-05,42.49,0.003373706
GVT/BTC,1611270780902,2021-01-21T23:13:00.902Z,sell,7.93e-05,23.18,0.0018381740000000001
GVT/BTC,1611270780902,2021-01-21T23:13:00.902Z,sell,7.92e-05,323.97,0.025658424000000003
GVT/BTC,1611270783577,2021-01-21T23:13:03.577Z,buy,8.01e-05,16.16,0.0012944159999999998
GVT/BTC,1611270788712,2021-01-21T23:13:08.712Z,buy,8.03e-05,12.49,0.0010029470000000001
GVT/BTC,1611270831933,2021-01-21T23:13:51.933Z,buy,8.03e-05,313.58,0.025180473999999998
GVT/BTC,1611270842008,2021-01-21T23:14:02.008Z,sell,8.03e-05,8.78,0.000705034
GVT/BTC,1611270903541,2021-01-21T23:15:03.541Z,sell,8.03e-05,87.17,0.006999751
GVT/BTC,1611270903541,2021-01-21T23:15:03.541Z,sell,8.02e-05,111.64,0.008953528
GVT/BTC,1611270903541,2021-01-21T23:15:03.541Z,sell,8.01e-05,160.82,0.012881681999999998
GVT/BTC,1611270915144,2021-01-21T23:15:15.144Z,sell,8.01e-05,6.71,0.000537471
GVT/BTC,1611271004059,2021-01-21T23:16:44.059Z,sell,8.01e-05,24.41,0.001955241
GVT/BTC,1611271023230,2021-01-21T23:17:03.230Z,sell,8.01e-05,34.57,0.0027690569999999997
GVT/BTC,1611271037275,2021-01-21T23:17:17.275Z,sell,8.01e-05,29.26,0.002343726
GVT/BTC,1611271052616,2021-01-21T23:17:32.616Z,sell,8.01e-05,10.84,0.000868284
GVT/BTC,1611271068950,2021-01-21T23:17:48.950Z,buy,8.02e-05,87.17,0.006991034
GVT/BTC,1611271068950,2021-01-21T23:17:48.950Z,buy,8.03e-05,63.81,0.005123943000000001
GVT/BTC,1611271068950,2021-01-21T23:17:48.950Z,buy,8.04e-05,120.0,0.009648
GVT/BTC,1611271114772,2021-01-21T23:18:34.772Z,buy,8.05e-05,25.18,0.00202699
GVT/BTC,1611271162360,2021-01-21T23:19:22.360Z,sell,8.03e-05,8.24,0.000661672
GVT/BTC,1611271324046,2021-01-21T23:22:04.046Z,buy,8.05e-05,220.33,0.017736565000000003
GVT/BTC,1611271573316,2021-01-21T23:26:13.316Z,sell,8.05e-05,132.94,0.01070167
GVT/BTC,1611271726294,2021-01-21T23:28:46.294Z,sell,8.03e-05,752.86,0.060454658
GVT/BTC,1611271726294,2021-01-21T23:28:46.294Z,sell,8.01e-05,98.15,0.007861815
GVT/BTC,1611271726294,2021-01-21T23:28:46.294Z,sell,8e-05,585.92,0.0468736
GVT/BTC,1611271867367,2021-01-21T23:31:07.367Z,sell,8.01e-05,1.25,0.000100125
GVT/BTC,1611271935322,2021-01-21T23:32:15.322Z,buy,8.05e-05,352.88,0.028406840000000003
GVT/BTC,1611271935322,2021-01-21T23:32:15.322Z,buy,8.06e-05,329.3,0.02654158
GVT/BTC,1611271940105,2021-01-21T23:32:20.105Z,buy,8.04e-05,1.25,0.0001005
GVT/BTC,1611272188395,2021-01-21T23:36:28.395Z,sell,8.02e-05,79.81,0.006400762
GVT/BTC,1611272192404,2021-01-21T23:36:32.404Z,sell,8.01e-05,46.64,0.0037358639999999998
GVT/BTC,1611272215815,2021-01-21T23:36:55.815Z,sell,8e-05,14.62,0.0011696
GVT/BTC,1611272232329,2021-01-21T23:37:12.329Z,sell,8e-05,74.33,0.0059464
GVT/BTC,1611272234112,2021-01-21T23:37:14.112Z,sell,8e-05,14.29,0.0011432
GVT/BTC,1611272389714,2021-01-21T23:39:49.714Z,buy,8.02e-05,164.34,0.013180068
GVT/BTC,1611272389714,2021-01-21T23:39:49.714Z,buy,8.03e-05,133.59,0.010727277
GVT/BTC,1611272389714,2021-01-21T23:39:49.714Z,buy,8.04e-05,266.07,0.021392028
GVT/BTC,1611272429572,2021-01-21T23:40:29.572Z,buy,8.01e-05,49.88,0.003995388
GVT/BTC,1611272429572,2021-01-21T23:40:29.572Z,buy,8.04e-05,49.81,0.004004724
GVT/BTC,1611272433667,2021-01-21T23:40:33.667Z,sell,8.04e-05,80.31,0.006456924
GVT/BTC,1611272462195,2021-01-21T23:41:02.195Z,buy,8.05e-05,46.59,0.0037504950000000004
GVT/BTC,1611272481005,2021-01-21T23:41:21.005Z,sell,8.05e-05,0.41,3.3005e-05
GVT/BTC,1611272548903,2021-01-21T23:42:28.903Z,buy,8.04e-05,82.83,0.006659532
GVT/BTC,1611272686053,2021-01-21T23:44:46.053Z,sell,8.04e-05,0.17,1.3668000000000002e-05
GVT/BTC,1611272686053,2021-01-21T23:44:46.053Z,sell,8e-05,15.31,0.0012248
GVT/BTC,1611272735580,2021-01-21T23:45:35.580Z,buy,8.05e-05,207.59,0.016710995000000003
GVT/BTC,1611272735580,2021-01-21T23:45:35.580Z,buy,8.06e-05,15.31,0.0012339859999999999
GVT/BTC,1611272735580,2021-01-21T23:45:35.580Z,buy,8.07e-05,57.1,0.00460797
GVT/BTC,1611273015160,2021-01-21T23:50:15.160Z,sell,8.01e-05,111.51,0.008931951
GVT/BTC,1611273081278,2021-01-21T23:51:21.278Z,sell,7.99e-05,111.51,0.008909649
GVT/BTC,1611273112503,2021-01-21T23:51:52.503Z,buy,8.06e-05,50.0,0.00403
GVT/BTC,1611273133859,2021-01-21T23:52:13.859Z,sell,8.01e-05,4.0,0.0003204
GVT/BTC,1611273133859,2021-01-21T23:52:13.859Z,sell,7.99e-05,12.98,0.001037102
GVT/BTC,1611273157476,2021-01-21T23:52:37.476Z,sell,7.99e-05,427.44,0.034152456000000005
GVT/BTC,1611273174524,2021-01-21T23:52:54.524Z,buy,8.05e-05,5.0,0.0004025
GVT/BTC,1611273377293,2021-01-21T23:56:17.293Z,sell,8.02e-05,46.49,0.0037284980000000002
GVT/BTC,1611273417254,2021-01-21T23:56:57.254Z,sell,8.01e-05,117.75,0.009431775
GVT/BTC,1611273457611,2021-01-21T23:57:37.611Z,sell,8e-05,95.07,0.0076056
GVT/BTC,1611273457611,2021-01-21T23:57:37.611Z,sell,8e-05,95.07,0.0076056
GVT/BTC,1611273507671,2021-01-21T23:58:27.671Z,sell,7.99e-05,62.64,0.005004936000000001
GVT/BTC,1611273538358,2021-01-21T23:58:58.358Z,sell,7.98e-05,4.83,0.00038543400000000004
GVT/BTC,1611273565211,2021-01-21T23:59:25.211Z,sell,7.98e-05,4.0,0.0003192
GVT/BTC,1611273610378,2021-01-22T00:00:10.378Z,sell,7.96e-05,83.94,0.006681624
GVT/BTC,1611273653911,2021-01-22T00:00:53.911Z,buy,7.99e-05,64.12,0.005123188000000001
GVT/BTC,1611273653911,2021-01-22T00:00:53.911Z,buy,8e-05,103.31,0.008264800000000001
GVT/BTC,1611273654013,2021-01-22T00:00:54.013Z,sell,8e-05,245.76,0.019660800000000003
GVT/BTC,1611273655264,2021-01-22T00:00:55.264Z,sell,8e-05,141.0,0.01128
GVT/BTC,1611273738130,2021-01-22T00:02:18.130Z,sell,8e-05,3.38,0.0002704
GVT/BTC,1611273738859,2021-01-22T00:02:18.859Z,sell,8e-05,83.94,0.0067152
GVT/BTC,1611273837911,2021-01-22T00:03:57.911Z,sell,8e-05,6.99,0.0005592
GVT/BTC,1611273894356,2021-01-22T00:04:54.356Z,sell,8e-05,151.5,0.01212
GVT/BTC,1611273894356,2021-01-22T00:04:54.356Z,sell,7.94e-05,62.97,0.0049998180000000005
GVT/BTC,1611273894356,2021-01-22T00:04:54.356Z,sell,7.93e-05,985.53,0.078152529
GVT/BTC,1611273909231,2021-01-22T00:05:09.231Z,sell,7.9e-05,20.74,0.0016384599999999998
GVT/BTC,1611273909231,2021-01-22T00:05:09.231Z,sell,7.85e-05,46.78,0.00367223
GVT/BTC,1611273909283,2021-01-22T00:05:09.283Z,buy,7.85e-05,32.48,0.0025496799999999995
GVT/BTC,1611273909682,2021-01-22T00:05:09.682Z,buy,7.89e-05,1.5,0.00011834999999999999
GVT/BTC,1611273912104,2021-01-22T00:05:12.104Z,buy,7.89e-05,83.15,0.006560535
GVT/BTC,1611273917142,2021-01-22T00:05:17.142Z,buy,7.89e-05,57.97,0.004573832999999999
GVT/BTC,1611273934469,2021-01-22T00:05:34.469Z,buy,7.89e-05,96.11,0.0075830789999999995
GVT/BTC,1611273934469,2021-01-22T00:05:34.469Z,buy,7.9e-05,39.21,0.00309759
GVT/BTC,1611273935283,2021-01-22T00:05:35.283Z,buy,7.9e-05,104.49,0.008254709999999998
GVT/BTC,1611273937872,2021-01-22T00:05:37.872Z,buy,7.9e-05,67.21,0.0053095899999999994
GVT/BTC,1611273971902,2021-01-22T00:06:11.902Z,buy,7.9e-05,293.59,0.023193609999999996
GVT/BTC,1611274029635,2021-01-22T00:07:09.635Z,sell,7.88e-05,94.39,0.007437932
GVT/BTC,1611274145194,2021-01-22T00:09:05.194Z,buy,7.9e-05,25.31,0.0019994899999999996
GVT/BTC,1611274160149,2021-01-22T00:09:20.149Z,buy,7.9e-05,33.1,0.0026149
GVT/BTC,1611274175668,2021-01-22T00:09:35.668Z,buy,7.95e-05,65.98,0.00524541
GVT/BTC,1611274707927,2021-01-22T00:18:27.927Z,sell,7.95e-05,173.43,0.013787685
GVT/BTC,1611274768913,2021-01-22T00:19:28.913Z,sell,7.95e-05,12.02,0.0009555899999999999
GVT/BTC,1611274768913,2021-01-22T00:19:28.913Z,sell,7.92e-05,4.84,0.000383328
GVT/BTC,1611274987221,2021-01-22T00:23:07.221Z,sell,7.99e-05,14.44,0.001153756
GVT/BTC,1611275006759,2021-01-22T00:23:26.759Z,sell,7.99e-05,164.04,0.013106796
GVT/BTC,1611275048086,2021-01-22T00:24:08.086Z,sell,7.99e-05,1.27,0.00010147300000000001
GVT/BTC,1611275048323,2021-01-22T00:24:08.323Z,sell,7.99e-05,59.79,0.004777221
GVT/BTC,1611275048461,2021-01-22T00:24:08.461Z,sell,7.98e-05,49.95,0.00398601
GVT/BTC,1611275057250,2021-01-22T00:24:17.250Z,sell,7.96e-05,83.06,0.006611576
GVT/BTC,1611275135090,2021-01-22T00:25:35.090Z,sell,7.96e-05,276.12,0.021979152
GVT/BTC,1611275240639,2021-01-22T00:27:20.639Z,sell,7.97e-05,572.34,0.045615498000000004
GVT/BTC,1611275268744,2021-01-22T00:27:48.744Z,sell,7.97e-05,52.29,0.004167513
GVT/BTC,1611275269182,2021-01-22T00:27:49.182Z,sell,7.97e-05,286.41,0.022826877000000002
GVT/BTC,1611275269182,2021-01-22T00:27:49.182Z,sell,7.96e-05,928.71,0.073925316
GVT/BTC,1611275269182,2021-01-22T00:27:49.182Z,sell,7.95e-05,674.34,0.053610029999999996
GVT/BTC,1611275269182,2021-01-22T00:27:49.182Z,sell,7.92e-05,751.74,0.059537808000000005
GVT/BTC,1611275284315,2021-01-22T00:28:04.315Z,buy,7.97e-05,1.35,0.000107595
GVT/BTC,1611275377061,2021-01-22T00:29:37.061Z,sell,7.89e-05,1.36,0.000107304
GVT/BTC,1611275377061,2021-01-22T00:29:37.061Z,sell,7.88e-05,55.12,0.004343456
GVT/BTC,1611275468628,2021-01-22T00:31:08.628Z,sell,7.88e-05,33.97,0.002676836
GVT/BTC,1611275502329,2021-01-22T00:31:42.329Z,sell,7.88e-05,3210.77,0.253008676
GVT/BTC,1611275502479,2021-01-22T00:31:42.479Z,sell,7.88e-05,300.21,0.023656548
GVT/BTC,1611275611801,2021-01-22T00:33:31.801Z,sell,7.88e-05,68.86,0.005426168
GVT/BTC,1611275612107,2021-01-22T00:33:32.107Z,sell,7.88e-05,1660.0,0.130808
GVT/BTC,1611275635639,2021-01-22T00:33:55.639Z,sell,7.88e-05,1.36,0.00010716800000000001
GVT/BTC,1611275815110,2021-01-22T00:36:55.110Z,buy,7.88e-05,18.64,0.0014688320000000002
GVT/BTC,1611275815110,2021-01-22T00:36:55.110Z,buy,7.89e-05,120.0,0.009467999999999999
GVT/BTC,1611275815110,2021-01-22T00:36:55.110Z,buy,7.9e-05,249.1,0.0196789
GVT/BTC,1611275815110,2021-01-22T00:36:55.110Z,buy,7.91e-05,111.45,0.008815695
GVT/BTC,1611276004523,2021-01-22T00:40:04.523Z,sell,7.81e-05,6.71,0.000524051
GVT/BTC,1611276004523,2021-01-22T00:40:04.523Z,sell,7.8e-05,148.0,0.011544
GVT/BTC,1611276004523,2021-01-22T00:40:04.523Z,sell,7.79e-05,70.39,0.005483381
GVT/BTC,1611276004523,2021-01-22T00:40:04.523Z,sell,7.79e-05,244.35,0.019034864999999998
GVT/BTC,1611276129837,2021-01-22T00:42:09.837Z,buy,7.8e-05,84.36,0.0065800799999999994
GVT/BTC,1611276201376,2021-01-22T00:43:21.376Z,sell,7.79e-05,1.29,0.000100491
GVT/BTC,1611276201376,2021-01-22T00:43:21.376Z,sell,7.77e-05,1.67,0.00012975900000000002
GVT/BTC,1611276201376,2021-01-22T00:43:21.376Z,sell,7.77e-05,34.42,0.0026744340000000003
GVT/BTC,1611276201376,2021-01-22T00:43:21.376Z,sell,7.77e-05,103.29,0.008025633
GVT/BTC,1611276201376,2021-01-22T00:43:21.376Z,sell,7.77e-05,198.86,0.015451422000000003
GVT/BTC,1611276276370,2021-01-22T00:44:36.370Z,buy,7.84e-05,1.8,0.00014112
GVT/BTC,1611276348573,2021-01-22T00:45:48.573Z,buy,7.82e-05,245.43,0.019192626
GVT/BTC,1611276348573,2021-01-22T00:45:48.573Z,buy,7.83e-05,35.13,0.0027506790000000002
GVT/BTC,1611276348623,2021-01-22T00:45:48.623Z,sell,7.83e-05,84.36,0.006605388
GVT/BTC,1611276353773,2021-01-22T00:45:53.773Z,sell,7.83e-05,18.22,0.001426626
GVT/BTC,1611276392763,2021-01-22T00:46:32.763Z,sell,7.76e-05,7.09,0.000550184
GVT/BTC,1611276548140,2021-01-22T00:49:08.140Z,sell,7.79e-05,125.91,0.009808388999999999
GVT/BTC,1611276548140,2021-01-22T00:49:08.140Z,sell,7.78e-05,35.55,0.0027657899999999997
GVT/BTC,1611276548140,2021-01-22T00:49:08.140Z,sell,7.77e-05,117.63,0.009139851000000001
GVT/BTC,1611276548140,2021-01-22T00:49:08.140Z,sell,7.76e-05,196.91,0.015280216000000001
GVT/BTC,1611276548209,2021-01-22T00:49:08.209Z,buy,7.76e-05,196.23,0.015227448
GVT/BTC,1611276614251,2021-01-22T00:50:14.251Z,sell,7.8e-05,35.55,0.0027728999999999996
GVT/BTC,1611276744116,2021-01-22T00:52:24.116Z,buy,7.87e-05,91.36,0.007190032
GVT/BTC,1611276954966,2021-01-22T00:55:54.966Z,sell,7.81e-05,39.25,0.003065425
GVT/BTC,1611276954966,2021-01-22T00:55:54.966Z,sell,7.8e-05,120.0,0.00936
GVT/BTC,1611276954966,2021-01-22T00:55:54.966Z,sell,7.79e-05,913.89,0.07119203099999999
GVT/BTC,1611277029465,2021-01-22T00:57:09.465Z,buy,7.87e-05,1.29,0.00010152300000000001
GVT/BTC,1611277029465,2021-01-22T00:57:09.465Z,buy,7.87e-05,1.29,0.00010152300000000001
GVT/BTC,1611277067726,2021-01-22T00:57:47.726Z,buy,7.9e-05,3.81,0.00030099
GVT/BTC,1611277070812,2021-01-22T00:57:50.812Z,buy,7.9e-05,120.0,0.009479999999999999
GVT/BTC,1611277070812,2021-01-22T00:57:50.812Z,buy,7.91e-05,1180.0,0.093338
GVT/BTC,1611277090205,2021-01-22T00:58:10.205Z,buy,7.91e-05,256.46,0.020285986
GVT/BTC,1611277090521,2021-01-22T00:58:10.521Z,sell,7.91e-05,33.54,0.002653014
GVT/BTC,1611277107986,2021-01-22T00:58:27.986Z,buy,7.92e-05,872.27,0.069083784
GVT/BTC,1611277222115,2021-01-22T01:00:22.115Z,buy,7.91e-05,32.13,0.002541483
GVT/BTC,1611277224647,2021-01-22T01:00:24.647Z,buy,7.9e-05,16.08,0.0012703199999999997
GVT/BTC,1611277335212,2021-01-22T01:02:15.212Z,sell,7.84e-05,80.39,0.006302576
GVT/BTC,1611277388021,2021-01-22T01:03:08.021Z,sell,7.83e-05,5.09,0.000398547
GVT/BTC,1611277509945,2021-01-22T01:05:09.945Z,sell,7.83e-05,82.3,0.00644409
GVT/BTC,1611277780120,2021-01-22T01:09:40.120Z,buy,7.85e-05,32.44,0.00254654
GVT/BTC,1611277781714,2021-01-22T01:09:41.714Z,buy,7.85e-05,83.57,0.006560244999999999
GVT/BTC,1611277802143,2021-01-22T01:10:02.143Z,buy,7.85e-05,82.19,0.006451915
GVT/BTC,1611277802992,2021-01-22T01:10:02.992Z,buy,7.85e-05,78.8,0.0061858
GVT/BTC,1611277877775,2021-01-22T01:11:17.775Z,buy,7.84e-05,7.03,0.000551152
GVT/BTC,1611277899397,2021-01-22T01:11:39.397Z,buy,7.84e-05,2.0,0.0001568
GVT/BTC,1611277920497,2021-01-22T01:12:00.497Z,buy,7.84e-05,5.11,0.000400624
GVT/BTC,1611277924693,2021-01-22T01:12:04.693Z,sell,7.82e-05,149.95,0.01172609
GVT/BTC,1611277940010,2021-01-22T01:12:20.010Z,sell,7.82e-05,420.68,0.032897176
GVT/BTC,1611277987917,2021-01-22T01:13:07.917Z,buy,7.82e-05,1.28,0.00010009600000000001
GVT/BTC,1611278240880,2021-01-22T01:17:20.880Z,sell,7.81e-05,384.12,0.029999772
GVT/BTC,1611278254091,2021-01-22T01:17:34.091Z,sell,7.77e-05,16.86,0.001310022
GVT/BTC,1611278254091,2021-01-22T01:17:34.091Z,sell,7.75e-05,310.36,0.024052900000000002
GVT/BTC,1611278254091,2021-01-22T01:17:34.091Z,sell,7.75e-05,5.0,0.0003875
GVT/BTC,1611278336771,2021-01-22T01:18:56.771Z,sell,7.74e-05,3.17,0.000245358
GVT/BTC,1611278336771,2021-01-22T01:18:56.771Z,sell,7.73e-05,226.85,0.017535505
GVT/BTC,1611278336771,2021-01-22T01:18:56.771Z,sell,7.72e-05,689.86,0.05325719200000001
GVT/BTC,1611278351277,2021-01-22T01:19:11.277Z,buy,7.75e-05,81.84,0.0063426
GVT/BTC,1611278351277,2021-01-22T01:19:11.277Z,buy,7.77e-05,32.38,0.0025159260000000004
GVT/BTC,1611278353625,2021-01-22T01:19:13.625Z,buy,7.8e-05,2.94,0.00022931999999999998
GVT/BTC,1611278354516,2021-01-22T01:19:14.516Z,buy,7.81e-05,2.94,0.000229614
GVT/BTC,1611278407154,2021-01-22T01:20:07.154Z,sell,7.75e-05,1.3,0.00010075000000000001
GVT/BTC,1611278407154,2021-01-22T01:20:07.154Z,sell,7.74e-05,146.1,0.01130814
GVT/BTC,1611278422891,2021-01-22T01:20:22.891Z,sell,7.75e-05,27.28,0.0021142
GVT/BTC,1611278940670,2021-01-22T01:29:00.670Z,buy,7.76e-05,108.41,0.008412616
GVT/BTC,1611278941682,2021-01-22T01:29:01.682Z,buy,7.77e-05,193.0,0.014996100000000002
GVT/BTC,1611279001579,2021-01-22T01:30:01.579Z,sell,7.76e-05,41.45,0.0032165200000000005
GVT/BTC,1611279017326,2021-01-22T01:30:17.326Z,buy,7.81e-05,178.56,0.013945536
GVT/BTC,1611279017326,2021-01-22T01:30:17.326Z,buy,7.85e-05,120.0,0.00942
GVT/BTC,1611279017326,2021-01-22T01:30:17.326Z,buy,7.86e-05,555.94,0.043696884000000005
GVT/BTC,1611279264195,2021-01-22T01:34:24.195Z,buy,7.85e-05,7.52,0.00059032
GVT/BTC,1611279282202,2021-01-22T01:34:42.202Z,sell,7.81e-05,11.13,0.0008692530000000001
GVT/BTC,1611279525126,2021-01-22T01:38:45.126Z,buy,7.85e-05,24.66,0.00193581
GVT/BTC,1611279728615,2021-01-22T01:42:08.615Z,sell,7.83e-05,1529.58,0.119766114
GVT/BTC,1611279728615,2021-01-22T01:42:08.615Z,sell,7.82e-05,203.81,0.015937942
GVT/BTC,1611279782206,2021-01-22T01:43:02.206Z,buy,7.82e-05,147.61,0.011543102000000001
GVT/BTC,1611279783069,2021-01-22T01:43:03.069Z,buy,7.82e-05,87.02,0.006804964
GVT/BTC,1611279900583,2021-01-22T01:45:00.583Z,buy,7.82e-05,5.36,0.00041915200000000006
GVT/BTC,1611279932771,2021-01-22T01:45:32.771Z,sell,7.81e-05,1091.16,0.08521959600000001
GVT/BTC,1611279946490,2021-01-22T01:45:46.490Z,buy,7.82e-05,47.99,0.003752818
GVT/BTC,1611280072974,2021-01-22T01:47:52.974Z,buy,7.82e-05,45.71,0.003574522
GVT/BTC,1611280092981,2021-01-22T01:48:12.981Z,buy,7.82e-05,1.32,0.00010322400000000001
GVT/BTC,1611280151896,2021-01-22T01:49:11.896Z,sell,7.82e-05,72.42,0.0056632440000000004
GVT/BTC,1611280396099,2021-01-22T01:53:16.099Z,buy,7.84e-05,15.85,0.00124264
GVT/BTC,1611280484020,2021-01-22T01:54:44.020Z,buy,7.84e-05,30.0,0.002352
GVT/BTC,1611280539597,2021-01-22T01:55:39.597Z,buy,7.84e-05,31.78,0.0024915519999999997
GVT/BTC,1611280539597,2021-01-22T01:55:39.597Z,buy,7.84e-05,31.78,0.0024915519999999997
GVT/BTC,1611280862213,2021-01-22T02:01:02.213Z,buy,7.84e-05,637.56,0.04998470399999999
GVT/BTC,1611280864558,2021-01-22T02:01:04.558Z,buy,7.84e-05,20.49,0.0016064159999999998
GVT/BTC,1611280905494,2021-01-22T02:01:45.494Z,buy,7.85e-05,68.7,0.00539295
GVT/BTC,1611281021206,2021-01-22T02:03:41.206Z,buy,7.85e-05,114.04,0.00895214
GVT/BTC,1611281021206,2021-01-22T02:03:41.206Z,buy,7.9e-05,120.0,0.009479999999999999
GVT/BTC,1611281021206,2021-01-22T02:03:41.206Z,buy,7.91e-05,113.52,0.008979431999999999
GVT/BTC,1611281077806,2021-01-22T02:04:37.806Z,buy,7.89e-05,1.28,0.000100992
GVT/BTC,1611281077806,2021-01-22T02:04:37.806Z,buy,7.9e-05,33.93,0.00268047
GVT/BTC,1611281160258,2021-01-22T02:06:00.258Z,sell,7.91e-05,119.85,0.009480134999999999
GVT/BTC,1611281221333,2021-01-22T02:07:01.333Z,buy,7.91e-05,93.0,0.0073563
GVT/BTC,1611281346109,2021-01-22T02:09:06.109Z,buy,7.91e-05,1.28,0.000101248
GVT/BTC,1611281374021,2021-01-22T02:09:34.021Z,sell,7.9e-05,35.76,0.0028250399999999996
GVT/BTC,1611281438464,2021-01-22T02:10:38.464Z,sell,7.9e-05,104.29,0.00823891
GVT/BTC,1611281761248,2021-01-22T02:16:01.248Z,sell,7.9e-05,76.61,0.00605219
GVT/BTC,1611281761478,2021-01-22T02:16:01.478Z,sell,7.9e-05,71.56,0.0056532399999999995
GVT/BTC,1611281788475,2021-01-22T02:16:28.475Z,sell,7.89e-05,37.84,0.002985576
GVT/BTC,1611281914386,2021-01-22T02:18:34.386Z,buy,7.91e-05,1.52,0.000120232
GVT/BTC,1611281984158,2021-01-22T02:19:44.158Z,sell,7.89e-05,126.4,0.00997296
GVT/BTC,1611281984170,2021-01-22T02:19:44.170Z,sell,7.89e-05,326.07,0.025726923
GVT/BTC,1611282002275,2021-01-22T02:20:02.275Z,sell,7.89e-05,6.11,0.000482079
GVT/BTC,1611282086168,2021-01-22T02:21:26.168Z,sell,7.89e-05,23.64,0.001865196
GVT/BTC,1611282394011,2021-01-22T02:26:34.011Z,sell,7.85e-05,203.21,0.015951985
GVT/BTC,1611282465693,2021-01-22T02:27:45.693Z,buy,7.88e-05,270.41,0.021308308
GVT/BTC,1611283312402,2021-01-22T02:41:52.402Z,sell,7.88e-05,39.04,0.003076352
GVT/BTC,1611283731780,2021-01-22T02:48:51.780Z,sell,7.87e-05,373.62,0.029403894
GVT/BTC,1611283746550,2021-01-22T02:49:06.550Z,sell,7.87e-05,30.76,0.002420812
GVT/BTC,1611283835764,2021-01-22T02:50:35.764Z,sell,7.87e-05,50.0,0.003935
GVT/BTC,1611283972931,2021-01-22T02:52:52.931Z,buy,7.89e-05,55.66,0.004391574
GVT/BTC,1611283980364,2021-01-22T02:53:00.364Z,buy,7.89e-05,5.22,0.00041185799999999997
GVT/BTC,1611283982299,2021-01-22T02:53:02.299Z,buy,7.89e-05,55.0,0.0043395
GVT/BTC,1611283982299,2021-01-22T02:53:02.299Z,buy,7.89e-05,55.0,0.0043395
GVT/BTC,1611284172420,2021-01-22T02:56:12.420Z,buy,7.94e-05,48.67,0.0038643980000000002
GVT/BTC,1611284172420,2021-01-22T02:56:12.420Z,buy,7.95e-05,54.53,0.0043351349999999995
GVT/BTC,1611284205332,2021-01-22T02:56:45.332Z,buy,7.96e-05,9.0,0.0007164
GVT/BTC,1611284329968,2021-01-22T02:58:49.968Z,buy,7.95e-05,1.28,0.00010176
GVT/BTC,1611284450159,2021-01-22T03:00:50.159Z,sell,7.94e-05,187.36,0.014876384000000003
GVT/BTC,1611284738060,2021-01-22T03:05:38.060Z,buy,7.98e-05,121.28,0.009678144
GVT/BTC,1611284738060,2021-01-22T03:05:38.060Z,buy,7.99e-05,78.94,0.006307306
GVT/BTC,1611284834750,2021-01-22T03:07:14.750Z,buy,7.99e-05,1.27,0.00010147300000000001
GVT/BTC,1611284967108,2021-01-22T03:09:27.108Z,sell,7.98e-05,72.3,0.00576954
GVT/BTC,1611284970252,2021-01-22T03:09:30.252Z,sell,7.93e-05,100.32,0.007955376
GVT/BTC,1611285024055,2021-01-22T03:10:24.055Z,sell,7.92e-05,84.14,0.006663888
GVT/BTC,1611285438982,2021-01-22T03:17:18.982Z,sell,7.93e-05,50.0,0.003965
GVT/BTC,1611285445586,2021-01-22T03:17:25.586Z,sell,7.93e-05,135.32,0.010730876
GVT/BTC,1611285481658,2021-01-22T03:18:01.658Z,sell,7.93e-05,43.14,0.0034210020000000002
GVT/BTC,1611285483565,2021-01-22T03:18:03.565Z,sell,7.92e-05,23.27,0.001842984
GVT/BTC,1611285488939,2021-01-22T03:18:08.939Z,buy,7.93e-05,50.06,0.003969758
GVT/BTC,1611285549243,2021-01-22T03:19:09.243Z,sell,7.92e-05,49.95,0.00395604
GVT/BTC,1611285588873,2021-01-22T03:19:48.873Z,buy,7.93e-05,50.04,0.003968172
GVT/BTC,1611285666379,2021-01-22T03:21:06.379Z,buy,7.93e-05,3.0,0.0002379
GVT/BTC,1611285693342,2021-01-22T03:21:33.342Z,buy,7.93e-05,1.3,0.00010309
GVT/BTC,1611286041464,2021-01-22T03:27:21.464Z,buy,7.94e-05,267.26,0.021220444
GVT/BTC,1611286364077,2021-01-22T03:32:44.077Z,buy,7.94e-05,6.23,0.0004946620000000001
GVT/BTC,1611286816234,2021-01-22T03:40:16.234Z,sell,7.92e-05,36.06,0.002855952
GVT/BTC,1611286816234,2021-01-22T03:40:16.234Z,sell,7.91e-05,2.53,0.00020012299999999997
GVT/BTC,1611286863067,2021-01-22T03:41:03.067Z,sell,7.9e-05,33.11,0.00261569
GVT/BTC,1611286868844,2021-01-22T03:41:08.844Z,sell,7.9e-05,107.63,0.00850277
GVT/BTC,1611287089253,2021-01-22T03:44:49.253Z,buy,7.91e-05,3.7,0.00029267000000000003
GVT/BTC,1611287099393,2021-01-22T03:44:59.393Z,buy,7.91e-05,11.52,0.000911232
GVT/BTC,1611287181097,2021-01-22T03:46:21.097Z,buy,7.91e-05,105.61,0.008353751
GVT/BTC,1611287192603,2021-01-22T03:46:32.603Z,buy,7.91e-05,39.14,0.003095974
GVT/BTC,1611287192603,2021-01-22T03:46:32.603Z,buy,7.92e-05,277.31,0.021962952
GVT/BTC,1611287216307,2021-01-22T03:46:56.307Z,buy,7.91e-05,3.82,0.00030216199999999997
GVT/BTC,1611287283365,2021-01-22T03:48:03.365Z,buy,7.92e-05,19.17,0.001518264
GVT/BTC,1611287421500,2021-01-22T03:50:21.500Z,buy,7.96e-05,372.13,0.029621547999999998
GVT/BTC,1611287421500,2021-01-22T03:50:21.500Z,buy,7.99e-05,2.57,0.000205343
GVT/BTC,1611287421500,2021-01-22T03:50:21.500Z,buy,8e-05,5.5,0.00044
GVT/BTC,1611287421500,2021-01-22T03:50:21.500Z,buy,8.01e-05,1.28,0.00010252799999999999
GVT/BTC,1611287421500,2021-01-22T03:50:21.500Z,buy,8.02e-05,81.71,0.006553142
GVT/BTC,1611287434870,2021-01-22T03:50:34.870Z,buy,8.02e-05,1.26,0.000101052
GVT/BTC,1611287434870,2021-01-22T03:50:34.870Z,buy,8.02e-05,1.26,0.000101052
GVT/BTC,1611287963842,2021-01-22T03:59:23.842Z,sell,7.99e-05,1.26,0.000100674
GVT/BTC,1611287963842,2021-01-22T03:59:23.842Z,sell,7.99e-05,2.84,0.000226916
GVT/BTC,1611287963842,2021-01-22T03:59:23.842Z,sell,7.99e-05,1.65,0.000131835
GVT/BTC,1611287978868,2021-01-22T03:59:38.868Z,buy,8.02e-05,1.27,0.000101854
GVT/BTC,1611287978868,2021-01-22T03:59:38.868Z,buy,8.08e-05,80.64,0.006515712
GVT/BTC,1611287978868,2021-01-22T03:59:38.868Z,buy,8.09e-05,217.57,0.017601413
GVT/BTC,1611287979198,2021-01-22T03:59:39.198Z,buy,8.02e-05,303.08,0.024307015999999997
GVT/BTC,1611287996141,2021-01-22T03:59:56.141Z,buy,8.02e-05,4.84,0.000388168
GVT/BTC,1611288085433,2021-01-22T04:01:25.433Z,buy,8.08e-05,19.34,0.001562672
GVT/BTC,1611288103397,2021-01-22T04:01:43.397Z,buy,8.08e-05,28.01,0.002263208
GVT/BTC,1611288135195,2021-01-22T04:02:15.195Z,buy,8.09e-05,1.25,0.000101125
GVT/BTC,1611288158068,2021-01-22T04:02:38.068Z,buy,8.09e-05,7.42,0.000600278
GVT/BTC,1611288159630,2021-01-22T04:02:39.630Z,sell,8.02e-05,7.51,0.000602302
GVT/BTC,1611288180679,2021-01-22T04:03:00.679Z,buy,8.02e-05,24.12,0.0019344240000000001
GVT/BTC,1611288198685,2021-01-22T04:03:18.685Z,sell,8.03e-05,109.63,0.008803288999999999
GVT/BTC,1611288265455,2021-01-22T04:04:25.455Z,sell,8.02e-05,79.35,0.00636387
GVT/BTC,1611288266461,2021-01-22T04:04:26.461Z,sell,8.01e-05,2.5,0.00020025
GVT/BTC,1611288306455,2021-01-22T04:05:06.455Z,sell,7.99e-05,109.45,0.008745055
GVT/BTC,1611288388246,2021-01-22T04:06:28.246Z,buy,8.01e-05,3.0,0.00024029999999999999
GVT/BTC,1611288396690,2021-01-22T04:06:36.690Z,buy,8.01e-05,2.0,0.0001602
GVT/BTC,1611288497439,2021-01-22T04:08:17.439Z,buy,8.01e-05,23.0,0.0018422999999999998
GVT/BTC,1611288868614,2021-01-22T04:14:28.614Z,sell,7.97e-05,3.0,0.0002391
GVT/BTC,1611288868614,2021-01-22T04:14:28.614Z,sell,7.96e-05,71.93,0.005725628
GVT/BTC,1611288868614,2021-01-22T04:14:28.614Z,sell,7.95e-05,65.13,0.0051778349999999996
GVT/BTC,1611289279689,2021-01-22T04:21:19.689Z,buy,7.98e-05,1.83,0.00014603400000000002
GVT/BTC,1611289344916,2021-01-22T04:22:24.916Z,buy,7.98e-05,70.1,0.005593979999999999
GVT/BTC,1611289344916,2021-01-22T04:22:24.916Z,buy,7.99e-05,119.9,0.009580010000000002
GVT/BTC,1611289384927,2021-01-22T04:23:04.927Z,buy,8e-05,327.31,0.0261848
GVT/BTC,1611289446421,2021-01-22T04:24:06.421Z,buy,8.02e-05,99.85,0.00800797
GVT/BTC,1611289446421,2021-01-22T04:24:06.421Z,buy,8.05e-05,80.72,0.0064979600000000005
GVT/BTC,1611289446421,2021-01-22T04:24:06.421Z,buy,8.06e-05,127.96,0.010313575999999998
GVT/BTC,1611289538327,2021-01-22T04:25:38.327Z,buy,8.06e-05,2.67,0.00021520199999999998
GVT/BTC,1611289754692,2021-01-22T04:29:14.692Z,sell,8e-05,1.3,0.00010400000000000001
GVT/BTC,1611289754692,2021-01-22T04:29:14.692Z,sell,7.99e-05,1.37,0.00010946300000000002
GVT/BTC,1611289828829,2021-01-22T04:30:28.829Z,sell,7.99e-05,20.0,0.001598
GVT/BTC,1611290016465,2021-01-22T04:33:36.465Z,buy,8.06e-05,390.55,0.03147833
GVT/BTC,1611290196794,2021-01-22T04:36:36.794Z,buy,8.06e-05,60.22,0.0048537319999999995
GVT/BTC,1611290258234,2021-01-22T04:37:38.234Z,buy,8.06e-05,59.27,0.004777162
GVT/BTC,1611290258314,2021-01-22T04:37:38.314Z,sell,8.06e-05,134.77,0.010862462
GVT/BTC,1611290308178,2021-01-22T04:38:28.178Z,buy,8.06e-05,1.25,0.00010075
GVT/BTC,1611290309172,2021-01-22T04:38:29.172Z,buy,8.09e-05,2.16,0.000174744
GVT/BTC,1611290325453,2021-01-22T04:38:45.453Z,buy,8.09e-05,2.0,0.0001618
GVT/BTC,1611290356867,2021-01-22T04:39:16.867Z,buy,8.09e-05,1.3,0.00010517000000000001
GVT/BTC,1611290463832,2021-01-22T04:41:03.832Z,buy,8.1e-05,3.0,0.000243
GVT/BTC,1611290475461,2021-01-22T04:41:15.461Z,sell,8.04e-05,91.36,0.007345344
GVT/BTC,1611290475493,2021-01-22T04:41:15.493Z,buy,8.1e-05,1.3,0.00010530000000000001
GVT/BTC,1611290592185,2021-01-22T04:43:12.185Z,sell,8.07e-05,90.39,0.007294473
GVT/BTC,1611290610627,2021-01-22T04:43:30.627Z,sell,8.07e-05,122.3,0.00986961
GVT/BTC,1611290657589,2021-01-22T04:44:17.589Z,sell,8.07e-05,10.66,0.000860262
GVT/BTC,1611290657589,2021-01-22T04:44:17.589Z,sell,8.07e-05,10.66,0.000860262
GVT/BTC,1611291181439,2021-01-22T04:53:01.439Z,sell,8.07e-05,5.39,0.00043497299999999996
GVT/BTC,1611291280942,2021-01-22T04:54:40.942Z,sell,8.07e-05,18.14,0.001463898
GVT/BTC,1611291408805,2021-01-22T04:56:48.805Z,sell,8e-05,100.0,0.008
GVT/BTC,1611291425915,2021-01-22T04:57:05.915Z,buy,8.06e-05,9.57,0.000771342
GVT/BTC,1611291441396,2021-01-22T04:57:21.396Z,buy,8.06e-05,1.86,0.000149916
GVT/BTC,1611291540468,2021-01-22T04:59:00.468Z,buy,8.06e-05,5.2,0.00041912
GVT/BTC,1611291689143,2021-01-22T05:01:29.143Z,sell,8e-05,23.37,0.0018696000000000001
GVT/BTC,1611291783557,2021-01-22T05:03:03.557Z,buy,8e-05,23.37,0.0018696000000000001
GVT/BTC,1611291953421,2021-01-22T05:05:53.421Z,buy,8e-05,163.92,0.0131136
GVT/BTC,1611291953421,2021-01-22T05:05:53.421Z,buy,8.01e-05,85.97,0.006886196999999999
GVT/BTC,1611292297269,2021-01-22T05:11:37.269Z,buy,8.01e-05,144.28,0.011556828
GVT/BTC,1611292297269,2021-01-22T05:11:37.269Z,buy,8.05e-05,2.73,0.00021976500000000002
GVT/BTC,1611292297269,2021-01-22T05:11:37.269Z,buy,8.06e-05,1194.93,0.096311358
GVT/BTC,1611292768270,2021-01-22T05:19:28.270Z,buy,8.06e-05,14.85,0.0011969099999999998
GVT/BTC,1611293316742,2021-01-22T05:28:36.742Z,buy,8.05e-05,1.26,0.00010143000000000001
GVT/BTC,1611293347937,2021-01-22T05:29:07.937Z,buy,8.05e-05,1.25,0.000100625
GVT/BTC,1611293357646,2021-01-22T05:29:17.646Z,sell,8e-05,48.18,0.0038544000000000004
GVT/BTC,1611293604629,2021-01-22T05:33:24.629Z,buy,8.01e-05,48.18,0.0038592179999999998
GVT/BTC,1611293604629,2021-01-22T05:33:24.629Z,buy,8.02e-05,1690.0,0.135538
GVT/BTC,1611293604629,2021-01-22T05:33:24.629Z,buy,8.04e-05,660.96,0.05314118400000001
GVT/BTC,1611293945067,2021-01-22T05:39:05.067Z,buy,8.07e-05,25.52,0.002059464
GVT/BTC,1611293946285,2021-01-22T05:39:06.285Z,buy,8.07e-05,300.55,0.024254385
GVT/BTC,1611294018841,2021-01-22T05:40:18.841Z,buy,8.07e-05,14.63,0.001180641
GVT/BTC,1611294018841,2021-01-22T05:40:18.841Z,buy,8.07e-05,14.63,0.001180641
GVT/BTC,1611294737285,2021-01-22T05:52:17.285Z,buy,8.07e-05,15.94,0.0012863579999999998
GVT/BTC,1611295089653,2021-01-22T05:58:09.653Z,sell,8.04e-05,385.34,0.030981335999999998
GVT/BTC,1611295089878,2021-01-22T05:58:09.878Z,sell,8.04e-05,19.68,0.001582272
GVT/BTC,1611295446654,2021-01-22T06:04:06.654Z,buy,8.05e-05,25.4,0.0020447
GVT/BTC,1611295449103,2021-01-22T06:04:09.103Z,buy,8.05e-05,53.88,0.00433734
GVT/BTC,1611295708994,2021-01-22T06:08:28.994Z,buy,8.05e-05,50.0,0.004025
GVT/BTC,1611295885546,2021-01-22T06:11:25.546Z,buy,8.05e-05,660.2,0.05314610000000001
GVT/BTC,1611295892029,2021-01-22T06:11:32.029Z,sell,8.04e-05,332.32,0.026718528000000002
GVT/BTC,1611295982591,2021-01-22T06:13:02.591Z,sell,8.04e-05,75.52,0.006071808
GVT/BTC,1611296148887,2021-01-22T06:15:48.887Z,sell,8.04e-05,68.6,0.00551544
GVT/BTC,1611296220727,2021-01-22T06:17:00.727Z,sell,8.04e-05,5.64,0.000453456
GVT/BTC,1611296275412,2021-01-22T06:17:55.412Z,sell,8.04e-05,4.37,0.000351348
GVT/BTC,1611297111438,2021-01-22T06:31:51.438Z,buy,8.05e-05,115.71,0.009314655
GVT/BTC,1611297143966,2021-01-22T06:32:23.966Z,buy,8.05e-05,2.9,0.00023345
GVT/BTC,1611297279076,2021-01-22T06:34:39.076Z,buy,8.05e-05,7.46,0.00060053
GVT/BTC,1611297279124,2021-01-22T06:34:39.124Z,buy,8.05e-05,12.43,0.001000615
GVT/BTC,1611297279197,2021-01-22T06:34:39.197Z,buy,8.05e-05,12.43,0.001000615
GVT/BTC,1611297279550,2021-01-22T06:34:39.550Z,buy,8.05e-05,62.12,0.0050006600000000005
GVT/BTC,1611297279589,2021-01-22T06:34:39.589Z,buy,8.05e-05,2.12,0.00017066000000000002
GVT/BTC,1611297279623,2021-01-22T06:34:39.623Z,buy,8.05e-05,3.86,0.00031073
GVT/BTC,1611297401440,2021-01-22T06:36:41.440Z,buy,8.05e-05,21.16,0.0017033800000000002
GVT/BTC,1611297442235,2021-01-22T06:37:22.235Z,sell,8.04e-05,9.0,0.0007236
GVT/BTC,1611297470809,2021-01-22T06:37:50.809Z,buy,8.05e-05,1620.49,0.130449445
GVT/BTC,1611297548468,2021-01-22T06:39:08.468Z,buy,8.08e-05,1.25,0.000101
GVT/BTC,1611297574919,2021-01-22T06:39:34.919Z,buy,8.1e-05,433.27,0.03509487
GVT/BTC,1611297575782,2021-01-22T06:39:35.782Z,buy,8.1e-05,1.25,0.00010125000000000001
GVT/BTC,1611297578030,2021-01-22T06:39:38.030Z,buy,8.1e-05,1.25,0.00010125000000000001
GVT/BTC,1611297578030,2021-01-22T06:39:38.030Z,buy,8.1e-05,1.25,0.00010125000000000001
GVT/BTC,1611297662110,2021-01-22T06:41:02.110Z,buy,8.1e-05,19.46,0.0015762600000000001
GVT/BTC,1611297792007,2021-01-22T06:43:12.007Z,buy,8.1e-05,1.25,0.00010125000000000001
GVT/BTC,1611298021527,2021-01-22T06:47:01.527Z,buy,8.11e-05,59.76,0.004846536
GVT/BTC,1611298562560,2021-01-22T06:56:02.560Z,buy,8.11e-05,75.23,0.006101153000000001
GVT/BTC,1611298562560,2021-01-22T06:56:02.560Z,buy,8.12e-05,1.25,0.0001015
GVT/BTC,1611298562560,2021-01-22T06:56:02.560Z,buy,8.13e-05,3.72,0.000302436
GVT/BTC,1611298568813,2021-01-22T06:56:08.813Z,buy,8.15e-05,1.24,0.00010106
GVT/BTC,1611298576838,2021-01-22T06:56:16.838Z,buy,8.15e-05,1.24,0.00010106
GVT/BTC,1611298952782,2021-01-22T07:02:32.782Z,sell,8.14e-05,59.7,0.0048595800000000005
GVT/BTC,1611299040730,2021-01-22T07:04:00.730Z,sell,8.14e-05,49.43,0.004023602
GVT/BTC,1611299042649,2021-01-22T07:04:02.649Z,sell,8.13e-05,2.12,0.000172356
GVT/BTC,1611299042649,2021-01-22T07:04:02.649Z,sell,8.13e-05,1.61,0.000130893
GVT/BTC,1611299042649,2021-01-22T07:04:02.649Z,sell,8.13e-05,1.43,0.00011625899999999999
GVT/BTC,1611299134558,2021-01-22T07:05:34.558Z,sell,8.13e-05,12.19,0.0009910469999999999
GVT/BTC,1611299534454,2021-01-22T07:12:14.454Z,sell,8.13e-05,21.76,0.001769088
GVT/BTC,1611299618689,2021-01-22T07:13:38.689Z,buy,8.15e-05,1.24,0.00010106
GVT/BTC,1611299680474,2021-01-22T07:14:40.474Z,buy,8.15e-05,10.23,0.0008337450000000001
GVT/BTC,1611300196484,2021-01-22T07:23:16.484Z,buy,8.15e-05,29.36,0.00239284
GVT/BTC,1611300405177,2021-01-22T07:26:45.177Z,buy,8.15e-05,100.97,0.008229055
GVT/BTC,1611300553452,2021-01-22T07:29:13.452Z,buy,8.15e-05,309.64,0.02523566
GVT/BTC,1611300680484,2021-01-22T07:31:20.484Z,buy,8.15e-05,61.34,0.0049992100000000005
GVT/BTC,1611300960147,2021-01-22T07:36:00.147Z,sell,8.14e-05,51.79,0.004215706
GVT/BTC,1611300960147,2021-01-22T07:36:00.147Z,sell,8.13e-05,3059.21,0.248713773
GVT/BTC,1611300992544,2021-01-22T07:36:32.544Z,buy,8.15e-05,293.6,0.023928400000000002
GVT/BTC,1611300992544,2021-01-22T07:36:32.544Z,buy,8.15e-05,293.6,0.023928400000000002
GVT/BTC,1611301550702,2021-01-22T07:45:50.702Z,sell,8.13e-05,37.63,0.003059319
GVT/BTC,1611301561287,2021-01-22T07:46:01.287Z,sell,8.13e-05,5.33,0.000433329
GVT/BTC,1611301621681,2021-01-22T07:47:01.681Z,sell,8.13e-05,9.07,0.000737391
GVT/BTC,1611301646316,2021-01-22T07:47:26.316Z,sell,8.08e-05,17.01,0.0013744080000000001
GVT/BTC,1611301646316,2021-01-22T07:47:26.316Z,sell,8.07e-05,82.99,0.006697292999999999
GVT/BTC,1611301681267,2021-01-22T07:48:01.267Z,sell,8.07e-05,15.99,0.001290393
GVT/BTC,1611302175683,2021-01-22T07:56:15.683Z,sell,8.07e-05,103.2,0.00832824
GVT/BTC,1611302280483,2021-01-22T07:58:00.483Z,sell,8.08e-05,9.49,0.000766792
GVT/BTC,1611302280483,2021-01-22T07:58:00.483Z,sell,8.07e-05,119.77,0.009665439
GVT/BTC,1611302416755,2021-01-22T08:00:16.755Z,sell,8.07e-05,70.64,0.005700648
GVT/BTC,1611302651089,2021-01-22T08:04:11.089Z,buy,8.13e-05,1.35,0.00010975500000000001
GVT/BTC,1611302821491,2021-01-22T08:07:01.491Z,sell,8.07e-05,19.3,0.00155751
GVT/BTC,1611302881231,2021-01-22T08:08:01.231Z,sell,8.07e-05,20.15,0.0016261049999999999
GVT/BTC,1611302969001,2021-01-22T08:09:29.001Z,buy,8.13e-05,2.36,0.000191868
GVT/BTC,1611302969001,2021-01-22T08:09:29.001Z,buy,8.14e-05,98.89,0.008049646
GVT/BTC,1611302979850,2021-01-22T08:09:39.850Z,buy,8.14e-05,1.25,0.00010175
GVT/BTC,1611303274188,2021-01-22T08:14:34.188Z,sell,8.08e-05,1.25,0.000101
GVT/BTC,1611303324990,2021-01-22T08:15:24.990Z,sell,8.07e-05,1.26,0.00010168199999999999
GVT/BTC,1611303395614,2021-01-22T08:16:35.614Z,buy,8.07e-05,23.34,0.001883538
GVT/BTC,1611303493582,2021-01-22T08:18:13.582Z,buy,8.07e-05,3.53,0.00028487099999999996
GVT/BTC,1611303602497,2021-01-22T08:20:02.497Z,sell,8.07e-05,9.34,0.000753738
GVT/BTC,1611303661252,2021-01-22T08:21:01.252Z,sell,8.07e-05,2.31,0.000186417
GVT/BTC,1611304169007,2021-01-22T08:29:29.007Z,sell,8.07e-05,7.87,0.000635109
GVT/BTC,1611304202327,2021-01-22T08:30:02.327Z,sell,8.06e-05,17.09,0.001377454
GVT/BTC,1611304231568,2021-01-22T08:30:31.568Z,sell,8.04e-05,80.47,0.006469788
GVT/BTC,1611304264135,2021-01-22T08:31:04.135Z,sell,8.04e-05,344.65,0.02770986
GVT/BTC,1611304562396,2021-01-22T08:36:02.396Z,sell,8.06e-05,3.61,0.000290966
GVT/BTC,1611304562396,2021-01-22T08:36:02.396Z,sell,8.06e-05,3.61,0.000290966
GVT/BTC,1611304699017,2021-01-22T08:38:19.017Z,sell,8.07e-05,58.35,0.004708845
GVT/BTC,1611304867108,2021-01-22T08:41:07.108Z,sell,8.07e-05,2.0,0.0001614
GVT/BTC,1611304961231,2021-01-22T08:42:41.231Z,sell,8.07e-05,37.41,0.0030189869999999995
GVT/BTC,1611305111805,2021-01-22T08:45:11.805Z,sell,8.07e-05,5.09,0.00041076299999999997
GVT/BTC,1611305198968,2021-01-22T08:46:38.968Z,sell,8.06e-05,59.3,0.004779579999999999
GVT/BTC,1611305206825,2021-01-22T08:46:46.825Z,sell,8.06e-05,93.78,0.007558667999999999
GVT/BTC,1611305290027,2021-01-22T08:48:10.027Z,buy,8.04e-05,4.3,0.00034572
GVT/BTC,1611305395123,2021-01-22T08:49:55.123Z,sell,8.05e-05,62.11,0.004999855
GVT/BTC,1611305395123,2021-01-22T08:49:55.123Z,sell,8.04e-05,29.47,0.002369388
GVT/BTC,1611305522833,2021-01-22T08:52:02.833Z,sell,8.05e-05,84.34,0.00678937
GVT/BTC,1611305522833,2021-01-22T08:52:02.833Z,sell,8.04e-05,25.7,0.00206628
GVT/BTC,1611305641836,2021-01-22T08:54:01.836Z,sell,8.04e-05,6.08,0.000488832
GVT/BTC,1611305645660,2021-01-22T08:54:05.660Z,sell,8.03e-05,105.04,0.008434712
GVT/BTC,1611305653821,2021-01-22T08:54:13.821Z,sell,8e-05,49.24,0.0039392
GVT/BTC,1611305658370,2021-01-22T08:54:18.370Z,sell,7.99e-05,29.89,0.0023882110000000003
GVT/BTC,1611305658370,2021-01-22T08:54:18.370Z,sell,7.97e-05,52.08,0.004150776
GVT/BTC,1611305658471,2021-01-22T08:54:18.471Z,sell,7.97e-05,76.06,0.0060619820000000005
GVT/BTC,1611305658471,2021-01-22T08:54:18.471Z,sell,7.95e-05,13.13,0.001043835
GVT/BTC,1611305718361,2021-01-22T08:55:18.361Z,buy,7.97e-05,111.21,0.008863437
GVT/BTC,1611305762992,2021-01-22T08:56:02.992Z,buy,7.98e-05,3.48,0.000277704
GVT/BTC,1611305788187,2021-01-22T08:56:28.187Z,sell,7.97e-05,49.12,0.003914864
GVT/BTC,1611306269008,2021-01-22T09:04:29.008Z,sell,7.97e-05,253.56,0.020208732
GVT/BTC,1611306455116,2021-01-22T09:07:35.116Z,buy,7.97e-05,9.0,0.0007173
GVT/BTC,1611306529049,2021-01-22T09:08:49.049Z,sell,7.96e-05,228.23,0.018167107999999998
GVT/BTC,1611306529049,2021-01-22T09:08:49.049Z,sell,7.96e-05,4.41,0.000351036
GVT/BTC,1611306792097,2021-01-22T09:13:12.097Z,buy,7.97e-05,321.73,0.025641881000000002
GVT/BTC,1611306808784,2021-01-22T09:13:28.784Z,buy,7.97e-05,125.75,0.010022275
GVT/BTC,1611307004034,2021-01-22T09:16:44.034Z,buy,8.06e-05,10.63,0.000856778
GVT/BTC,1611307032802,2021-01-22T09:17:12.802Z,buy,8.06e-05,1.26,0.00010155599999999999
GVT/BTC,1611307196944,2021-01-22T09:19:56.944Z,sell,8.05e-05,1.25,0.000100625
GVT/BTC,1611307196944,2021-01-22T09:19:56.944Z,sell,8.02e-05,123.06,0.009869412
GVT/BTC,1611307196944,2021-01-22T09:19:56.944Z,sell,8.01e-05,265.85,0.021294585
GVT/BTC,1611307330435,2021-01-22T09:22:10.435Z,buy,8.07e-05,6.39,0.0005156729999999999
GVT/BTC,1611307346250,2021-01-22T09:22:26.250Z,buy,8.08e-05,1.25,0.000101
GVT/BTC,1611307347236,2021-01-22T09:22:27.236Z,buy,8.08e-05,1.25,0.000101
GVT/BTC,1611307347236,2021-01-22T09:22:27.236Z,buy,8.1e-05,8.75,0.0007087500000000001
GVT/BTC,1611307412647,2021-01-22T09:23:32.647Z,buy,8.09e-05,1.26,0.000101934
GVT/BTC,1611307442277,2021-01-22T09:24:02.277Z,sell,8.09e-05,121.11,0.009797799
GVT/BTC,1611307600689,2021-01-22T09:26:40.689Z,buy,8.09e-05,20.21,0.001634989
GVT/BTC,1611307687925,2021-01-22T09:28:07.925Z,sell,8.09e-05,1.25,0.000101125
GVT/BTC,1611307926883,2021-01-22T09:32:06.883Z,sell,8.1e-05,9.99,0.0008091900000000001
GVT/BTC,1611307933307,2021-01-22T09:32:13.307Z,buy,8.11e-05,1.24,0.00010056400000000001
GVT/BTC,1611307933307,2021-01-22T09:32:13.307Z,buy,8.15e-05,1.64,0.00013366
GVT/BTC,1611308113956,2021-01-22T09:35:13.956Z,buy,8.15e-05,106.81,0.008705015
GVT/BTC,1611308131974,2021-01-22T09:35:31.974Z,buy,8.16e-05,24.86,0.0020285760000000003
GVT/BTC,1611308141145,2021-01-22T09:35:41.145Z,buy,8.17e-05,3.74,0.000305558
GVT/BTC,1611308141145,2021-01-22T09:35:41.145Z,buy,8.19e-05,7.42,0.0006076979999999999
GVT/BTC,1611308141145,2021-01-22T09:35:41.145Z,buy,8.23e-05,85.6,0.007044879999999999
GVT/BTC,1611308142546,2021-01-22T09:35:42.546Z,buy,8.24e-05,7.29,0.000600696
GVT/BTC,1611308142546,2021-01-22T09:35:42.546Z,buy,8.24e-05,7.29,0.000600696
GVT/BTC,1611308166318,2021-01-22T09:36:06.318Z,buy,8.23e-05,1.23,0.00010122899999999999
GVT/BTC,1611308171482,2021-01-22T09:36:11.482Z,buy,8.23e-05,4.87,0.000400801
GVT/BTC,1611308171498,2021-01-22T09:36:11.498Z,buy,8.23e-05,1.23,0.00010122899999999999
GVT/BTC,1611308171515,2021-01-22T09:36:11.515Z,buy,8.23e-05,1.23,0.00010122899999999999
GVT/BTC,1611308171653,2021-01-22T09:36:11.653Z,sell,8.23e-05,17.65,0.0014525949999999999
GVT/BTC,1611308172653,2021-01-22T09:36:12.653Z,sell,8.23e-05,14.62,0.001203226
GVT/BTC,1611308173592,2021-01-22T09:36:13.592Z,sell,8.19e-05,2.45,0.00020065500000000002
GVT/BTC,1611308174772,2021-01-22T09:36:14.772Z,buy,8.19e-05,2.45,0.00020065500000000002
GVT/BTC,1611308175101,2021-01-22T09:36:15.101Z,buy,8.19e-05,1.23,0.000100737
GVT/BTC,1611308176033,2021-01-22T09:36:16.033Z,buy,8.19e-05,1.23,0.000100737
GVT/BTC,1611308176421,2021-01-22T09:36:16.421Z,buy,8.19e-05,3.67,0.000300573
GVT/BTC,1611308214032,2021-01-22T09:36:54.032Z,buy,8.19e-05,23.41,0.001917279
GVT/BTC,1611308214032,2021-01-22T09:36:54.032Z,buy,8.23e-05,120.0,0.009876
GVT/BTC,1611308214032,2021-01-22T09:36:54.032Z,buy,8.24e-05,277.97,0.022904728000000003
GVT/BTC,1611308214032,2021-01-22T09:36:54.032Z,buy,8.25e-05,5.8,0.0004785
GVT/BTC,1611308214032,2021-01-22T09:36:54.032Z,buy,8.26e-05,1.22,0.000100772
GVT/BTC,1611308214032,2021-01-22T09:36:54.032Z,buy,8.27e-05,3.64,0.000301028
GVT/BTC,1611308214073,2021-01-22T09:36:54.073Z,buy,8.28e-05,32.27,0.002671956
GVT/BTC,1611308214280,2021-01-22T09:36:54.280Z,sell,8.27e-05,1.49,0.000123223
GVT/BTC,1611308215444,2021-01-22T09:36:55.444Z,buy,8.28e-05,7.02,0.0005812559999999999
GVT/BTC,1611308215561,2021-01-22T09:36:55.561Z,sell,8.27e-05,7.02,0.0005805539999999999
GVT/BTC,1611308215961,2021-01-22T09:36:55.961Z,sell,8.27e-05,1.23,0.000101721
GVT/BTC,1611308216988,2021-01-22T09:36:56.988Z,sell,8.27e-05,98.4,0.008137680000000001
GVT/BTC,1611308222263,2021-01-22T09:37:02.263Z,sell,8.19e-05,82.05,0.006719895
GVT/BTC,1611308222263,2021-01-22T09:37:02.263Z,sell,8.18e-05,10.4,0.00085072
GVT/BTC,1611308233570,2021-01-22T09:37:13.570Z,buy,8.18e-05,175.71,0.014373078
GVT/BTC,1611308233570,2021-01-22T09:37:13.570Z,buy,8.19e-05,82.05,0.006719895
GVT/BTC,1611308233570,2021-01-22T09:37:13.570Z,buy,8.2e-05,161.45,0.0132389
GVT/BTC,1611308233570,2021-01-22T09:37:13.570Z,buy,8.25e-05,120.0,0.009899999999999999
GVT/BTC,1611308233570,2021-01-22T09:37:13.570Z,buy,8.26e-05,392.55,0.03242463
GVT/BTC,1611308233570,2021-01-22T09:37:13.570Z,buy,8.27e-05,5.09,0.000420943
GVT/BTC,1611308235775,2021-01-22T09:37:15.775Z,sell,8.27e-05,52.71,0.004359117
GVT/BTC,1611308235779,2021-01-22T09:37:15.779Z,buy,8.28e-05,3.64,0.000301392
GVT/BTC,1611308235779,2021-01-22T09:37:15.779Z,buy,8.29e-05,49.08,0.004068731999999999
GVT/BTC,1611308247248,2021-01-22T09:37:27.248Z,buy,8.29e-05,1.22,0.00010113799999999999
GVT/BTC,1611308301159,2021-01-22T09:38:21.159Z,sell,8.21e-05,2.44,0.00020032400000000002
GVT/BTC,1611308343488,2021-01-22T09:39:03.488Z,buy,8.2e-05,23.83,0.00195406
GVT/BTC,1611308348605,2021-01-22T09:39:08.605Z,sell,8.2e-05,14.93,0.00122426
GVT/BTC,1611308378552,2021-01-22T09:39:38.552Z,sell,8.17e-05,5.29,0.000432193
GVT/BTC,1611308453153,2021-01-22T09:40:53.153Z,sell,8.17e-05,236.0,0.0192812
GVT/BTC,1611308539007,2021-01-22T09:42:19.007Z,sell,8.17e-05,200.0,0.01634
GVT/BTC,1611308540656,2021-01-22T09:42:20.656Z,sell,8.17e-05,6.39,0.0005220629999999999
GVT/BTC,1611309230091,2021-01-22T09:53:50.091Z,buy,8.2e-05,190.49,0.015620180000000001
GVT/BTC,1611309290782,2021-01-22T09:54:50.782Z,buy,8.2e-05,14.49,0.00118818
GVT/BTC,1611309540019,2021-01-22T09:59:00.019Z,sell,8.18e-05,645.7,0.05281826
GVT/BTC,1611309540644,2021-01-22T09:59:00.644Z,sell,8.15e-05,8.6,0.0007009
GVT/BTC,1611309562111,2021-01-22T09:59:22.111Z,sell,8.12e-05,124.21,0.010085852
GVT/BTC,1611309562111,2021-01-22T09:59:22.111Z,sell,8.11e-05,1125.79,0.091301569
GVT/BTC,1611309580901,2021-01-22T09:59:40.901Z,buy,8.19e-05,118.8,0.009729719999999999
GVT/BTC,1611309580901,2021-01-22T09:59:40.901Z,buy,8.2e-05,87.73,0.007193860000000001
GVT/BTC,1611309580962,2021-01-22T09:59:40.962Z,sell,8.2e-05,93.47,0.00766454
GVT/BTC,1611309595173,2021-01-22T09:59:55.173Z,sell,8.2e-05,17.17,0.00140794
GVT/BTC,1611309663345,2021-01-22T10:01:03.345Z,buy,8.22e-05,6.27,0.000515394
GVT/BTC,1611309663402,2021-01-22T10:01:03.402Z,sell,8.22e-05,24.15,0.00198513
GVT/BTC,1611309664413,2021-01-22T10:01:04.413Z,sell,8.22e-05,101.6,0.00835152
GVT/BTC,1611309665498,2021-01-22T10:01:05.498Z,sell,8.22e-05,48.67,0.004000674
GVT/BTC,1611309666416,2021-01-22T10:01:06.416Z,buy,8.26e-05,18.16,0.001500016
GVT/BTC,1611309666791,2021-01-22T10:01:06.791Z,buy,8.26e-05,24.22,0.002000572
GVT/BTC,1611309729578,2021-01-22T10:02:09.578Z,buy,8.26e-05,1.23,0.000101598
GVT/BTC,1611309767202,2021-01-22T10:02:47.202Z,buy,8.23e-05,20.0,0.001646
GVT/BTC,1611309794709,2021-01-22T10:03:14.709Z,sell,8.18e-05,2.45,0.00020041000000000001
GVT/BTC,1611309794709,2021-01-22T10:03:14.709Z,sell,8.15e-05,6.14,0.00050041
GVT/BTC,1611309794709,2021-01-22T10:03:14.709Z,sell,8.14e-05,119.52,0.009728928
GVT/BTC,1611309794709,2021-01-22T10:03:14.709Z,sell,8.13e-05,163.61,0.013301493000000001
GVT/BTC,1611309794769,2021-01-22T10:03:14.769Z,buy,8.13e-05,293.66,0.023874558
GVT/BTC,1611309862657,2021-01-22T10:04:22.657Z,sell,8.09e-05,1176.37,0.095168333
GVT/BTC,1611309901014,2021-01-22T10:05:01.014Z,sell,8.09e-05,6.12,0.000495108
GVT/BTC,1611309904822,2021-01-22T10:05:04.822Z,sell,8.09e-05,77.14,0.006240626
GVT/BTC,1611309939617,2021-01-22T10:05:39.617Z,sell,8.06e-05,62.03,0.004999618
GVT/BTC,1611309939617,2021-01-22T10:05:39.617Z,sell,8.05e-05,80.72,0.0064979600000000005
GVT/BTC,1611309939636,2021-01-22T10:05:39.636Z,buy,8.05e-05,83.26,0.0067024300000000005
GVT/BTC,1611309959127,2021-01-22T10:05:59.127Z,buy,8.05e-05,7.7,0.00061985
GVT/BTC,1611309971062,2021-01-22T10:06:11.062Z,sell,8.05e-05,86.08,0.00692944
GVT/BTC,1611309971062,2021-01-22T10:06:11.062Z,sell,8.04e-05,1176.98,0.094629192
GVT/BTC,1611309973906,2021-01-22T10:06:13.906Z,sell,8e-05,181.74,0.014539200000000002
GVT/BTC,1611310048026,2021-01-22T10:07:28.026Z,buy,8.12e-05,23.39,0.001899268
GVT/BTC,1611310048235,2021-01-22T10:07:28.235Z,buy,8.12e-05,12.31,0.000999572
GVT/BTC,1611310048411,2021-01-22T10:07:28.411Z,buy,8.12e-05,50.38,0.004090856
GVT/BTC,1611310048411,2021-01-22T10:07:28.411Z,buy,8.13e-05,40.83,0.0033194789999999997
GVT/BTC,1611310048483,2021-01-22T10:07:28.483Z,sell,8.12e-05,13.54,0.0010994479999999998
GVT/BTC,1611310049501,2021-01-22T10:07:29.501Z,buy,8.14e-05,24.63,0.002004882
GVT/BTC,1611310053505,2021-01-22T10:07:33.505Z,buy,8.13e-05,3.68,0.00029918400000000003
GVT/BTC,1611310059033,2021-01-22T10:07:39.033Z,buy,8.13e-05,5.14,0.00041788199999999995
GVT/BTC,1611310061186,2021-01-22T10:07:41.186Z,buy,8.13e-05,3.81,0.000309753
GVT/BTC,1611310061890,2021-01-22T10:07:41.890Z,sell,8.12e-05,5.32,0.000431984
GVT/BTC,1611310062034,2021-01-22T10:07:42.034Z,buy,8.14e-05,12.28,0.0009995919999999999
GVT/BTC,1611310062040,2021-01-22T10:07:42.040Z,buy,8.13e-05,2.7,0.00021951000000000002
GVT/BTC,1611310062918,2021-01-22T10:07:42.918Z,sell,8.12e-05,5.0,0.000406
GVT/BTC,1611310063918,2021-01-22T10:07:43.918Z,sell,8.12e-05,52.89,0.004294668
GVT/BTC,1611310064994,2021-01-22T10:07:44.994Z,sell,8.12e-05,1.66,0.00013479199999999998
GVT/BTC,1611310071859,2021-01-22T10:07:51.859Z,sell,8.03e-05,16.93,0.001359479
GVT/BTC,1611310071859,2021-01-22T10:07:51.859Z,sell,8.02e-05,7.63,0.0006119259999999999
GVT/BTC,1611310132101,2021-01-22T10:08:52.101Z,sell,8.06e-05,56.65,0.00456599
GVT/BTC,1611310132101,2021-01-22T10:08:52.101Z,sell,8.05e-05,85.21,0.006859405
GVT/BTC,1611310132101,2021-01-22T10:08:52.101Z,sell,8.04e-05,45.04,0.003621216
GVT/BTC,1611310132101,2021-01-22T10:08:52.101Z,sell,8.03e-05,1173.92,0.09426577600000001
GVT/BTC,1611310132101,2021-01-22T10:08:52.101Z,sell,8e-05,238.2,0.019056
GVT/BTC,1611310132101,2021-01-22T10:08:52.101Z,sell,7.99e-05,245.99,0.019654601
GVT/BTC,1611310132101,2021-01-22T10:08:52.101Z,sell,7.98e-05,594.46,0.047437908
GVT/BTC,1611310132101,2021-01-22T10:08:52.101Z,sell,7.97e-05,53.09,0.004231273
GVT/BTC,1611310132118,2021-01-22T10:08:52.118Z,buy,7.97e-05,78.41,0.006249276999999999
GVT/BTC,1611310132927,2021-01-22T10:08:52.927Z,buy,7.97e-05,74.86,0.0059663419999999995
GVT/BTC,1611310149104,2021-01-22T10:09:09.104Z,buy,7.97e-05,2.52,0.000200844
GVT/BTC,1611310149198,2021-01-22T10:09:09.198Z,buy,7.97e-05,108.53,0.008649841
GVT/BTC,1611310159129,2021-01-22T10:09:19.129Z,buy,7.97e-05,1.39,0.00011078299999999999
GVT/BTC,1611310163496,2021-01-22T10:09:23.496Z,buy,7.97e-05,515.91,0.041118026999999994
GVT/BTC,1611310165729,2021-01-22T10:09:25.729Z,buy,7.97e-05,25.09,0.001999673
GVT/BTC,1611310166745,2021-01-22T10:09:26.745Z,buy,7.97e-05,9.72,0.0007746840000000001
GVT/BTC,1611310166881,2021-01-22T10:09:26.881Z,buy,7.97e-05,25.09,0.001999673
GVT/BTC,1611310169310,2021-01-22T10:09:29.310Z,buy,7.97e-05,37.5,0.00298875
GVT/BTC,1611310338752,2021-01-22T10:12:18.752Z,buy,8.01e-05,37.87,0.003033387
GVT/BTC,1611310375073,2021-01-22T10:12:55.073Z,buy,8.01e-05,12.51,0.001002051
GVT/BTC,1611310388669,2021-01-22T10:13:08.669Z,buy,8.01e-05,12.51,0.001002051
GVT/BTC,1611310617741,2021-01-22T10:16:57.741Z,buy,8.01e-05,7.96,0.0006375959999999999
GVT/BTC,1611310722111,2021-01-22T10:18:42.111Z,buy,8.02e-05,100.0,0.00802
GVT/BTC,1611310783378,2021-01-22T10:19:43.378Z,sell,8.01e-05,9.72,0.000778572
GVT/BTC,1611310799588,2021-01-22T10:19:59.588Z,buy,8.02e-05,8.52,0.0006833039999999999
GVT/BTC,1611310799588,2021-01-22T10:19:59.588Z,buy,8.03e-05,85.28,0.0068479840000000005
GVT/BTC,1611310801187,2021-01-22T10:20:01.187Z,buy,8.03e-05,93.79,0.007531337000000001
GVT/BTC,1611310801187,2021-01-22T10:20:01.187Z,buy,8.08e-05,45.04,0.003639232
GVT/BTC,1611310801187,2021-01-22T10:20:01.187Z,buy,8.13e-05,120.0,0.009755999999999999
GVT/BTC,1611310801187,2021-01-22T10:20:01.187Z,buy,8.14e-05,241.79,0.019681706
GVT/BTC,1611310907160,2021-01-22T10:21:47.160Z,buy,8.14e-05,1.25,0.00010175
GVT/BTC,1611311079979,2021-01-22T10:24:39.979Z,buy,8.14e-05,1.25,0.00010175
GVT/BTC,1611311081067,2021-01-22T10:24:41.067Z,sell,8.13e-05,1.24,0.000100812
GVT/BTC,1611311094913,2021-01-22T10:24:54.913Z,sell,8.06e-05,2.52,0.00020311199999999998
GVT/BTC,1611311115179,2021-01-22T10:25:15.179Z,sell,8.11e-05,1.24,0.00010056400000000001
GVT/BTC,1611311358824,2021-01-22T10:29:18.824Z,sell,8.09e-05,21.52,0.001740968
GVT/BTC,1611311576801,2021-01-22T10:32:56.801Z,sell,8.09e-05,6.77,0.0005476929999999999
GVT/BTC,1611311576801,2021-01-22T10:32:56.801Z,sell,8.09e-05,6.77,0.0005476929999999999
GVT/BTC,1611311853756,2021-01-22T10:37:33.756Z,buy,8.11e-05,1.5,0.00012165
GVT/BTC,1611311955832,2021-01-22T10:39:15.832Z,buy,8.12e-05,3.73,0.000302876
GVT/BTC,1611311998094,2021-01-22T10:39:58.094Z,buy,8.15e-05,1.37,0.00011165500000000001
GVT/BTC,1611312006612,2021-01-22T10:40:06.612Z,buy,8.14e-05,11.02,0.000897028
GVT/BTC,1611312009128,2021-01-22T10:40:09.128Z,buy,8.14e-05,1.25,0.00010175
GVT/BTC,1611312011440,2021-01-22T10:40:11.440Z,buy,8.14e-05,67.01,0.005454614
GVT/BTC,1611312011440,2021-01-22T10:40:11.440Z,buy,8.15e-05,115.58,0.009419770000000001
GVT/BTC,1611312011440,2021-01-22T10:40:11.440Z,buy,8.16e-05,75.54,0.006164064000000001
GVT/BTC,1611312011440,2021-01-22T10:40:11.440Z,buy,8.17e-05,119.24,0.009741907999999999
GVT/BTC,1611312011440,2021-01-22T10:40:11.440Z,buy,8.18e-05,75.4,0.00616772
GVT/BTC,1611312011440,2021-01-22T10:40:11.440Z,buy,8.28e-05,24.63,0.0020393639999999997
GVT/BTC,1611312011440,2021-01-22T10:40:11.440Z,buy,8.31e-05,1.25,0.000103875
GVT/BTC,1611312011440,2021-01-22T10:40:11.440Z,buy,8.33e-05,6.77,0.000563941
GVT/BTC,1611312011440,2021-01-22T10:40:11.440Z,buy,8.34e-05,11.46,0.000955764
GVT/BTC,1611312011440,2021-01-22T10:40:11.440Z,buy,8.35e-05,2.18,0.00018203000000000002
GVT/BTC,1611312011440,2021-01-22T10:40:11.440Z,buy,8.36e-05,239.92,0.020057311999999997
GVT/BTC,1611312013163,2021-01-22T10:40:13.163Z,sell,8.27e-05,7.4,0.00061198
GVT/BTC,1611312013962,2021-01-22T10:40:13.962Z,buy,8.35e-05,7.4,0.0006179
GVT/BTC,1611312016352,2021-01-22T10:40:16.352Z,sell,8.35e-05,7.19,0.0006003650000000001
GVT/BTC,1611312023423,2021-01-22T10:40:23.423Z,sell,8.2e-05,197.34,0.01618188
GVT/BTC,1611312025463,2021-01-22T10:40:25.463Z,sell,8.19e-05,12.18,0.000997542
GVT/BTC,1611312025463,2021-01-22T10:40:25.463Z,sell,8.16e-05,25.05,0.00204408
GVT/BTC,1611312027282,2021-01-22T10:40:27.282Z,sell,8.19e-05,14.0,0.0011466
GVT/BTC,1611312027283,2021-01-22T10:40:27.283Z,sell,8.19e-05,43.1,0.00352989
GVT/BTC,1611312027283,2021-01-22T10:40:27.283Z,sell,8.16e-05,31.11,0.0025385760000000003
GVT/BTC,1611312027333,2021-01-22T10:40:27.333Z,sell,8.16e-05,35.6,0.0029049600000000003
GVT/BTC,1611312027333,2021-01-22T10:40:27.333Z,sell,8.15e-05,20.11,0.001638965
GVT/BTC,1611312027352,2021-01-22T10:40:27.352Z,sell,8.15e-05,7.46,0.00060799
GVT/BTC,1611312027570,2021-01-22T10:40:27.570Z,sell,8.16e-05,8.11,0.000661776
GVT/BTC,1611312033762,2021-01-22T10:40:33.762Z,sell,8.15e-05,31.32,0.00255258
GVT/BTC,1611312033829,2021-01-22T10:40:33.829Z,sell,8.14e-05,7.7,0.0006267800000000001
GVT/BTC,1611312033866,2021-01-22T10:40:33.866Z,buy,8.15e-05,17.07,0.001391205
GVT/BTC,1611312043419,2021-01-22T10:40:43.419Z,sell,8.14e-05,10.46,0.000851444
GVT/BTC,1611312076053,2021-01-22T10:41:16.053Z,buy,8.14e-05,1.25,0.00010175
GVT/BTC,1611312094868,2021-01-22T10:41:34.868Z,sell,8.13e-05,7.76,0.0006308879999999999
GVT/BTC,1611312096793,2021-01-22T10:41:36.793Z,sell,8.12e-05,50.35,0.00408842
GVT/BTC,1611312104913,2021-01-22T10:41:44.913Z,buy,8.13e-05,24.61,0.002000793
GVT/BTC,1611312110027,2021-01-22T10:41:50.027Z,buy,8.13e-05,40.75,0.0033129749999999997
GVT/BTC,1611312288981,2021-01-22T10:44:48.981Z,buy,8.1e-05,18.29,0.00148149
GVT/BTC,1611312383533,2021-01-22T10:46:23.533Z,buy,8.11e-05,30.07,0.002438677
GVT/BTC,1611312410145,2021-01-22T10:46:50.145Z,buy,8.12e-05,9.75,0.0007917
GVT/BTC,1611312454028,2021-01-22T10:47:34.028Z,sell,8.1e-05,2.0,0.000162
GVT/BTC,1611312528240,2021-01-22T10:48:48.240Z,sell,8.1e-05,40.75,0.0033007500000000003
GVT/BTC,1611312582181,2021-01-22T10:49:42.181Z,buy,8.12e-05,1.25,0.0001015
GVT/BTC,1611312620150,2021-01-22T10:50:20.150Z,buy,8.12e-05,45.19,0.0036694279999999998
GVT/BTC,1611312878551,2021-01-22T10:54:38.551Z,buy,8.12e-05,1.25,0.0001015
GVT/BTC,1611312950941,2021-01-22T10:55:50.941Z,sell,8.11e-05,313.18,0.025398898000000003
GVT/BTC,1611313156299,2021-01-22T10:59:16.299Z,buy,8.12e-05,12.32,0.001000384
GVT/BTC,1611313156566,2021-01-22T10:59:16.566Z,buy,8.12e-05,23.02,0.0018692239999999998
GVT/BTC,1611313160090,2021-01-22T10:59:20.090Z,buy,8.14e-05,24.57,0.0019999980000000002
GVT/BTC,1611313161638,2021-01-22T10:59:21.638Z,buy,8.14e-05,24.57,0.0019999980000000002
GVT/BTC,1611313165531,2021-01-22T10:59:25.531Z,buy,8.14e-05,3.69,0.000300366
GVT/BTC,1611313166113,2021-01-22T10:59:26.113Z,sell,8.14e-05,20.88,0.001699632
GVT/BTC,1611313166113,2021-01-22T10:59:26.113Z,sell,8.13e-05,21.94,0.001783722
GVT/BTC,1611313365911,2021-01-22T11:02:45.911Z,sell,8.13e-05,37.36,0.003037368
GVT/BTC,1611313387881,2021-01-22T11:03:07.881Z,sell,8.13e-05,1.24,0.000100812
GVT/BTC,1611313411241,2021-01-22T11:03:31.241Z,buy,8.15e-05,1.24,0.00010106
GVT/BTC,1611313428622,2021-01-22T11:03:48.622Z,buy,8.16e-05,15.68,0.001279488
GVT/BTC,1611313428622,2021-01-22T11:03:48.622Z,buy,8.17e-05,1.24,0.00010130799999999999
GVT/BTC,1611313428622,2021-01-22T11:03:48.622Z,buy,8.21e-05,84.08,0.006902968
GVT/BTC,1611313429570,2021-01-22T11:03:49.570Z,sell,8.14e-05,120.0,0.009768
GVT/BTC,1611313429570,2021-01-22T11:03:49.570Z,sell,8.13e-05,618.24,0.050262912
GVT/BTC,1611313441517,2021-01-22T11:04:01.517Z,buy,8.21e-05,1.24,0.000101804
GVT/BTC,1611313450448,2021-01-22T11:04:10.448Z,sell,8.21e-05,58.4,0.00479464
GVT/BTC,1611313802874,2021-01-22T11:10:02.874Z,sell,8.17e-05,18.08,0.0014771359999999998
GVT/BTC,1611313811573,2021-01-22T11:10:11.573Z,sell,8.15e-05,4.65,0.00037897500000000004
GVT/BTC,1611313819639,2021-01-22T11:10:19.639Z,sell,8.13e-05,2.47,0.000200811
GVT/BTC,1611313842418,2021-01-22T11:10:42.418Z,sell,8.12e-05,43.05,0.0034956599999999994
GVT/BTC,1611313847585,2021-01-22T11:10:47.585Z,sell,8.11e-05,19.92,0.0016155120000000002
GVT/BTC,1611313862821,2021-01-22T11:11:02.821Z,sell,8.11e-05,41.11,0.0033340210000000004
GVT/BTC,1611313863625,2021-01-22T11:11:03.625Z,sell,8.11e-05,35.03,0.0028409330000000003
GVT/BTC,1611313873566,2021-01-22T11:11:13.566Z,sell,8.11e-05,25.09,0.0020347990000000003
GVT/BTC,1611313874714,2021-01-22T11:11:14.714Z,sell,8.11e-05,24.57,0.0019926270000000003
GVT/BTC,1611313875914,2021-01-22T11:11:15.914Z,sell,8.11e-05,25.09,0.0020347990000000003
GVT/BTC,1611313875940,2021-01-22T11:11:15.940Z,sell,8.11e-05,267.67,0.021708037000000003
GVT/BTC,1611313879183,2021-01-22T11:11:19.183Z,sell,8.11e-05,24.57,0.0019926270000000003
GVT/BTC,1611313892437,2021-01-22T11:11:32.437Z,sell,8.11e-05,82.49,0.006689939
GVT/BTC,1611313892547,2021-01-22T11:11:32.547Z,sell,8.1e-05,69.0,0.005589
GVT/BTC,1611313916976,2021-01-22T11:11:56.976Z,sell,8.1e-05,32.34,0.0026195400000000005
GVT/BTC,1611313921659,2021-01-22T11:12:01.659Z,sell,8.06e-05,12.18,0.000981708
GVT/BTC,1611313923338,2021-01-22T11:12:03.338Z,sell,8.06e-05,95.82,0.007723091999999999
GVT/BTC,1611313923364,2021-01-22T11:12:03.364Z,buy,8.06e-05,326.07,0.026281241999999996
GVT/BTC,1611313924358,2021-01-22T11:12:04.358Z,buy,8.06e-05,11.01,0.0008874059999999999
GVT/BTC,1611313964861,2021-01-22T11:12:44.861Z,sell,8.05e-05,71.42,0.0057493100000000005
GVT/BTC,1611313964861,2021-01-22T11:12:44.861Z,sell,8.04e-05,255.56,0.020547024
GVT/BTC,1611314052173,2021-01-22T11:14:12.173Z,sell,8.05e-05,1.25,0.000100625
GVT/BTC,1611314052173,2021-01-22T11:14:12.173Z,sell,8.04e-05,98.75,0.0079395
GVT/BTC,1611314551482,2021-01-22T11:22:31.482Z,sell,8.05e-05,7.02,0.00056511
GVT/BTC,1611314881989,2021-01-22T11:28:01.989Z,sell,8.06e-05,77.14,0.006217484
GVT/BTC,1611314943610,2021-01-22T11:29:03.610Z,buy,8.06e-05,24.81,0.0019996859999999997
GVT/BTC,1611314944438,2021-01-22T11:29:04.438Z,buy,8.06e-05,52.74,0.004250844
GVT/BTC,1611315138894,2021-01-22T11:32:18.894Z,buy,8.1e-05,250.0,0.02025
GVT/BTC,1611315138894,2021-01-22T11:32:18.894Z,buy,8.1e-05,250.0,0.02025
GVT/BTC,1611315356952,2021-01-22T11:35:56.952Z,buy,8.08e-05,45.97,0.0037143759999999997
GVT/BTC,1611315356952,2021-01-22T11:35:56.952Z,buy,8.09e-05,120.0,0.009708
GVT/BTC,1611315356952,2021-01-22T11:35:56.952Z,buy,8.1e-05,64.88,0.00525528
GVT/BTC,1611315398571,2021-01-22T11:36:38.571Z,buy,8.09e-05,77.93,0.006304537000000001
GVT/BTC,1611315449954,2021-01-22T11:37:29.954Z,buy,8.09e-05,95.61,0.007734849
GVT/BTC,1611315948155,2021-01-22T11:45:48.155Z,sell,8.08e-05,58.55,0.00473084
GVT/BTC,1611315966506,2021-01-22T11:46:06.506Z,buy,8.1e-05,29.0,0.002349
GVT/BTC,1611316039472,2021-01-22T11:47:19.472Z,sell,8.08e-05,1.35,0.00010908
GVT/BTC,1611316232491,2021-01-22T11:50:32.491Z,sell,8.08e-05,413.73,0.033429384
GVT/BTC,1611316274072,2021-01-22T11:51:14.072Z,sell,8.08e-05,231.91,0.018738328
GVT/BTC,1611316457494,2021-01-22T11:54:17.494Z,buy,8.1e-05,80.0,0.0064800000000000005
GVT/BTC,1611316605856,2021-01-22T11:56:45.856Z,sell,8.09e-05,404.0,0.0326836
GVT/BTC,1611316667564,2021-01-22T11:57:47.564Z,sell,8.09e-05,6.62,0.000535558
GVT/BTC,1611316834823,2021-01-22T12:00:34.823Z,sell,8.09e-05,7.23,0.0005849070000000001
GVT/BTC,1611317306249,2021-01-22T12:08:26.249Z,sell,8.09e-05,80.32,0.006497887999999999
GVT/BTC,1611317386520,2021-01-22T12:09:46.520Z,buy,8.1e-05,101.08,0.00818748
GVT/BTC,1611317386822,2021-01-22T12:09:46.822Z,buy,8.1e-05,1035.53,0.08387793
GVT/BTC,1611317409492,2021-01-22T12:10:09.492Z,buy,8.14e-05,6.34,0.000516076
GVT/BTC,1611317480967,2021-01-22T12:11:20.967Z,buy,8.15e-05,1.24,0.00010106
GVT/BTC,1611317481257,2021-01-22T12:11:21.257Z,buy,8.15e-05,118.95,0.009694425000000001
GVT/BTC,1611317566627,2021-01-22T12:12:46.627Z,sell,8.15e-05,221.64,0.01806366
GVT/BTC,1611317681000,2021-01-22T12:14:41.000Z,buy,8.16e-05,363.4,0.02965344
GVT/BTC,1611317691211,2021-01-22T12:14:51.211Z,buy,8.18e-05,1.23,0.000100614
GVT/BTC,1611317697473,2021-01-22T12:14:57.473Z,buy,8.2e-05,1.24,0.00010168
GVT/BTC,1611317720221,2021-01-22T12:15:20.221Z,buy,8.2e-05,1.55,0.0001271
GVT/BTC,1611317723307,2021-01-22T12:15:23.307Z,sell,8.18e-05,3.66,0.000299388
GVT/BTC,1611317723307,2021-01-22T12:15:23.307Z,sell,8.17e-05,58.15,0.004750854999999999
GVT/BTC,1611317756075,2021-01-22T12:15:56.075Z,buy,8.2e-05,1.24,0.00010168
GVT/BTC,1611317794415,2021-01-22T12:16:34.415Z,buy,8.2e-05,2.29,0.00018778
GVT/BTC,1611317794415,2021-01-22T12:16:34.415Z,buy,8.22e-05,5.0,0.000411
GVT/BTC,1611317794415,2021-01-22T12:16:34.415Z,buy,8.23e-05,2.46,0.00020245799999999998
GVT/BTC,1611317794415,2021-01-22T12:16:34.415Z,buy,8.24e-05,67.38,0.005552112
GVT/BTC,1611317794415,2021-01-22T12:16:34.415Z,buy,8.25e-05,68.36,0.0056397
GVT/BTC,1611317794415,2021-01-22T12:16:34.415Z,buy,8.26e-05,12.49,0.001031674
GVT/BTC,1611317794415,2021-01-22T12:16:34.415Z,buy,8.28e-05,4.89,0.00040489199999999996
GVT/BTC,1611317794415,2021-01-22T12:16:34.415Z,buy,8.29e-05,62.07,0.0051456029999999995
GVT/BTC,1611317794415,2021-01-22T12:16:34.415Z,buy,8.3e-05,477.01,0.03959183
GVT/BTC,1611317794415,2021-01-22T12:16:34.415Z,buy,8.31e-05,914.68,0.076009908
GVT/BTC,1611317807306,2021-01-22T12:16:47.306Z,sell,8.2e-05,27.25,0.0022345
GVT/BTC,1611317807536,2021-01-22T12:16:47.536Z,buy,8.31e-05,1.98,0.000164538
GVT/BTC,1611317813471,2021-01-22T12:16:53.471Z,sell,8.22e-05,3.69,0.000303318
GVT/BTC,1611317824428,2021-01-22T12:17:04.428Z,sell,8.24e-05,58.34,0.0048072160000000004
GVT/BTC,1611317835360,2021-01-22T12:17:15.360Z,sell,8.25e-05,3.06,0.00025245
GVT/BTC,1611317835395,2021-01-22T12:17:15.395Z,sell,8.25e-05,81.78,0.00674685
GVT/BTC,1611317835395,2021-01-22T12:17:15.395Z,sell,8.24e-05,9.14,0.0007531360000000001
GVT/BTC,1611317835683,2021-01-22T12:17:15.683Z,sell,8.24e-05,5.64,0.00046473599999999994
GVT/BTC,1611317835683,2021-01-22T12:17:15.683Z,sell,8.22e-05,2.89,0.00023755800000000002
GVT/BTC,1611317839146,2021-01-22T12:17:19.146Z,buy,8.24e-05,65.96,0.005435104
GVT/BTC,1611317840184,2021-01-22T12:17:20.184Z,sell,8.23e-05,94.88,0.007808623999999999
GVT/BTC,1611317848743,2021-01-22T12:17:28.743Z,sell,8.23e-05,53.95,0.004440085
GVT/BTC,1611317850291,2021-01-22T12:17:30.291Z,sell,8.22e-05,272.12,0.022368264000000002
GVT/BTC,1611317850345,2021-01-22T12:17:30.345Z,sell,8.22e-05,14.75,0.0012124500000000001
GVT/BTC,1611317851064,2021-01-22T12:17:31.064Z,sell,8.22e-05,112.09,0.009213798
GVT/BTC,1611317851182,2021-01-22T12:17:31.182Z,buy,8.23e-05,2.02,0.000166246
GVT/BTC,1611317905086,2021-01-22T12:18:25.086Z,sell,8.22e-05,18.54,0.001523988
GVT/BTC,1611318074331,2021-01-22T12:21:14.331Z,buy,8.19e-05,1.24,0.000101556
GVT/BTC,1611318075027,2021-01-22T12:21:15.027Z,buy,8.19e-05,10.0,0.000819
GVT/BTC,1611318146956,2021-01-22T12:22:26.956Z,buy,8.19e-05,1.24,0.000101556
GVT/BTC,1611318147224,2021-01-22T12:22:27.224Z,buy,8.19e-05,33.24,0.002722356
GVT/BTC,1611318247205,2021-01-22T12:24:07.205Z,sell,8.19e-05,69.65,0.0057043350000000005
GVT/BTC,1611318256495,2021-01-22T12:24:16.495Z,buy,8.2e-05,15.86,0.0013005199999999999
GVT/BTC,1611318256775,2021-01-22T12:24:16.775Z,buy,8.2e-05,394.76,0.03237032
GVT/BTC,1611318324421,2021-01-22T12:25:24.421Z,buy,8.21e-05,300.34,0.024657914
GVT/BTC,1611318324434,2021-01-22T12:25:24.434Z,buy,8.21e-05,89.58,0.007354518
GVT/BTC,1611318325495,2021-01-22T12:25:25.495Z,buy,8.22e-05,2.46,0.000202212
GVT/BTC,1611318340534,2021-01-22T12:25:40.534Z,buy,8.29e-05,1.22,0.00010113799999999999
GVT/BTC,1611318340823,2021-01-22T12:25:40.823Z,sell,8.2e-05,4.14,0.00033947999999999997
GVT/BTC,1611318340904,2021-01-22T12:25:40.904Z,buy,8.2e-05,118.52,0.00971864
GVT/BTC,1611318343003,2021-01-22T12:25:43.003Z,buy,8.29e-05,1.22,0.00010113799999999999
GVT/BTC,1611318445060,2021-01-22T12:27:25.060Z,sell,8.21e-05,3.91,0.000321011
GVT/BTC,1611318445155,2021-01-22T12:27:25.155Z,buy,8.21e-05,115.51,0.009483371
GVT/BTC,1611318445329,2021-01-22T12:27:25.329Z,buy,8.21e-05,3.64,0.00029884400000000004
GVT/BTC,1611318448266,2021-01-22T12:27:28.266Z,sell,8.23e-05,2.47,0.000203281
GVT/BTC,1611318448266,2021-01-22T12:27:28.266Z,sell,8.21e-05,86.91,0.007135311
GVT/BTC,1611318453013,2021-01-22T12:27:33.013Z,sell,8.24e-05,84.1,0.00692984
GVT/BTC,1611318453013,2021-01-22T12:27:33.013Z,sell,8.22e-05,17.24,0.001417128
GVT/BTC,1611318453013,2021-01-22T12:27:33.013Z,sell,8.24e-05,84.1,0.00692984
GVT/BTC,1611318453013,2021-01-22T12:27:33.013Z,sell,8.22e-05,17.24,0.001417128
GVT/BTC,1611318831024,2021-01-22T12:33:51.024Z,sell,8.22e-05,3.41,0.000280302
GVT/BTC,1611318879599,2021-01-22T12:34:39.599Z,sell,8.22e-05,40.0,0.003288
GVT/BTC,1611318888507,2021-01-22T12:34:48.507Z,sell,8.21e-05,228.2,0.01873522
GVT/BTC,1611318908482,2021-01-22T12:35:08.482Z,sell,8.21e-05,6.34,0.000520514
GVT/BTC,1611318915826,2021-01-22T12:35:15.826Z,sell,8.21e-05,130.86,0.010743606000000001
GVT/BTC,1611319036682,2021-01-22T12:37:16.682Z,buy,8.14e-05,1.25,0.00010175
GVT/BTC,1611319036955,2021-01-22T12:37:16.955Z,buy,8.14e-05,11.24,0.000914936
GVT/BTC,1611319381424,2021-01-22T12:43:01.424Z,buy,8.17e-05,1.24,0.00010130799999999999
GVT/BTC,1611319381424,2021-01-22T12:43:01.424Z,buy,8.23e-05,58.49,0.004813727
GVT/BTC,1611319426615,2021-01-22T12:43:46.615Z,buy,8.26e-05,1.23,0.000101598
GVT/BTC,1611319428066,2021-01-22T12:43:48.066Z,sell,8.25e-05,1.22,0.00010065
GVT/BTC,1611319429081,2021-01-22T12:43:49.081Z,sell,8.25e-05,324.85,0.026800125
GVT/BTC,1611319469529,2021-01-22T12:44:29.529Z,sell,8.25e-05,145.15,0.011974875000000001
GVT/BTC,1611319473295,2021-01-22T12:44:33.295Z,sell,8.23e-05,1.22,0.00010040599999999999
GVT/BTC,1611319509896,2021-01-22T12:45:09.896Z,buy,8.22e-05,2.43,0.00019974600000000002
GVT/BTC,1611319512718,2021-01-22T12:45:12.718Z,buy,8.22e-05,12.64,0.0010390080000000001
GVT/BTC,1611319544339,2021-01-22T12:45:44.339Z,sell,8.21e-05,1.22,0.00010016200000000001
GVT/BTC,1611319544339,2021-01-22T12:45:44.339Z,sell,8.2e-05,7.77,0.00063714
GVT/BTC,1611319555350,2021-01-22T12:45:55.350Z,sell,8.2e-05,107.98,0.00885436
GVT/BTC,1611319733174,2021-01-22T12:48:53.174Z,sell,8.19e-05,1.23,0.000100737
GVT/BTC,1611319899837,2021-01-22T12:51:39.837Z,buy,8.19e-05,33.17,0.002716623
GVT/BTC,1611320009980,2021-01-22T12:53:29.980Z,sell,8.18e-05,18.64,0.0015247519999999999
GVT/BTC,1611320027333,2021-01-22T12:53:47.333Z,sell,8.18e-05,15.92,0.001302256
GVT/BTC,1611320044873,2021-01-22T12:54:04.873Z,buy,8.19e-05,4.78,0.000391482
GVT/BTC,1611320146561,2021-01-22T12:55:46.561Z,sell,8.19e-05,100.0,0.00819
GVT/BTC,1611320498950,2021-01-22T13:01:38.950Z,buy,8.22e-05,92.9,0.007636380000000001
GVT/BTC,1611320553457,2021-01-22T13:02:33.457Z,sell,8.22e-05,67.92,0.005583024000000001
GVT/BTC,1611320553726,2021-01-22T13:02:33.726Z,buy,8.22e-05,28.25,0.0023221500000000003
GVT/BTC,1611320707939,2021-01-22T13:05:07.939Z,buy,8.22e-05,1.23,0.000101106
GVT/BTC,1611320814355,2021-01-22T13:06:54.355Z,sell,8.21e-05,49.2,0.004039320000000001
GVT/BTC,1611320966744,2021-01-22T13:09:26.744Z,sell,8.24e-05,2.4,0.00019775999999999998
GVT/BTC,1611321011038,2021-01-22T13:10:11.038Z,sell,8.21e-05,49.2,0.004039320000000001
GVT/BTC,1611321019092,2021-01-22T13:10:19.092Z,sell,8.21e-05,16.33,0.001340693
GVT/BTC,1611321025568,2021-01-22T13:10:25.568Z,sell,8.18e-05,1.23,0.000100614
GVT/BTC,1611321192316,2021-01-22T13:13:12.316Z,sell,8.18e-05,24.81,0.0020294579999999996
GVT/BTC,1611321192334,2021-01-22T13:13:12.334Z,sell,8.18e-05,19.12,0.001564016
GVT/BTC,1611321378648,2021-01-22T13:16:18.648Z,sell,8.17e-05,34.0,0.0027778
GVT/BTC,1611321614047,2021-01-22T13:20:14.047Z,buy,8.2e-05,24.39,0.00199998
GVT/BTC,1611321614060,2021-01-22T13:20:14.060Z,buy,8.2e-05,9.84,0.0008068799999999999
GVT/BTC,1611321902153,2021-01-22T13:25:02.153Z,buy,8.25e-05,7.34,0.00060555
GVT/BTC,1611321903147,2021-01-22T13:25:03.147Z,buy,8.26e-05,2.43,0.000200718
GVT/BTC,1611321904144,2021-01-22T13:25:04.144Z,buy,8.27e-05,3.65,0.000301855
GVT/BTC,1611321990260,2021-01-22T13:26:30.260Z,buy,8.26e-05,1.23,0.000101598
GVT/BTC,1611321990260,2021-01-22T13:26:30.260Z,buy,8.26e-05,1.23,0.000101598
GVT/BTC,1611322207880,2021-01-22T13:30:07.880Z,buy,8.26e-05,4.87,0.000402262
GVT/BTC,1611322207880,2021-01-22T13:30:07.880Z,buy,8.27e-05,6.53,0.0005400310000000001
GVT/BTC,1611322207880,2021-01-22T13:30:07.880Z,buy,8.28e-05,122.68,0.010157904
GVT/BTC,1611322207880,2021-01-22T13:30:07.880Z,buy,8.29e-05,1008.79,0.08362869099999999
GVT/BTC,1611322222327,2021-01-22T13:30:22.327Z,buy,8.28e-05,6.64,0.0005497919999999999
GVT/BTC,1611322224216,2021-01-22T13:30:24.216Z,buy,8.28e-05,1.22,0.00010101599999999998
GVT/BTC,1611322276426,2021-01-22T13:31:16.426Z,buy,8.21e-05,48.66,0.003994986
GVT/BTC,1611322285044,2021-01-22T13:31:25.044Z,buy,8.21e-05,76.2,0.00625602
GVT/BTC,1611322288330,2021-01-22T13:31:28.330Z,buy,8.21e-05,165.21,0.013563741
GVT/BTC,1611322331277,2021-01-22T13:32:11.277Z,buy,8.21e-05,503.55,0.041341455
GVT/BTC,1611322331295,2021-01-22T13:32:11.295Z,sell,8.21e-05,249.75,0.020504475
GVT/BTC,1611322345402,2021-01-22T13:32:25.402Z,sell,8.21e-05,79.28,0.006508888
GVT/BTC,1611322362579,2021-01-22T13:32:42.579Z,sell,8.21e-05,57.97,0.004759337
GVT/BTC,1611322408651,2021-01-22T13:33:28.651Z,buy,8.25e-05,36.13,0.002980725
GVT/BTC,1611322416938,2021-01-22T13:33:36.938Z,buy,8.25e-05,13.79,0.0011376749999999999
GVT/BTC,1611322460916,2021-01-22T13:34:20.916Z,sell,8.22e-05,69.56,0.005717832000000001
GVT/BTC,1611322659599,2021-01-22T13:37:39.599Z,sell,8.21e-05,109.45,0.008985845000000001
GVT/BTC,1611322691907,2021-01-22T13:38:11.907Z,sell,8.2e-05,164.01,0.01344882
GVT/BTC,1611322693631,2021-01-22T13:38:13.631Z,sell,8.17e-05,24.39,0.001992663
GVT/BTC,1611322764337,2021-01-22T13:39:24.337Z,buy,8.19e-05,50.0,0.004095
GVT/BTC,1611322768302,2021-01-22T13:39:28.302Z,buy,8.19e-05,19.56,0.0016019639999999998
GVT/BTC,1611322790769,2021-01-22T13:39:50.769Z,buy,8.2e-05,184.22,0.01510604
GVT/BTC,1611322818555,2021-01-22T13:40:18.555Z,sell,8.17e-05,62.44,0.0051013479999999995
GVT/BTC,1611322820475,2021-01-22T13:40:20.475Z,sell,8.17e-05,246.0,0.0200982
GVT/BTC,1611322849431,2021-01-22T13:40:49.431Z,sell,8.17e-05,246.68,0.020153756
GVT/BTC,1611322866320,2021-01-22T13:41:06.320Z,sell,8.14e-05,15.27,0.001242978
GVT/BTC,1611322887577,2021-01-22T13:41:27.577Z,sell,8.12e-05,109.9,0.00892388
GVT/BTC,1611322950359,2021-01-22T13:42:30.359Z,sell,8.13e-05,1.24,0.000100812
GVT/BTC,1611322950359,2021-01-22T13:42:30.359Z,sell,8.12e-05,221.36,0.017974432
GVT/BTC,1611322960346,2021-01-22T13:42:40.346Z,sell,8.11e-05,672.44,0.054534884000000006
GVT/BTC,1611323003741,2021-01-22T13:43:23.741Z,sell,8.12e-05,67.21,0.005457451999999999
GVT/BTC,1611323023286,2021-01-22T13:43:43.286Z,sell,8.12e-05,100.38,0.008150856
GVT/BTC,1611323453010,2021-01-22T13:50:53.010Z,buy,8.18e-05,15.27,0.001249086
GVT/BTC,1611323536942,2021-01-22T13:52:16.942Z,buy,8.18e-05,21.65,0.0017709699999999997
GVT/BTC,1611323536942,2021-01-22T13:52:16.942Z,buy,8.19e-05,134.97,0.011054043
GVT/BTC,1611323536942,2021-01-22T13:52:16.942Z,buy,8.2e-05,2203.95,0.1807239
GVT/BTC,1611323585697,2021-01-22T13:53:05.697Z,buy,8.21e-05,6.27,0.000514767
GVT/BTC,1611323593001,2021-01-22T13:53:13.001Z,buy,8.22e-05,9.0,0.0007398000000000001
GVT/BTC,1611323597967,2021-01-22T13:53:17.967Z,buy,8.22e-05,1.23,0.000101106
GVT/BTC,1611323777752,2021-01-22T13:56:17.752Z,buy,8.22e-05,1.24,0.000101928
GVT/BTC,1611323777752,2021-01-22T13:56:17.752Z,buy,8.25e-05,1.22,0.00010065
GVT/BTC,1611323777752,2021-01-22T13:56:17.752Z,buy,8.3e-05,0.83,6.889e-05
GVT/BTC,1611323791046,2021-01-22T13:56:31.046Z,buy,8.3e-05,1.22,0.00010125999999999999
GVT/BTC,1611323830699,2021-01-22T13:57:10.699Z,buy,8.3e-05,173.49,0.01439967
GVT/BTC,1611323910960,2021-01-22T13:58:30.960Z,sell,8.23e-05,119.56,0.009839788
GVT/BTC,1611323912282,2021-01-22T13:58:32.282Z,buy,8.23e-05,36.84,0.003031932
GVT/BTC,1611323942325,2021-01-22T13:59:02.325Z,sell,8.25e-05,37.19,0.003068175
GVT/BTC,1611323954446,2021-01-22T13:59:14.446Z,buy,8.29e-05,36.84,0.003054036
GVT/BTC,1611323954491,2021-01-22T13:59:14.491Z,sell,8.29e-05,326.07,0.027031202999999997
GVT/BTC,1611323958967,2021-01-22T13:59:18.967Z,sell,8.29e-05,500.62,0.041501397999999995
GVT/BTC,1611324001543,2021-01-22T14:00:01.543Z,sell,8.29e-05,4.21,0.000349009
GVT/BTC,1611324047215,2021-01-22T14:00:47.215Z,sell,8.29e-05,113.18,0.009382622
GVT/BTC,1611324048437,2021-01-22T14:00:48.437Z,sell,8.22e-05,2.44,0.000200568
GVT/BTC,1611324048437,2021-01-22T14:00:48.437Z,sell,8.21e-05,13.42,0.001101782
GVT/BTC,1611324078099,2021-01-22T14:01:18.099Z,buy,8.28e-05,4.84,0.00040075199999999993
GVT/BTC,1611324102551,2021-01-22T14:01:42.551Z,buy,8.28e-05,10.87,0.0009000359999999999
GVT/BTC,1611324136284,2021-01-22T14:02:16.284Z,buy,8.28e-05,10.87,0.0009000359999999999
GVT/BTC,1611324140847,2021-01-22T14:02:20.847Z,buy,8.28e-05,1.22,0.00010101599999999998
GVT/BTC,1611324318462,2021-01-22T14:05:18.462Z,buy,8.25e-05,1.23,0.000101475
GVT/BTC,1611324330708,2021-01-22T14:05:30.708Z,buy,8.25e-05,35.96,0.0029667
GVT/BTC,1611324330708,2021-01-22T14:05:30.708Z,buy,8.26e-05,60.55,0.00500143
GVT/BTC,1611324348389,2021-01-22T14:05:48.389Z,buy,8.26e-05,4.85,0.00040061
GVT/BTC,1611324348399,2021-01-22T14:05:48.399Z,buy,8.26e-05,54.16,0.004473616
GVT/BTC,1611324353301,2021-01-22T14:05:53.301Z,buy,8.27e-05,1.33,0.00010999100000000001
GVT/BTC,1611324354969,2021-01-22T14:05:54.969Z,buy,8.27e-05,2.31,0.00019103700000000002
GVT/BTC,1611324355793,2021-01-22T14:05:55.793Z,buy,8.27e-05,12.09,0.000999843
GVT/BTC,1611324357570,2021-01-22T14:05:57.570Z,buy,8.27e-05,2.41,0.00019930700000000002
GVT/BTC,1611324383797,2021-01-22T14:06:23.797Z,buy,8.27e-05,24.19,0.002000513
GVT/BTC,1611324383812,2021-01-22T14:06:23.812Z,buy,8.27e-05,24.19,0.002000513
GVT/BTC,1611324383883,2021-01-22T14:06:23.883Z,buy,8.27e-05,5.46,0.00045154200000000003
GVT/BTC,1611324388324,2021-01-22T14:06:28.324Z,sell,8.27e-05,12.17,0.0010064590000000001
GVT/BTC,1611324426785,2021-01-22T14:07:06.785Z,buy,8.28e-05,20.61,0.0017065079999999998
GVT/BTC,1611324427052,2021-01-22T14:07:07.052Z,buy,8.28e-05,9.88,0.000818064
GVT/BTC,1611324435157,2021-01-22T14:07:15.157Z,sell,8.28e-05,1.23,0.000101844
GVT/BTC,1611324463785,2021-01-22T14:07:43.785Z,buy,8.29e-05,2.08,0.000172432
GVT/BTC,1611324470271,2021-01-22T14:07:50.271Z,buy,8.29e-05,6.35,0.0005264149999999999
GVT/BTC,1611324472393,2021-01-22T14:07:52.393Z,buy,8.29e-05,6.59,0.000546311
GVT/BTC,1611324631018,2021-01-22T14:10:31.018Z,sell,8.21e-05,100.0,0.00821
GVT/BTC,1611324670087,2021-01-22T14:11:10.087Z,buy,8.28e-05,69.34,0.005741352
GVT/BTC,1611324670087,2021-01-22T14:11:10.087Z,buy,8.29e-05,329.56,0.027320524
GVT/BTC,1611324735180,2021-01-22T14:12:15.180Z,buy,8.28e-05,400.26,0.033141527999999996
GVT/BTC,1611324837551,2021-01-22T14:13:57.551Z,sell,8.23e-05,27.91,0.0022969929999999998
GVT/BTC,1611324899035,2021-01-22T14:14:59.035Z,sell,8.23e-05,3.0,0.0002469
GVT/BTC,1611325018573,2021-01-22T14:16:58.573Z,sell,8.23e-05,89.35,0.007353504999999999
GVT/BTC,1611325018632,2021-01-22T14:16:58.632Z,buy,8.23e-05,10.55,0.000868265
GVT/BTC,1611325370305,2021-01-22T14:22:50.305Z,buy,8.29e-05,15.14,0.001255106
GVT/BTC,1611325370409,2021-01-22T14:22:50.409Z,sell,8.29e-05,1.85,0.000153365
GVT/BTC,1611325496770,2021-01-22T14:24:56.770Z,sell,8.29e-05,8.7,0.0007212299999999999
GVT/BTC,1611325496770,2021-01-22T14:24:56.770Z,sell,8.29e-05,8.7,0.0007212299999999999
GVT/BTC,1611325614087,2021-01-22T14:26:54.087Z,buy,8.31e-05,1.21,0.000100551
GVT/BTC,1611325614087,2021-01-22T14:26:54.087Z,buy,8.33e-05,95.94,0.007991802000000001
GVT/BTC,1611325619300,2021-01-22T14:26:59.300Z,buy,8.33e-05,1.22,0.000101626
GVT/BTC,1611325841421,2021-01-22T14:30:41.421Z,buy,8.32e-05,1.22,0.000101504
GVT/BTC,1611325841857,2021-01-22T14:30:41.857Z,buy,8.32e-05,1.22,0.000101504
GVT/BTC,1611325942136,2021-01-22T14:32:22.136Z,sell,8.31e-05,1.21,0.000100551
GVT/BTC,1611326103818,2021-01-22T14:35:03.818Z,sell,8.29e-05,2.5,0.00020725
GVT/BTC,1611326104505,2021-01-22T14:35:04.505Z,sell,8.29e-05,2.5,0.00020725
GVT/BTC,1611326106954,2021-01-22T14:35:06.954Z,sell,8.29e-05,12.5,0.0010362499999999998
GVT/BTC,1611326139449,2021-01-22T14:35:39.449Z,sell,8.29e-05,203.57,0.016875953
GVT/BTC,1611326186350,2021-01-22T14:36:26.350Z,buy,8.31e-05,40.03,0.0033264930000000002
GVT/BTC,1611326214377,2021-01-22T14:36:54.377Z,sell,8.31e-05,8.18,0.000679758
GVT/BTC,1611326228765,2021-01-22T14:37:08.765Z,buy,8.33e-05,23.94,0.001994202
GVT/BTC,1611326322893,2021-01-22T14:38:42.893Z,sell,8.29e-05,3.93,0.000325797
GVT/BTC,1611326360596,2021-01-22T14:39:20.596Z,buy,8.34e-05,61.29,0.0051115859999999996
GVT/BTC,1611326360596,2021-01-22T14:39:20.596Z,buy,8.35e-05,152.94,0.012770489999999999
GVT/BTC,1611326400951,2021-01-22T14:40:00.951Z,sell,8.29e-05,12.22,0.001013038
GVT/BTC,1611326526431,2021-01-22T14:42:06.431Z,buy,8.3e-05,5.93,0.00049219
GVT/BTC,1611326563946,2021-01-22T14:42:43.946Z,sell,8.29e-05,142.02,0.011773458
GVT/BTC,1611326563946,2021-01-22T14:42:43.946Z,sell,8.28e-05,119.99,0.009935171999999999
GVT/BTC,1611326563946,2021-01-22T14:42:43.946Z,sell,8.27e-05,93.11,0.007700197000000001
GVT/BTC,1611326563946,2021-01-22T14:42:43.946Z,sell,8.25e-05,105.1,0.00867075
GVT/BTC,1611326563946,2021-01-22T14:42:43.946Z,sell,8.24e-05,383.85,0.03162924
GVT/BTC,1611326563946,2021-01-22T14:42:43.946Z,sell,8.24e-05,1.55,0.00012772
GVT/BTC,1611326587845,2021-01-22T14:43:07.845Z,buy,8.3e-05,11.83,0.00098189
GVT/BTC,1611326655167,2021-01-22T14:44:15.167Z,buy,8.3e-05,17.26,0.0014325800000000001
GVT/BTC,1611326666243,2021-01-22T14:44:26.243Z,buy,8.3e-05,17.55,0.00145665
GVT/BTC,1611326768575,2021-01-22T14:46:08.575Z,buy,8.3e-05,8.17,0.00067811
GVT/BTC,1611326768575,2021-01-22T14:46:08.575Z,buy,8.31e-05,3.67,0.000304977
GVT/BTC,1611326817381,2021-01-22T14:46:57.381Z,buy,8.31e-05,2.64,0.000219384
GVT/BTC,1611326817381,2021-01-22T14:46:57.381Z,buy,8.33e-05,11.92,0.000992936
GVT/BTC,1611326821042,2021-01-22T14:47:01.042Z,buy,8.33e-05,1.22,0.000101626
GVT/BTC,1611326836128,2021-01-22T14:47:16.128Z,buy,8.32e-05,1.22,0.000101504
GVT/BTC,1611327235390,2021-01-22T14:53:55.390Z,sell,8.27e-05,5.78,0.00047800600000000006
GVT/BTC,1611327235390,2021-01-22T14:53:55.390Z,sell,8.26e-05,5.9,0.00048734000000000006
GVT/BTC,1611327235390,2021-01-22T14:53:55.390Z,sell,8.25e-05,8.28,0.0006831
GVT/BTC,1611327235390,2021-01-22T14:53:55.390Z,sell,8.24e-05,1.46,0.00012030399999999999
GVT/BTC,1611327235390,2021-01-22T14:53:55.390Z,sell,8.23e-05,61.96,0.0050993079999999994
GVT/BTC,1611327235390,2021-01-22T14:53:55.390Z,sell,8.22e-05,1468.52,0.12071234400000001
GVT/BTC,1611327235390,2021-01-22T14:53:55.390Z,sell,8.2e-05,667.73,0.05475386
GVT/BTC,1611327247894,2021-01-22T14:54:07.894Z,buy,8.2e-05,1.22,0.00010004
GVT/BTC,1611327264064,2021-01-22T14:54:24.064Z,sell,8.19e-05,13.28,0.0010876319999999998
GVT/BTC,1611327354687,2021-01-22T14:55:54.687Z,buy,8.2e-05,199.84,0.01638688
GVT/BTC,1611327361043,2021-01-22T14:56:01.043Z,buy,8.2e-05,66.3,0.0054366
GVT/BTC,1611327413058,2021-01-22T14:56:53.058Z,sell,8.19e-05,3.82,0.000312858
GVT/BTC,1611327776137,2021-01-22T15:02:56.137Z,sell,8.16e-05,96.18,0.007848288000000002
GVT/BTC,1611327904086,2021-01-22T15:05:04.086Z,buy,8.18e-05,16.78,0.001372604
GVT/BTC,1611327904086,2021-01-22T15:05:04.086Z,buy,8.2e-05,59.39,0.00486998
GVT/BTC,1611327904337,2021-01-22T15:05:04.337Z,buy,8.2e-05,13.54,0.00111028
GVT/BTC,1611327904716,2021-01-22T15:05:04.716Z,sell,8.17e-05,61.19,0.004999223
GVT/BTC,1611327904716,2021-01-22T15:05:04.716Z,sell,8.16e-05,1681.71,0.137227536
GVT/BTC,1611327904716,2021-01-22T15:05:04.716Z,sell,8.15e-05,1.79,0.000145885
GVT/BTC,1611327904716,2021-01-22T15:05:04.716Z,sell,8.11e-05,42.13,0.0034167430000000003
GVT/BTC,1611327904716,2021-01-22T15:05:04.716Z,sell,8.1e-05,68.65,0.00556065
GVT/BTC,1611327905343,2021-01-22T15:05:05.343Z,buy,8.1e-05,224.94,0.01822014
GVT/BTC,1611328047288,2021-01-22T15:07:27.288Z,buy,8.26e-05,10.0,0.000826
GVT/BTC,1611328062200,2021-01-22T15:07:42.200Z,buy,8.26e-05,1.23,0.000101598
GVT/BTC,1611328088652,2021-01-22T15:08:08.652Z,sell,8.18e-05,2.45,0.00020041000000000001
GVT/BTC,1611328088652,2021-01-22T15:08:08.652Z,sell,8.17e-05,59.97,0.004899549
GVT/BTC,1611328088652,2021-01-22T15:08:08.652Z,sell,8.16e-05,65.08,0.005310528
GVT/BTC,1611328088652,2021-01-22T15:08:08.652Z,sell,8.15e-05,71.91,0.005860665
GVT/BTC,1611328091379,2021-01-22T15:08:11.379Z,sell,8.14e-05,23.24,0.0018917359999999998
GVT/BTC,1611328091379,2021-01-22T15:08:11.379Z,sell,8.13e-05,1.25,0.00010162499999999999
GVT/BTC,1611328091379,2021-01-22T15:08:11.379Z,sell,8.12e-05,41.98,0.0034087759999999996
GVT/BTC,1611328112547,2021-01-22T15:08:32.547Z,buy,8.24e-05,3.67,0.000302408
GVT/BTC,1611328112547,2021-01-22T15:08:32.547Z,buy,8.25e-05,35.04,0.0028908
GVT/BTC,1611328142493,2021-01-22T15:09:02.493Z,buy,8.25e-05,18.96,0.0015642
GVT/BTC,1611328282338,2021-01-22T15:11:22.338Z,buy,8.21e-05,5.97,0.000490137
GVT/BTC,1611328282338,2021-01-22T15:11:22.338Z,buy,8.22e-05,46.7,0.0038387400000000006
GVT/BTC,1611328282338,2021-01-22T15:11:22.338Z,buy,8.24e-05,161.98,0.013347152
GVT/BTC,1611328282338,2021-01-22T15:11:22.338Z,buy,8.25e-05,63.4,0.0052305
GVT/BTC,1611328282444,2021-01-22T15:11:22.444Z,sell,8.25e-05,171.07,0.014113275
GVT/BTC,1611328290004,2021-01-22T15:11:30.004Z,buy,8.28e-05,1.22,0.00010101599999999998
GVT/BTC,1611328299451,2021-01-22T15:11:39.451Z,sell,8.25e-05,9.57,0.000789525
GVT/BTC,1611328337903,2021-01-22T15:12:17.903Z,buy,8.29e-05,1.22,0.00010113799999999999
GVT/BTC,1611328339069,2021-01-22T15:12:19.069Z,sell,8.28e-05,1.21,0.00010018799999999998
GVT/BTC,1611328361900,2021-01-22T15:12:41.900Z,buy,8.29e-05,1.22,0.00010113799999999999
GVT/BTC,1611328448022,2021-01-22T15:14:08.022Z,sell,8.26e-05,1.22,0.000100772
GVT/BTC,1611328624211,2021-01-22T15:17:04.211Z,sell,8.27e-05,55.41,0.004582407
GVT/BTC,1611328869109,2021-01-22T15:21:09.109Z,sell,8.27e-05,73.72,0.006096644
GVT/BTC,1611328869109,2021-01-22T15:21:09.109Z,sell,8.24e-05,1.22,0.000100528
GVT/BTC,1611328869109,2021-01-22T15:21:09.109Z,sell,8.21e-05,3.97,0.00032593700000000005
GVT/BTC,1611328881893,2021-01-22T15:21:21.893Z,buy,8.21e-05,1.22,0.00010016200000000001
GVT/BTC,1611328946625,2021-01-22T15:22:26.625Z,buy,8.21e-05,1.22,0.00010016200000000001
GVT/BTC,1611328946625,2021-01-22T15:22:26.625Z,buy,8.21e-05,1.22,0.00010016200000000001
GVT/BTC,1611329541966,2021-01-22T15:32:21.966Z,sell,8.2e-05,2.44,0.00020008
GVT/BTC,1611329541966,2021-01-22T15:32:21.966Z,sell,8.19e-05,1.23,0.000100737
GVT/BTC,1611329541966,2021-01-22T15:32:21.966Z,sell,8.18e-05,0.36,2.9447999999999997e-05
GVT/BTC,1611329717239,2021-01-22T15:35:17.239Z,sell,8.19e-05,119.04,0.009749376
GVT/BTC,1611329717239,2021-01-22T15:35:17.239Z,sell,8.18e-05,110.16,0.009011087999999999
GVT/BTC,1611329717239,2021-01-22T15:35:17.239Z,sell,8.17e-05,1.23,0.000100491
GVT/BTC,1611329717239,2021-01-22T15:35:17.239Z,sell,8.16e-05,837.87,0.06837019200000001
GVT/BTC,1611329717239,2021-01-22T15:35:17.239Z,sell,8.16e-05,91.32,0.007451712
GVT/BTC,1611330162358,2021-01-22T15:42:42.358Z,buy,8.21e-05,2.61,0.000214281
GVT/BTC,1611330162358,2021-01-22T15:42:42.358Z,buy,8.23e-05,25.0,0.0020575
GVT/BTC,1611330162358,2021-01-22T15:42:42.358Z,buy,8.25e-05,234.73,0.019365225
GVT/BTC,1611330162358,2021-01-22T15:42:42.358Z,buy,8.26e-05,13.41,0.001107666
GVT/BTC,1611330162358,2021-01-22T15:42:42.358Z,buy,8.28e-05,2.68,0.000221904
GVT/BTC,1611330162358,2021-01-22T15:42:42.358Z,buy,8.29e-05,101.57,0.008420153
GVT/BTC,1611330196520,2021-01-22T15:43:16.520Z,buy,8.3e-05,1.22,0.00010125999999999999
GVT/BTC,1611330222187,2021-01-22T15:43:42.187Z,buy,8.3e-05,1.22,0.00010125999999999999
GVT/BTC,1611330436147,2021-01-22T15:47:16.147Z,sell,8.22e-05,3.9,0.00032058
GVT/BTC,1611330436147,2021-01-22T15:47:16.147Z,sell,8.2e-05,31.07,0.00254774
GVT/BTC,1611330436285,2021-01-22T15:47:16.285Z,sell,8.2e-05,34.97,0.00286754
