symbol,timestamp,datetime,side,price,amount,btc_volume
GVT/BTC,1613667603463,2021-02-18T17:00:03.463Z,buy,0.0001034,19.34,0.001999756
GVT/BTC,1613667666399,2021-02-18T17:01:06.399Z,buy,0.0001033,1.8,0.00018594
GVT/BTC,1613667684211,2021-02-18T17:01:24.211Z,sell,0.0001026,7.45,0.00076437
GVT/BTC,1613667709596,2021-02-18T17:01:49.596Z,buy,0.0001033,114.79,0.011857807000000001
GVT/BTC,1613667731618,2021-02-18T17:02:11.618Z,buy,0.0001033,154.41,0.015950553
GVT/BTC,1613667731717,2021-02-18T17:02:11.717Z,buy,0.0001034,5.5,0.0005687
GVT/BTC,1613667732726,2021-02-18T17:02:12.726Z,buy,0.0001034,42.76,0.004421384
GVT/BTC,1613667733730,2021-02-18T17:02:13.730Z,buy,0.0001035,171.56,0.017756459999999998
GVT/BTC,1613667750307,2021-02-18T17:02:30.307Z,sell,0.0001034,137.94,0.014262996
GVT/BTC,1613667750307,2021-02-18T17:02:30.307Z,sell,0.0001033,3760.7,0.38848031
GVT/BTC,1613667767189,2021-02-18T17:02:47.189Z,buy,0.0001038,0.98,0.000101724
GVT/BTC,1613667791398,2021-02-18T17:03:11.398Z,buy,0.0001038,20.0,0.002076
GVT/BTC,1613667793051,2021-02-18T17:03:13.051Z,sell,0.0001036,0.97,0.000100492
GVT/BTC,1613667793171,2021-02-18T17:03:13.171Z,buy,0.0001036,109.23,0.011316228
GVT/BTC,1613667815148,2021-02-18T17:03:35.148Z,buy,0.0001037,4.3,0.00044591
GVT/BTC,1613667824952,2021-02-18T17:03:44.952Z,buy,0.0001037,193.48,0.020063875999999998
GVT/BTC,1613667825950,2021-02-18T17:03:45.950Z,buy,0.0001039,5.5,0.00057145
GVT/BTC,1613667833466,2021-02-18T17:03:53.466Z,sell,0.0001035,3.38,0.00034983
GVT/BTC,1613667833466,2021-02-18T17:03:53.466Z,sell,0.0001034,55.22,0.005709748000000001
GVT/BTC,1613667833466,2021-02-18T17:03:53.466Z,sell,0.0001034,5.58,0.000576972
GVT/BTC,1613667867667,2021-02-18T17:04:27.667Z,sell,0.0001035,3.38,0.00034983
GVT/BTC,1613667867667,2021-02-18T17:04:27.667Z,sell,0.0001034,42.33,0.004376922
GVT/BTC,1613667867689,2021-02-18T17:04:27.689Z,buy,0.0001034,57.36,0.005931024
GVT/BTC,1613667873559,2021-02-18T17:04:33.559Z,sell,0.0001034,7.0,0.0007238
GVT/BTC,1613667882004,2021-02-18T17:04:42.004Z,buy,0.0001039,15.41,0.0016010990000000001
GVT/BTC,1613667885139,2021-02-18T17:04:45.139Z,sell,0.0001039,44.34,0.004606926000000001
GVT/BTC,1613667885139,2021-02-18T17:04:45.139Z,sell,0.0001035,37.67,0.003898845
GVT/BTC,1613667889299,2021-02-18T17:04:49.299Z,sell,0.0001036,47.12,0.0048816319999999995
GVT/BTC,1613667889299,2021-02-18T17:04:49.299Z,sell,0.0001034,69.5,0.0071863000000000005
GVT/BTC,1613667890535,2021-02-18T17:04:50.535Z,sell,0.0001038,10.0,0.001038
GVT/BTC,1613667895553,2021-02-18T17:04:55.553Z,sell,0.0001038,1.35,0.00014013
GVT/BTC,1613667900502,2021-02-18T17:05:00.502Z,buy,0.000104,6.3,0.0006552
GVT/BTC,1613667900794,2021-02-18T17:05:00.794Z,sell,0.0001038,102.85,0.010675829999999999
GVT/BTC,1613667916517,2021-02-18T17:05:16.517Z,sell,0.0001038,1.41,0.000146358
GVT/BTC,1613667919543,2021-02-18T17:05:19.543Z,buy,0.0001037,22.4,0.00232288
GVT/BTC,1613667919543,2021-02-18T17:05:19.543Z,buy,0.0001038,27.25,0.00282855
GVT/BTC,1613667925463,2021-02-18T17:05:25.463Z,sell,0.0001038,360.88,0.037459344
GVT/BTC,1613667927612,2021-02-18T17:05:27.612Z,sell,0.0001038,20.31,0.002108178
GVT/BTC,1613667932123,2021-02-18T17:05:32.123Z,sell,0.0001038,360.88,0.037459344
GVT/BTC,1613667944840,2021-02-18T17:05:44.840Z,sell,0.0001038,1095.24,0.113685912
GVT/BTC,1613667950388,2021-02-18T17:05:50.388Z,sell,0.0001038,1095.25,0.11368695000000001
GVT/BTC,1613667955023,2021-02-18T17:05:55.023Z,sell,0.0001038,73.19,0.0075971219999999996
GVT/BTC,1613667965351,2021-02-18T17:06:05.351Z,sell,0.0001038,188.06,0.019520628
GVT/BTC,1613667967934,2021-02-18T17:06:07.934Z,buy,0.0001042,3.65,0.00038032999999999996
GVT/BTC,1613667980104,2021-02-18T17:06:20.104Z,buy,0.0001043,13.49,0.001407007
GVT/BTC,1613667986378,2021-02-18T17:06:26.378Z,buy,0.0001044,3.2,0.00033408000000000005
GVT/BTC,1613667986378,2021-02-18T17:06:26.378Z,buy,0.0001045,18.03,0.0018841350000000003
GVT/BTC,1613668003175,2021-02-18T17:06:43.175Z,sell,0.0001044,15.0,0.0015660000000000001
GVT/BTC,1613668005130,2021-02-18T17:06:45.130Z,buy,0.0001045,38.48,0.00402116
GVT/BTC,1613668005725,2021-02-18T17:06:45.725Z,buy,0.0001047,35.4,0.0037063799999999996
GVT/BTC,1613668015392,2021-02-18T17:06:55.392Z,sell,0.0001045,1111.21,0.116121445
GVT/BTC,1613668022393,2021-02-18T17:07:02.393Z,buy,0.0001047,4.56,0.00047743199999999996
GVT/BTC,1613668022393,2021-02-18T17:07:02.393Z,buy,0.0001048,3.35,0.00035108000000000003
GVT/BTC,1613668022401,2021-02-18T17:07:02.401Z,buy,0.0001048,1.38,0.000144624
GVT/BTC,1613668022747,2021-02-18T17:07:02.747Z,buy,0.0001048,1.17,0.00012261599999999998
GVT/BTC,1613668022819,2021-02-18T17:07:02.819Z,buy,0.0001048,27.69,0.002901912
GVT/BTC,1613668022845,2021-02-18T17:07:02.845Z,buy,0.000105,2.1,0.00022050000000000002
GVT/BTC,1613668022857,2021-02-18T17:07:02.857Z,buy,0.000105,5.57,0.00058485
GVT/BTC,1613668023102,2021-02-18T17:07:03.102Z,sell,0.0001049,0.99,0.000103851
GVT/BTC,1613668023425,2021-02-18T17:07:03.425Z,buy,0.000105,1.14,0.0001197
GVT/BTC,1613668023507,2021-02-18T17:07:03.507Z,buy,0.000105,1.87,0.00019635000000000003
GVT/BTC,1613668023518,2021-02-18T17:07:03.518Z,buy,0.000105,1.06,0.00011130000000000001
GVT/BTC,1613668023556,2021-02-18T17:07:03.556Z,buy,0.000105,1.05,0.00011025000000000001
GVT/BTC,1613668023560,2021-02-18T17:07:03.560Z,buy,0.000105,1.13,0.00011865
GVT/BTC,1613668023578,2021-02-18T17:07:03.578Z,buy,0.000105,4.94,0.0005187000000000001
GVT/BTC,1613668023789,2021-02-18T17:07:03.789Z,buy,0.000105,1.8,0.000189
GVT/BTC,1613668024353,2021-02-18T17:07:04.353Z,buy,0.000105,1.66,0.0001743
GVT/BTC,1613668028367,2021-02-18T17:07:08.367Z,buy,0.000105,91.57,0.00961485
GVT/BTC,1613668048226,2021-02-18T17:07:28.226Z,buy,0.000105,47.62,0.0050000999999999995
GVT/BTC,1613668055101,2021-02-18T17:07:35.101Z,buy,0.000105,63.16,0.0066318
GVT/BTC,1613668058575,2021-02-18T17:07:38.575Z,buy,0.0001051,100.11,0.010521560999999999
GVT/BTC,1613668062086,2021-02-18T17:07:42.086Z,buy,0.0001053,32.07,0.003376971
GVT/BTC,1613668062086,2021-02-18T17:07:42.086Z,buy,0.0001054,63.59,0.006702386
GVT/BTC,1613668068356,2021-02-18T17:07:48.356Z,buy,0.0001054,117.09,0.012341286
GVT/BTC,1613668069681,2021-02-18T17:07:49.681Z,buy,0.0001054,115.26,0.012148404
GVT/BTC,1613668074575,2021-02-18T17:07:54.575Z,buy,0.0001054,27.3,0.00287742
GVT/BTC,1613668085921,2021-02-18T17:08:05.921Z,buy,0.0001054,314.28,0.033125112
GVT/BTC,1613668086907,2021-02-18T17:08:06.907Z,sell,0.0001054,558.22,0.058836388
GVT/BTC,1613668087055,2021-02-18T17:08:07.055Z,sell,0.0001052,1.24,0.000130448
GVT/BTC,1613668095539,2021-02-18T17:08:15.539Z,sell,0.0001052,28.0,0.0029456
GVT/BTC,1613668124926,2021-02-18T17:08:44.926Z,sell,0.0001054,73.67,0.007764818000000001
GVT/BTC,1613668136097,2021-02-18T17:08:56.097Z,sell,0.0001054,3.24,0.000341496
GVT/BTC,1613668140422,2021-02-18T17:09:00.422Z,sell,0.0001054,11.55,0.0012173700000000002
GVT/BTC,1613668140705,2021-02-18T17:09:00.705Z,sell,0.0001054,0.98,0.000103292
GVT/BTC,1613668148517,2021-02-18T17:09:08.517Z,buy,0.0001055,16.83,0.0017755649999999998
GVT/BTC,1613668148788,2021-02-18T17:09:08.788Z,sell,0.0001055,56.39,0.005949145
GVT/BTC,1613668148956,2021-02-18T17:09:08.956Z,sell,0.0001055,958.32,0.10110276000000001
GVT/BTC,1613668149092,2021-02-18T17:09:09.092Z,sell,0.0001055,365.8,0.038591900000000005
GVT/BTC,1613668173606,2021-02-18T17:09:33.606Z,sell,0.0001055,2.23,0.000235265
GVT/BTC,1613668174694,2021-02-18T17:09:34.694Z,sell,0.0001055,1.99,0.000209945
GVT/BTC,1613668180384,2021-02-18T17:09:40.384Z,sell,0.0001055,23.57,0.002486635
GVT/BTC,1613668183313,2021-02-18T17:09:43.313Z,sell,0.0001055,19.42,0.0020488100000000003
GVT/BTC,1613668183586,2021-02-18T17:09:43.586Z,sell,0.0001055,23.57,0.002486635
GVT/BTC,1613668184926,2021-02-18T17:09:44.926Z,sell,0.0001055,79.98,0.00843789
GVT/BTC,1613668186490,2021-02-18T17:09:46.490Z,sell,0.0001055,14.26,0.00150443
GVT/BTC,1613668186823,2021-02-18T17:09:46.823Z,sell,0.0001055,210.06,0.02216133
GVT/BTC,1613668191497,2021-02-18T17:09:51.497Z,buy,0.0001056,17.88,0.001888128
GVT/BTC,1613668205630,2021-02-18T17:10:05.630Z,buy,0.0001058,97.7,0.01033666
GVT/BTC,1613668205630,2021-02-18T17:10:05.630Z,buy,0.0001059,256.97,0.027213123000000002
GVT/BTC,1613668205630,2021-02-18T17:10:05.630Z,buy,0.000106,328.76,0.03484856
GVT/BTC,1613668210879,2021-02-18T17:10:10.879Z,buy,0.000106,202.26,0.02143956
GVT/BTC,1613668211731,2021-02-18T17:10:11.731Z,buy,0.000106,1.37,0.00014522000000000002
GVT/BTC,1613668211766,2021-02-18T17:10:11.766Z,buy,0.000106,7.82,0.00082892
GVT/BTC,1613668211797,2021-02-18T17:10:11.797Z,buy,0.000106,1.78,0.00018868000000000002
GVT/BTC,1613668212017,2021-02-18T17:10:12.017Z,buy,0.000106,4.9,0.0005194
GVT/BTC,1613668212069,2021-02-18T17:10:12.069Z,buy,0.000106,1.16,0.00012296
GVT/BTC,1613668212169,2021-02-18T17:10:12.169Z,buy,0.000106,5.51,0.00058406
GVT/BTC,1613668212222,2021-02-18T17:10:12.222Z,buy,0.000106,2.08,0.00022048
GVT/BTC,1613668212349,2021-02-18T17:10:12.349Z,buy,0.000106,1.12,0.00011872000000000002
GVT/BTC,1613668212425,2021-02-18T17:10:12.425Z,buy,0.000106,1.05,0.00011130000000000001
GVT/BTC,1613668212529,2021-02-18T17:10:12.529Z,buy,0.000106,1.86,0.00019716000000000002
GVT/BTC,1613668212979,2021-02-18T17:10:12.979Z,buy,0.000106,13.36,0.0014161599999999999
GVT/BTC,1613668214112,2021-02-18T17:10:14.112Z,buy,0.000106,1.65,0.0001749
GVT/BTC,1613668216978,2021-02-18T17:10:16.978Z,buy,0.000106,50.0,0.0053
GVT/BTC,1613668218499,2021-02-18T17:10:18.499Z,buy,0.000106,5.0,0.00053
GVT/BTC,1613668219374,2021-02-18T17:10:19.374Z,buy,0.000106,6.0,0.0006360000000000001
GVT/BTC,1613668241518,2021-02-18T17:10:41.518Z,buy,0.000106,10.0,0.00106
GVT/BTC,1613668252511,2021-02-18T17:10:52.511Z,sell,0.000106,8.26,0.0008755599999999999
GVT/BTC,1613668254458,2021-02-18T17:10:54.458Z,sell,0.000106,15.97,0.00169282
GVT/BTC,1613668261484,2021-02-18T17:11:01.484Z,sell,0.0001056,153.34,0.016192704000000002
GVT/BTC,1613668264618,2021-02-18T17:11:04.618Z,buy,0.000106,332.64,0.03525984
GVT/BTC,1613668264825,2021-02-18T17:11:04.825Z,sell,0.000106,5.0,0.00053
GVT/BTC,1613668267742,2021-02-18T17:11:07.742Z,buy,0.0001061,1.13,0.000119893
GVT/BTC,1613668268616,2021-02-18T17:11:08.616Z,buy,0.0001061,1.04,0.00011034400000000001
GVT/BTC,1613668277631,2021-02-18T17:11:17.631Z,sell,0.000106,1.07,0.00011342000000000001
GVT/BTC,1613668277635,2021-02-18T17:11:17.635Z,sell,0.000106,18.11,0.00191966
GVT/BTC,1613668285909,2021-02-18T17:11:25.909Z,sell,0.000106,100.0,0.0106
GVT/BTC,1613668287741,2021-02-18T17:11:27.741Z,buy,0.0001061,2.79,0.000296019
GVT/BTC,1613668293523,2021-02-18T17:11:33.523Z,sell,0.000106,57.69,0.00611514
GVT/BTC,1613668293806,2021-02-18T17:11:33.806Z,sell,0.000106,33.5,0.003551
GVT/BTC,1613668293806,2021-02-18T17:11:33.806Z,sell,0.0001051,48.6,0.00510786
GVT/BTC,1613668293806,2021-02-18T17:11:33.806Z,sell,0.000105,127.69,0.01340745
GVT/BTC,1613668293806,2021-02-18T17:11:33.806Z,sell,0.0001049,130.87,0.013728263000000001
GVT/BTC,1613668293806,2021-02-18T17:11:33.806Z,sell,0.0001048,7.27,0.000761896
GVT/BTC,1613668293806,2021-02-18T17:11:33.806Z,sell,0.0001046,196.64,0.020568543999999998
GVT/BTC,1613668293806,2021-02-18T17:11:33.806Z,sell,0.0001045,8.36,0.00087362
GVT/BTC,1613668293806,2021-02-18T17:11:33.806Z,sell,0.0001044,28.44,0.0029691360000000003
GVT/BTC,1613668293806,2021-02-18T17:11:33.806Z,sell,0.0001044,7.62,0.000795528
GVT/BTC,1613668293816,2021-02-18T17:11:33.816Z,buy,0.0001049,3.82,0.000400718
GVT/BTC,1613668293916,2021-02-18T17:11:33.916Z,sell,0.0001045,58.21,0.006082945
GVT/BTC,1613668293916,2021-02-18T17:11:33.916Z,sell,0.0001044,57.28,0.005980032000000001
GVT/BTC,1613668293975,2021-02-18T17:11:33.975Z,sell,0.0001045,49.73,0.005196785
GVT/BTC,1613668293975,2021-02-18T17:11:33.975Z,sell,0.0001044,18.7,0.00195228
GVT/BTC,1613668294124,2021-02-18T17:11:34.124Z,sell,0.0001044,154.45,0.01612458
GVT/BTC,1613668294641,2021-02-18T17:11:34.641Z,sell,0.0001044,28.27,0.002951388
GVT/BTC,1613668295064,2021-02-18T17:11:35.064Z,buy,0.0001048,27.35,0.00286628
GVT/BTC,1613668303072,2021-02-18T17:11:43.072Z,sell,0.0001044,664.25,0.0693477
GVT/BTC,1613668303072,2021-02-18T17:11:43.072Z,sell,0.0001042,610.17,0.063579714
GVT/BTC,1613668304453,2021-02-18T17:11:44.453Z,buy,0.0001048,30.86,0.0032341279999999997
GVT/BTC,1613668305116,2021-02-18T17:11:45.116Z,sell,0.0001048,8.7,0.00091176
GVT/BTC,1613668308558,2021-02-18T17:11:48.558Z,sell,0.0001043,22.73,0.002370739
GVT/BTC,1613668309950,2021-02-18T17:11:49.950Z,sell,0.0001043,57.25,0.0059711750000000004
GVT/BTC,1613668309950,2021-02-18T17:11:49.950Z,sell,0.0001042,38.31,0.003991902
GVT/BTC,1613668316744,2021-02-18T17:11:56.744Z,buy,0.0001048,52.21,0.005471608
GVT/BTC,1613668325822,2021-02-18T17:12:05.822Z,buy,0.0001048,5.04,0.000528192
GVT/BTC,1613668325822,2021-02-18T17:12:05.822Z,buy,0.0001049,227.42,0.023856357999999998
GVT/BTC,1613668325839,2021-02-18T17:12:05.839Z,buy,0.000105,5.5,0.0005775
GVT/BTC,1613668341528,2021-02-18T17:12:21.528Z,buy,0.0001054,209.65,0.02209711
GVT/BTC,1613668346490,2021-02-18T17:12:26.490Z,buy,0.0001055,12.85,0.001355675
GVT/BTC,1613668347240,2021-02-18T17:12:27.240Z,buy,0.0001056,56.61,0.005978016
GVT/BTC,1613668352802,2021-02-18T17:12:32.802Z,buy,0.0001056,6.32,0.000667392
GVT/BTC,1613668354007,2021-02-18T17:12:34.007Z,sell,0.0001055,631.71,0.066645405
GVT/BTC,1613668354007,2021-02-18T17:12:34.007Z,sell,0.0001053,113.97,0.012001041
GVT/BTC,1613668354007,2021-02-18T17:12:34.007Z,sell,0.000105,5.5,0.0005775
GVT/BTC,1613668354007,2021-02-18T17:12:34.007Z,sell,0.0001046,57.37,0.006000902
GVT/BTC,1613668354007,2021-02-18T17:12:34.007Z,sell,0.0001045,5.5,0.0005747500000000001
GVT/BTC,1613668354007,2021-02-18T17:12:34.007Z,sell,0.0001044,1.15,0.00012006
GVT/BTC,1613668354007,2021-02-18T17:12:34.007Z,sell,0.0001043,50.15,0.005230645
GVT/BTC,1613668354007,2021-02-18T17:12:34.007Z,sell,0.0001042,160.24,0.016697008
GVT/BTC,1613668354007,2021-02-18T17:12:34.007Z,sell,0.0001041,85.59,0.008909919
GVT/BTC,1613668354007,2021-02-18T17:12:34.007Z,sell,0.000104,229.99,0.02391896
GVT/BTC,1613668354007,2021-02-18T17:12:34.007Z,sell,0.0001039,13.78,0.001431742
GVT/BTC,1613668354007,2021-02-18T17:12:34.007Z,sell,0.0001038,92.08,0.009557904
GVT/BTC,1613668354007,2021-02-18T17:12:34.007Z,sell,0.0001037,90.0,0.009333
GVT/BTC,1613668354007,2021-02-18T17:12:34.007Z,sell,0.0001036,14.7,0.0015229199999999999
GVT/BTC,1613668354007,2021-02-18T17:12:34.007Z,sell,0.0001035,14.73,0.001524555
GVT/BTC,1613668354007,2021-02-18T17:12:34.007Z,sell,0.0001034,123.96,0.012817464
GVT/BTC,1613668354007,2021-02-18T17:12:34.007Z,sell,0.0001033,69.44,0.007173152
GVT/BTC,1613668354007,2021-02-18T17:12:34.007Z,sell,0.0001032,62.24,0.006423168
GVT/BTC,1613668354007,2021-02-18T17:12:34.007Z,sell,0.0001031,58.78,0.006060218
GVT/BTC,1613668354007,2021-02-18T17:12:34.007Z,sell,0.000103,126.11,0.01298933
GVT/BTC,1613668354007,2021-02-18T17:12:34.007Z,sell,0.0001028,7.42,0.0007627760000000001
GVT/BTC,1613668354007,2021-02-18T17:12:34.007Z,sell,0.0001027,251.97,0.025877319
GVT/BTC,1613668354007,2021-02-18T17:12:34.007Z,sell,0.0001026,85.99,0.008822574
GVT/BTC,1613668354007,2021-02-18T17:12:34.007Z,sell,0.0001025,794.02,0.08138705
GVT/BTC,1613668354007,2021-02-18T17:12:34.007Z,sell,0.0001024,452.56,0.046342143999999995
GVT/BTC,1613668354007,2021-02-18T17:12:34.007Z,sell,0.0001023,164.68,0.016846764
GVT/BTC,1613668354007,2021-02-18T17:12:34.007Z,sell,0.0001022,401.16,0.04099855200000001
GVT/BTC,1613668354007,2021-02-18T17:12:34.007Z,sell,0.0001021,29.67,0.003029307
GVT/BTC,1613668354007,2021-02-18T17:12:34.007Z,sell,0.000102,199.66,0.02036532
GVT/BTC,1613668354022,2021-02-18T17:12:34.022Z,buy,0.000103,3.84,0.00039551999999999995
GVT/BTC,1613668354033,2021-02-18T17:12:34.033Z,buy,0.000103,0.79,8.137e-05
GVT/BTC,1613668354058,2021-02-18T17:12:34.058Z,buy,0.0001032,37.24,0.003843168
GVT/BTC,1613668354657,2021-02-18T17:12:34.657Z,buy,0.0001032,3.23,0.000333336
GVT/BTC,1613668356326,2021-02-18T17:12:36.326Z,sell,0.0001031,1.08,0.000111348
GVT/BTC,1613668356354,2021-02-18T17:12:36.354Z,sell,0.0001032,1.08,0.00011145600000000001
GVT/BTC,1613668356963,2021-02-18T17:12:36.963Z,buy,0.0001032,132.55,0.013679160000000001
GVT/BTC,1613668356963,2021-02-18T17:12:36.963Z,buy,0.0001034,147.19,0.015219446000000001
GVT/BTC,1613668356963,2021-02-18T17:12:36.963Z,buy,0.0001035,164.2,0.016994699999999998
GVT/BTC,1613668356963,2021-02-18T17:12:36.963Z,buy,0.0001036,130.23,0.013491827999999999
GVT/BTC,1613668357068,2021-02-18T17:12:37.068Z,buy,0.0001034,1.16,0.000119944
GVT/BTC,1613668358066,2021-02-18T17:12:38.066Z,buy,0.0001036,4.38,0.00045376799999999996
GVT/BTC,1613668358289,2021-02-18T17:12:38.289Z,buy,0.0001036,23.5,0.0024346
GVT/BTC,1613668358289,2021-02-18T17:12:38.289Z,buy,0.0001039,134.97,0.014023383
GVT/BTC,1613668358443,2021-02-18T17:12:38.443Z,sell,0.0001033,13.36,0.001380088
GVT/BTC,1613668359419,2021-02-18T17:12:39.419Z,buy,0.0001039,115.06,0.011954734000000002
GVT/BTC,1613668360200,2021-02-18T17:12:40.200Z,buy,0.0001037,41.04,0.004255848
GVT/BTC,1613668360210,2021-02-18T17:12:40.210Z,sell,0.0001032,27.67,0.0028555440000000002
GVT/BTC,1613668364584,2021-02-18T17:12:44.584Z,sell,0.0001032,5.5,0.0005676
GVT/BTC,1613668365164,2021-02-18T17:12:45.164Z,buy,0.0001034,5.5,0.0005687
GVT/BTC,1613668366011,2021-02-18T17:12:46.011Z,buy,0.0001037,48.96,0.005077152
GVT/BTC,1613668366011,2021-02-18T17:12:46.011Z,buy,0.0001039,27.6,0.0028676400000000003
GVT/BTC,1613668376261,2021-02-18T17:12:56.261Z,buy,0.0001036,435.05,0.04507118
GVT/BTC,1613668376261,2021-02-18T17:12:56.261Z,buy,0.0001039,24.35,0.0025299650000000003
GVT/BTC,1613668393357,2021-02-18T17:13:13.357Z,buy,0.0001039,38.49,0.0039991110000000005
GVT/BTC,1613668396580,2021-02-18T17:13:16.580Z,buy,0.0001039,77.44,0.008046016
GVT/BTC,1613668396580,2021-02-18T17:13:16.580Z,buy,0.000104,149.51,0.015549039999999998
GVT/BTC,1613668396580,2021-02-18T17:13:16.580Z,buy,0.0001041,185.3,0.01928973
GVT/BTC,1613668396580,2021-02-18T17:13:16.580Z,buy,0.0001042,116.94,0.012185148
GVT/BTC,1613668396580,2021-02-18T17:13:16.580Z,buy,0.0001044,51.77,0.005404788000000001
GVT/BTC,1613668396580,2021-02-18T17:13:16.580Z,buy,0.0001045,20.2,0.0021109
GVT/BTC,1613668396580,2021-02-18T17:13:16.580Z,buy,0.0001047,1.68,0.00017589599999999998
GVT/BTC,1613668396580,2021-02-18T17:13:16.580Z,buy,0.0001048,2.9,0.00030392
GVT/BTC,1613668396580,2021-02-18T17:13:16.580Z,buy,0.0001049,38.99,0.004090051
GVT/BTC,1613668396580,2021-02-18T17:13:16.580Z,buy,0.000105,53.91,0.00566055
GVT/BTC,1613668396580,2021-02-18T17:13:16.580Z,buy,0.0001051,12.23,0.001285373
GVT/BTC,1613668396580,2021-02-18T17:13:16.580Z,buy,0.0001052,133.19,0.014011587999999998
GVT/BTC,1613668396580,2021-02-18T17:13:16.580Z,buy,0.0001053,292.47,0.030797091000000002
GVT/BTC,1613668396580,2021-02-18T17:13:16.580Z,buy,0.0001054,176.73,0.018627341999999998
GVT/BTC,1613668396580,2021-02-18T17:13:16.580Z,buy,0.0001055,9.34,0.00098537
GVT/BTC,1613668396580,2021-02-18T17:13:16.580Z,buy,0.0001056,56.9,0.00600864
GVT/BTC,1613668396879,2021-02-18T17:13:16.879Z,buy,0.0001039,11.43,0.001187577
GVT/BTC,1613668400176,2021-02-18T17:13:20.176Z,sell,0.0001047,65.21,0.006827486999999999
GVT/BTC,1613668406160,2021-02-18T17:13:26.160Z,sell,0.000105,5.5,0.0005775
GVT/BTC,1613668406160,2021-02-18T17:13:26.160Z,sell,0.0001046,44.5,0.0046546999999999995
GVT/BTC,1613668418321,2021-02-18T17:13:38.321Z,sell,0.0001046,3.64,0.00038074399999999997
GVT/BTC,1613668418321,2021-02-18T17:13:38.321Z,sell,0.0001045,5.5,0.0005747500000000001
GVT/BTC,1613668418321,2021-02-18T17:13:38.321Z,sell,0.0001044,1.15,0.00012006
GVT/BTC,1613668418321,2021-02-18T17:13:38.321Z,sell,0.0001039,84.92,0.008823188000000001
GVT/BTC,1613668438306,2021-02-18T17:13:58.306Z,buy,0.0001038,1.07,0.00011106600000000001
GVT/BTC,1613668442230,2021-02-18T17:14:02.230Z,sell,0.0001037,3.18,0.000329766
GVT/BTC,1613668449803,2021-02-18T17:14:09.803Z,sell,0.0001037,86.82,0.009003233999999999
GVT/BTC,1613668505000,2021-02-18T17:15:05.000Z,buy,0.0001037,92.9,0.00963373
GVT/BTC,1613668505368,2021-02-18T17:15:05.368Z,buy,0.0001037,5.97,0.000619089
GVT/BTC,1613668505562,2021-02-18T17:15:05.562Z,buy,0.0001037,16.36,0.001696532
GVT/BTC,1613668505562,2021-02-18T17:15:05.562Z,buy,0.0001038,15.66,0.0016255080000000001
GVT/BTC,1613668538551,2021-02-18T17:15:38.551Z,sell,0.0001037,1.07,0.000110959
GVT/BTC,1613668552927,2021-02-18T17:15:52.927Z,buy,0.0001038,6.93,0.000719334
GVT/BTC,1613668559159,2021-02-18T17:15:59.159Z,sell,0.0001037,3.24,0.000335988
GVT/BTC,1613668567949,2021-02-18T17:16:07.949Z,buy,0.0001037,0.97,0.000100589
GVT/BTC,1613668581906,2021-02-18T17:16:21.906Z,buy,0.0001037,4.34,0.000450058
GVT/BTC,1613668593851,2021-02-18T17:16:33.851Z,sell,0.0001035,10.0,0.001035
GVT/BTC,1613668593851,2021-02-18T17:16:33.851Z,sell,0.0001034,10.37,0.001072258
GVT/BTC,1613668602708,2021-02-18T17:16:42.708Z,buy,0.0001037,1.82,0.000188734
GVT/BTC,1613668602742,2021-02-18T17:16:42.742Z,buy,0.0001037,8.0,0.0008296
GVT/BTC,1613668602766,2021-02-18T17:16:42.766Z,buy,0.0001037,1.4,0.00014518
GVT/BTC,1613668603153,2021-02-18T17:16:43.153Z,buy,0.0001037,1.18,0.000122366
GVT/BTC,1613668603155,2021-02-18T17:16:43.155Z,buy,0.0001037,5.64,0.000584868
GVT/BTC,1613668603448,2021-02-18T17:16:43.448Z,buy,0.0001037,2.13,0.000220881
GVT/BTC,1613668603529,2021-02-18T17:16:43.529Z,buy,0.0001037,5.0,0.0005185
GVT/BTC,1613668603538,2021-02-18T17:16:43.538Z,buy,0.0001037,1.9,0.00019703
GVT/BTC,1613668603942,2021-02-18T17:16:43.942Z,buy,0.0001037,1.06,0.00010992200000000001
GVT/BTC,1613668604402,2021-02-18T17:16:44.402Z,buy,0.0001037,1.14,0.00011821799999999999
GVT/BTC,1613668604433,2021-02-18T17:16:44.433Z,buy,0.0001037,1.68,0.000174216
GVT/BTC,1613668604452,2021-02-18T17:16:44.452Z,buy,0.0001037,1.08,0.000111996
GVT/BTC,1613668604733,2021-02-18T17:16:44.733Z,buy,0.0001037,1.15,0.000119255
GVT/BTC,1613668649967,2021-02-18T17:17:29.967Z,buy,0.0001037,2.08,0.000215696
GVT/BTC,1613668683667,2021-02-18T17:18:03.667Z,buy,0.0001037,92.64,0.009606768
GVT/BTC,1613668776558,2021-02-18T17:19:36.558Z,buy,0.0001037,29.58,0.0030674459999999997
GVT/BTC,1613668776558,2021-02-18T17:19:36.558Z,buy,0.0001038,20.68,0.002146584
GVT/BTC,1613668860327,2021-02-18T17:21:00.327Z,sell,0.0001034,13.19,0.001363846
GVT/BTC,1613668860327,2021-02-18T17:21:00.327Z,sell,0.0001031,0.73,7.5263e-05
GVT/BTC,1613668864886,2021-02-18T17:21:04.886Z,buy,0.0001038,6.42,0.000666396
GVT/BTC,1613668872971,2021-02-18T17:21:12.971Z,buy,0.0001038,85.2,0.00884376
GVT/BTC,1613668874267,2021-02-18T17:21:14.267Z,buy,0.0001038,2.9,0.00030102
GVT/BTC,1613668875712,2021-02-18T17:21:15.712Z,sell,0.0001031,50.2,0.005175620000000001
GVT/BTC,1613668878519,2021-02-18T17:21:18.519Z,sell,0.0001032,1.27,0.000131064
GVT/BTC,1613668898134,2021-02-18T17:21:38.134Z,sell,0.000103,20.8,0.0021424
GVT/BTC,1613668904613,2021-02-18T17:21:44.613Z,sell,0.0001028,1.2,0.00012336
GVT/BTC,1613668914215,2021-02-18T17:21:54.215Z,sell,0.0001028,4.3,0.00044204
GVT/BTC,1613668914245,2021-02-18T17:21:54.245Z,buy,0.0001028,13.93,0.001432004
GVT/BTC,1613668915646,2021-02-18T17:21:55.646Z,buy,0.0001028,1.0,0.0001028
GVT/BTC,1613668918592,2021-02-18T17:21:58.592Z,sell,0.0001027,33.45,0.0034353150000000004
GVT/BTC,1613668918592,2021-02-18T17:21:58.592Z,sell,0.0001026,1.68,0.000172368
GVT/BTC,1613668918592,2021-02-18T17:21:58.592Z,sell,0.0001025,16.36,0.0016768999999999998
GVT/BTC,1613668927491,2021-02-18T17:22:07.491Z,sell,0.0001026,95.19,0.009766494
GVT/BTC,1613668969176,2021-02-18T17:22:49.176Z,buy,0.0001025,10.92,0.0011193
GVT/BTC,1613668986793,2021-02-18T17:23:06.793Z,sell,0.0001025,7.51,0.000769775
GVT/BTC,1613668986793,2021-02-18T17:23:06.793Z,sell,0.0001024,36.21,0.0037079039999999997
GVT/BTC,1613668986793,2021-02-18T17:23:06.793Z,sell,0.0001023,165.22,0.016902006
GVT/BTC,1613668986793,2021-02-18T17:23:06.793Z,sell,0.0001022,38.64,0.003949008
GVT/BTC,1613669031738,2021-02-18T17:23:51.738Z,buy,0.0001028,5.5,0.0005654
GVT/BTC,1613669031738,2021-02-18T17:23:51.738Z,buy,0.0001031,4.5,0.00046395
GVT/BTC,1613669047395,2021-02-18T17:24:07.395Z,sell,0.0001025,4.3,0.00044074999999999995
GVT/BTC,1613669079510,2021-02-18T17:24:39.510Z,sell,0.0001025,49.58,0.00508195
GVT/BTC,1613669079510,2021-02-18T17:24:39.510Z,sell,0.0001023,1.08,0.00011048400000000001
GVT/BTC,1613669142893,2021-02-18T17:25:42.893Z,sell,0.0001025,48.78,0.00499995
GVT/BTC,1613669142893,2021-02-18T17:25:42.893Z,sell,0.0001024,20.77,0.0021268479999999998
GVT/BTC,1613669152754,2021-02-18T17:25:52.754Z,sell,0.0001025,6.54,0.00067035
GVT/BTC,1613669205746,2021-02-18T17:26:45.746Z,buy,0.0001028,6.54,0.000672312
GVT/BTC,1613669205746,2021-02-18T17:26:45.746Z,buy,0.0001029,55.48,0.005708891999999999
GVT/BTC,1613669216958,2021-02-18T17:26:56.958Z,buy,0.000103,21.23,0.00218669
GVT/BTC,1613669259795,2021-02-18T17:27:39.795Z,sell,0.0001024,64.56,0.006610944
GVT/BTC,1613669259795,2021-02-18T17:27:39.795Z,sell,0.0001023,78.85,0.008066355
GVT/BTC,1613669263858,2021-02-18T17:27:43.858Z,buy,0.0001028,5.5,0.0005654
GVT/BTC,1613669263858,2021-02-18T17:27:43.858Z,buy,0.0001029,1.87,0.000192423
GVT/BTC,1613669271216,2021-02-18T17:27:51.216Z,sell,0.0001023,5.5,0.00056265
GVT/BTC,1613669271227,2021-02-18T17:27:51.227Z,buy,0.0001023,17.14,0.0017534220000000001
GVT/BTC,1613669271241,2021-02-18T17:27:51.241Z,buy,0.0001023,24.98,0.0025554540000000004
GVT/BTC,1613669286149,2021-02-18T17:28:06.149Z,buy,0.0001023,1.0,0.0001023
GVT/BTC,1613669294311,2021-02-18T17:28:14.311Z,buy,0.0001025,3.89,0.000398725
GVT/BTC,1613669294311,2021-02-18T17:28:14.311Z,buy,0.0001028,1.19,0.000122332
GVT/BTC,1613669296998,2021-02-18T17:28:16.998Z,buy,0.0001028,4.31,0.00044306799999999997
GVT/BTC,1613669296998,2021-02-18T17:28:16.998Z,buy,0.0001029,0.31,3.1899e-05
GVT/BTC,1613669299280,2021-02-18T17:28:19.280Z,sell,0.0001023,1.07,0.00010946100000000001
GVT/BTC,1613669299701,2021-02-18T17:28:19.701Z,buy,0.0001029,5.12,0.000526848
GVT/BTC,1613669303136,2021-02-18T17:28:23.136Z,buy,0.0001029,4.8,0.0004939199999999999
GVT/BTC,1613669305864,2021-02-18T17:28:25.864Z,buy,0.0001029,4.83,0.0004970069999999999
GVT/BTC,1613669308594,2021-02-18T17:28:28.594Z,buy,0.0001029,4.9,0.00050421
GVT/BTC,1613669311283,2021-02-18T17:28:31.283Z,buy,0.0001029,4.72,0.00048568799999999996
GVT/BTC,1613669313972,2021-02-18T17:28:33.972Z,buy,0.0001028,4.81,0.000494468
GVT/BTC,1613669316653,2021-02-18T17:28:36.653Z,buy,0.0001028,4.24,0.000435872
GVT/BTC,1613669320803,2021-02-18T17:28:40.803Z,sell,0.0001023,4.43,0.000453189
GVT/BTC,1613669320803,2021-02-18T17:28:40.803Z,sell,0.0001022,95.57,0.009767254
GVT/BTC,1613669355550,2021-02-18T17:29:15.550Z,sell,0.0001022,2.96,0.000302512
GVT/BTC,1613669381710,2021-02-18T17:29:41.710Z,sell,0.0001022,4.93,0.000503846
GVT/BTC,1613669384051,2021-02-18T17:29:44.051Z,sell,0.0001022,3.94,0.000402668
GVT/BTC,1613669385598,2021-02-18T17:29:45.598Z,buy,0.0001028,74.69,0.007678132
GVT/BTC,1613669387138,2021-02-18T17:29:47.138Z,sell,0.0001023,3.94,0.00040306200000000004
GVT/BTC,1613669389822,2021-02-18T17:29:49.822Z,sell,0.0001023,4.44,0.00045421200000000006
GVT/BTC,1613669392059,2021-02-18T17:29:52.059Z,sell,0.0001023,4.93,0.000504339
GVT/BTC,1613669394365,2021-02-18T17:29:54.365Z,sell,0.0001023,3.45,0.000352935
GVT/BTC,1613669396702,2021-02-18T17:29:56.702Z,sell,0.0001022,4.93,0.000503846
GVT/BTC,1613669398851,2021-02-18T17:29:58.851Z,sell,0.0001022,3.45,0.00035259
GVT/BTC,1613669401501,2021-02-18T17:30:01.501Z,sell,0.0001022,3.94,0.000402668
GVT/BTC,1613669403850,2021-02-18T17:30:03.850Z,sell,0.0001022,41.83,0.004275026
GVT/BTC,1613669403968,2021-02-18T17:30:03.968Z,sell,0.0001022,3.45,0.00035259
GVT/BTC,1613669405898,2021-02-18T17:30:05.898Z,sell,0.0001022,7.9,0.0008073800000000001
GVT/BTC,1613669414471,2021-02-18T17:30:14.471Z,sell,0.0001022,21.23,0.002169706
GVT/BTC,1613669440991,2021-02-18T17:30:40.991Z,buy,0.0001028,1.0,0.0001028
GVT/BTC,1613669460236,2021-02-18T17:31:00.236Z,buy,0.0001028,62.02,0.006375656
GVT/BTC,1613669460236,2021-02-18T17:31:00.236Z,buy,0.0001029,31.38,0.003229002
GVT/BTC,1613669467682,2021-02-18T17:31:07.682Z,sell,0.0001024,14.98,0.0015339519999999999
GVT/BTC,1613669511607,2021-02-18T17:31:51.607Z,buy,0.0001028,19.56,0.002010768
GVT/BTC,1613669591253,2021-02-18T17:33:11.253Z,buy,0.0001027,12.16,0.001248832
GVT/BTC,1613669591253,2021-02-18T17:33:11.253Z,buy,0.0001028,12.15,0.00124902
GVT/BTC,1613669674466,2021-02-18T17:34:34.466Z,sell,0.0001028,1.27,0.00013055600000000002
GVT/BTC,1613669737560,2021-02-18T17:35:37.560Z,sell,0.0001024,13.26,0.0013578239999999999
GVT/BTC,1613669739535,2021-02-18T17:35:39.535Z,buy,0.0001024,46.49,0.004760576
GVT/BTC,1613669750947,2021-02-18T17:35:50.947Z,sell,0.0001023,50.61,0.0051774030000000006
GVT/BTC,1613669782212,2021-02-18T17:36:22.212Z,buy,0.0001024,25.36,0.002596864
GVT/BTC,1613669811684,2021-02-18T17:36:51.684Z,sell,0.0001024,1.0,0.0001024
GVT/BTC,1613669822360,2021-02-18T17:37:02.360Z,sell,0.0001024,59.61,0.006104063999999999
GVT/BTC,1613669822430,2021-02-18T17:37:02.430Z,sell,0.0001023,35.13,0.0035937990000000004
GVT/BTC,1613669826655,2021-02-18T17:37:06.655Z,buy,0.0001024,32.67,0.0033454080000000002
GVT/BTC,1613669830201,2021-02-18T17:37:10.201Z,buy,0.0001024,74.93,0.007672832
GVT/BTC,1613669863382,2021-02-18T17:37:43.382Z,buy,0.0001024,5.19,0.000531456
GVT/BTC,1613669888428,2021-02-18T17:38:08.428Z,sell,0.0001021,24.0,0.0024504
GVT/BTC,1613669888428,2021-02-18T17:38:08.428Z,sell,0.000102,29.01,0.00295902
GVT/BTC,1613669889254,2021-02-18T17:38:09.254Z,buy,0.0001024,700.0,0.07168
GVT/BTC,1613669921704,2021-02-18T17:38:41.704Z,sell,0.0001024,15.0,0.001536
GVT/BTC,1613669937581,2021-02-18T17:38:57.581Z,sell,0.0001022,22.24,0.002272928
GVT/BTC,1613669946123,2021-02-18T17:39:06.123Z,buy,0.0001026,2.24,0.00022982400000000003
GVT/BTC,1613669971386,2021-02-18T17:39:31.386Z,sell,0.0001022,5.85,0.00059787
GVT/BTC,1613669998506,2021-02-18T17:39:58.506Z,sell,0.0001022,41.88,0.004280136
GVT/BTC,1613670020620,2021-02-18T17:40:20.620Z,buy,0.0001022,1.73,0.000176806
GVT/BTC,1613670040752,2021-02-18T17:40:40.752Z,buy,0.0001022,29.68,0.003033296
GVT/BTC,1613670044912,2021-02-18T17:40:44.912Z,sell,0.000102,57.99,0.00591498
GVT/BTC,1613670108574,2021-02-18T17:41:48.574Z,sell,0.000102,3.0,0.000306
GVT/BTC,1613670142515,2021-02-18T17:42:22.515Z,sell,0.0001019,1.51,0.000153869
GVT/BTC,1613670191267,2021-02-18T17:43:11.267Z,sell,0.0001019,96.63,0.009846596999999999
GVT/BTC,1613670191267,2021-02-18T17:43:11.267Z,sell,0.0001018,125.77,0.012803385999999998
GVT/BTC,1613670191267,2021-02-18T17:43:11.267Z,sell,0.0001015,25.1,0.0025476500000000003
GVT/BTC,1613670194686,2021-02-18T17:43:14.686Z,sell,0.0001015,19.35,0.0019640250000000003
GVT/BTC,1613670194686,2021-02-18T17:43:14.686Z,sell,0.0001014,124.16,0.012589824
GVT/BTC,1613670194686,2021-02-18T17:43:14.686Z,sell,0.0001013,103.99,0.010534186999999999
GVT/BTC,1613670205828,2021-02-18T17:43:25.828Z,buy,0.000102,92.4,0.0094248
GVT/BTC,1613670213533,2021-02-18T17:43:33.533Z,buy,0.000102,12.22,0.0012464400000000001
GVT/BTC,1613670213533,2021-02-18T17:43:33.533Z,buy,0.0001023,5.5,0.00056265
GVT/BTC,1613670213533,2021-02-18T17:43:33.533Z,buy,0.0001024,78.12,0.007999488
GVT/BTC,1613670537137,2021-02-18T17:48:57.137Z,sell,0.0001015,56.8,0.0057652
GVT/BTC,1613670542602,2021-02-18T17:49:02.602Z,sell,0.0001018,5.5,0.0005599
GVT/BTC,1613670569380,2021-02-18T17:49:29.380Z,buy,0.000102,19.12,0.00195024
GVT/BTC,1613670589456,2021-02-18T17:49:49.456Z,sell,0.0001014,46.49,0.004714086
GVT/BTC,1613670598096,2021-02-18T17:49:58.096Z,sell,0.0001014,57.05,0.005784869999999999
GVT/BTC,1613670598096,2021-02-18T17:49:58.096Z,sell,0.0001013,95.81,0.009705553
GVT/BTC,1613670619449,2021-02-18T17:50:19.449Z,sell,0.0001015,21.37,0.002169055
GVT/BTC,1613670619449,2021-02-18T17:50:19.449Z,sell,0.0001014,8.14,0.000825396
GVT/BTC,1613670650950,2021-02-18T17:50:50.950Z,buy,0.0001015,48.61,0.004933915
GVT/BTC,1613670671817,2021-02-18T17:51:11.817Z,buy,0.0001016,24.55,0.00249428
GVT/BTC,1613670678575,2021-02-18T17:51:18.575Z,sell,0.0001014,10.97,0.0011123580000000001
GVT/BTC,1613670678575,2021-02-18T17:51:18.575Z,sell,0.0001013,950.0,0.096235
GVT/BTC,1613670678575,2021-02-18T17:51:18.575Z,sell,0.0001012,23.68,0.0023964159999999997
GVT/BTC,1613670678575,2021-02-18T17:51:18.575Z,sell,0.0001011,94.32,0.009535752
GVT/BTC,1613670678575,2021-02-18T17:51:18.575Z,sell,0.000101,151.14,0.015265139999999998
GVT/BTC,1613670678575,2021-02-18T17:51:18.575Z,sell,0.0001008,19.95,0.00201096
GVT/BTC,1613670678575,2021-02-18T17:51:18.575Z,sell,0.0001007,7.22,0.000727054
GVT/BTC,1613670678575,2021-02-18T17:51:18.575Z,sell,0.0001006,5.1,0.00051306
GVT/BTC,1613670678575,2021-02-18T17:51:18.575Z,sell,0.0001005,10.69,0.001074345
GVT/BTC,1613670678575,2021-02-18T17:51:18.575Z,sell,0.0001004,336.2,0.033754479999999996
GVT/BTC,1613670678575,2021-02-18T17:51:18.575Z,sell,0.0001003,392.29,0.039346687
GVT/BTC,1613670687654,2021-02-18T17:51:27.654Z,sell,0.0001005,1.24,0.00012462
GVT/BTC,1613670687674,2021-02-18T17:51:27.674Z,buy,0.0001005,33.01,0.003317505
GVT/BTC,1613670696877,2021-02-18T17:51:36.877Z,buy,0.0001005,71.58,0.00719379
GVT/BTC,1613670697879,2021-02-18T17:51:37.879Z,buy,0.0001005,71.58,0.00719379
GVT/BTC,1613670698879,2021-02-18T17:51:38.879Z,buy,0.0001005,71.58,0.00719379
GVT/BTC,1613670699879,2021-02-18T17:51:39.879Z,buy,0.0001005,71.58,0.00719379
GVT/BTC,1613670700963,2021-02-18T17:51:40.963Z,buy,0.0001005,71.58,0.00719379
GVT/BTC,1613670701977,2021-02-18T17:51:41.977Z,buy,0.0001005,71.58,0.00719379
GVT/BTC,1613670702979,2021-02-18T17:51:42.979Z,buy,0.0001005,71.58,0.00719379
GVT/BTC,1613670704015,2021-02-18T17:51:44.015Z,buy,0.0001005,71.58,0.00719379
GVT/BTC,1613670705026,2021-02-18T17:51:45.026Z,buy,0.0001005,71.58,0.00719379
GVT/BTC,1613670706030,2021-02-18T17:51:46.030Z,buy,0.0001005,71.56,0.00719178
GVT/BTC,1613670724980,2021-02-18T17:52:04.980Z,sell,0.0001005,5.34,0.00053667
GVT/BTC,1613670724980,2021-02-18T17:52:04.980Z,sell,0.0001004,4.18,0.00041967199999999995
GVT/BTC,1613670731918,2021-02-18T17:52:11.918Z,buy,0.0001009,206.49,0.020834841
GVT/BTC,1613670731918,2021-02-18T17:52:11.918Z,buy,0.0001012,48.66,0.004924392
GVT/BTC,1613670813571,2021-02-18T17:53:33.571Z,sell,0.0001012,88.83,0.008989595999999999
GVT/BTC,1613670829665,2021-02-18T17:53:49.665Z,sell,0.0001012,17.39,0.001759868
GVT/BTC,1613670890280,2021-02-18T17:54:50.280Z,sell,0.0001012,20.0,0.0020239999999999998
GVT/BTC,1613670890372,2021-02-18T17:54:50.372Z,sell,0.0001012,80.41,0.008137492
GVT/BTC,1613670951527,2021-02-18T17:55:51.527Z,buy,0.0001014,18.68,0.0018941519999999999
GVT/BTC,1613670951527,2021-02-18T17:55:51.527Z,buy,0.0001016,296.92,0.030167072000000003
GVT/BTC,1613671029480,2021-02-18T17:57:09.480Z,sell,0.0001012,156.33,0.015820596
GVT/BTC,1613671029480,2021-02-18T17:57:09.480Z,sell,0.0001008,7.99,0.000805392
GVT/BTC,1613671029480,2021-02-18T17:57:09.480Z,sell,0.0001007,50.69,0.005104482999999999
GVT/BTC,1613671043429,2021-02-18T17:57:23.429Z,sell,0.0001009,56.65,0.005715985
GVT/BTC,1613671043429,2021-02-18T17:57:23.429Z,sell,0.0001008,55.02,0.005546016
GVT/BTC,1613671047501,2021-02-18T17:57:27.501Z,sell,0.0001009,31.19,0.003147071
GVT/BTC,1613671047501,2021-02-18T17:57:27.501Z,sell,0.0001008,60.99,0.006147792
GVT/BTC,1613671084224,2021-02-18T17:58:04.224Z,buy,0.0001012,3.21,0.000324852
GVT/BTC,1613671087315,2021-02-18T17:58:07.315Z,buy,0.0001012,2.29,0.000231748
GVT/BTC,1613671124531,2021-02-18T17:58:44.531Z,buy,0.0001016,5.97,0.000606552
GVT/BTC,1613671159018,2021-02-18T17:59:19.018Z,buy,0.0001018,12.47,0.001269446
GVT/BTC,1613671159018,2021-02-18T17:59:19.018Z,buy,0.0001019,73.93,0.007533467
GVT/BTC,1613671185246,2021-02-18T17:59:45.246Z,buy,0.0001019,66.58,0.0067845019999999995
GVT/BTC,1613671198649,2021-02-18T17:59:58.649Z,sell,0.0001014,20.83,0.002112162
GVT/BTC,1613671198649,2021-02-18T17:59:58.649Z,sell,0.0001014,20.83,0.002112162
GVT/BTC,1613671300452,2021-02-18T18:01:40.452Z,buy,0.0001019,91.12,0.009285128
GVT/BTC,1613671311835,2021-02-18T18:01:51.835Z,buy,0.0001019,30.54,0.003112026
GVT/BTC,1613671385206,2021-02-18T18:03:05.206Z,sell,0.0001019,16.74,0.0017058059999999998
GVT/BTC,1613671392602,2021-02-18T18:03:12.602Z,sell,0.0001014,146.74,0.014879436000000001
GVT/BTC,1613671392602,2021-02-18T18:03:12.602Z,sell,0.0001012,125.5,0.0127006
GVT/BTC,1613671392602,2021-02-18T18:03:12.602Z,sell,0.0001011,85.6,0.00865416
GVT/BTC,1613671392602,2021-02-18T18:03:12.602Z,sell,0.0001009,91.24,0.009206116
GVT/BTC,1613671392602,2021-02-18T18:03:12.602Z,sell,0.0001008,23.51,0.002369808
GVT/BTC,1613671421361,2021-02-18T18:03:41.361Z,sell,0.0001009,15.0,0.0015135
GVT/BTC,1613671456040,2021-02-18T18:04:16.040Z,sell,0.0001009,30.0,0.003027
GVT/BTC,1613671456122,2021-02-18T18:04:16.122Z,sell,0.0001008,1.14,0.00011491199999999999
GVT/BTC,1613671459370,2021-02-18T18:04:19.370Z,buy,0.0001013,91.24,0.009242611999999999
GVT/BTC,1613671459370,2021-02-18T18:04:19.370Z,buy,0.0001015,11.8,0.0011977000000000001
GVT/BTC,1613671461606,2021-02-18T18:04:21.606Z,buy,0.0001012,40.12,0.004060144
GVT/BTC,1613671487489,2021-02-18T18:04:47.489Z,sell,0.0001009,106.29,0.010724661
GVT/BTC,1613671506718,2021-02-18T18:05:06.718Z,sell,0.0001008,40.0,0.004032
GVT/BTC,1613671510062,2021-02-18T18:05:10.062Z,sell,0.0001008,602.21,0.060702768000000004
GVT/BTC,1613671510097,2021-02-18T18:05:10.097Z,sell,0.0001007,702.94,0.070786058
GVT/BTC,1613671511205,2021-02-18T18:05:11.205Z,sell,0.0001004,1.2,0.00012048
GVT/BTC,1613671515853,2021-02-18T18:05:15.853Z,buy,0.0001004,34.2,0.00343368
GVT/BTC,1613671557811,2021-02-18T18:05:57.811Z,buy,0.0001004,22.68,0.0022770719999999998
GVT/BTC,1613671578254,2021-02-18T18:06:18.254Z,buy,0.0001004,30.71,0.003083284
GVT/BTC,1613671582143,2021-02-18T18:06:22.143Z,buy,0.0001004,29.11,0.002922644
GVT/BTC,1613671592301,2021-02-18T18:06:32.301Z,sell,0.0001003,19.22,0.0019277659999999998
GVT/BTC,1613671592301,2021-02-18T18:06:32.301Z,sell,0.0001002,65.29,0.006542058000000001
GVT/BTC,1613671592301,2021-02-18T18:06:32.301Z,sell,0.0001001,47.74,0.0047787739999999995
GVT/BTC,1613671628924,2021-02-18T18:07:08.924Z,sell,0.0001002,1.0,0.0001002
GVT/BTC,1613671628924,2021-02-18T18:07:08.924Z,sell,0.0001001,84.53,0.008461452999999999
GVT/BTC,1613671633324,2021-02-18T18:07:13.324Z,sell,0.0001001,97.96,0.009805795999999999
GVT/BTC,1613671634419,2021-02-18T18:07:14.419Z,sell,0.0001001,518.9,0.05194189
GVT/BTC,1613671679012,2021-02-18T18:07:59.012Z,sell,0.0001001,7.3,0.00073073
GVT/BTC,1613671697168,2021-02-18T18:08:17.168Z,sell,0.0001001,186.6,0.01867866
GVT/BTC,1613671697331,2021-02-18T18:08:17.331Z,sell,0.0001001,392.68,0.039307268
GVT/BTC,1613671701357,2021-02-18T18:08:21.357Z,sell,0.0001001,51.11,0.005116111
GVT/BTC,1613671820308,2021-02-18T18:10:20.308Z,sell,0.0001002,43.91,0.004399782
GVT/BTC,1613671865419,2021-02-18T18:11:05.419Z,buy,0.0001004,39.14,0.003929656
GVT/BTC,1613671866076,2021-02-18T18:11:06.076Z,sell,0.0001004,0.85,8.533999999999999e-05
GVT/BTC,1613671866076,2021-02-18T18:11:06.076Z,sell,0.0001002,94.15,0.00943383
GVT/BTC,1613671884393,2021-02-18T18:11:24.393Z,sell,0.0001002,45.8,0.004589159999999999
GVT/BTC,1613671908052,2021-02-18T18:11:48.052Z,sell,0.0001002,16.36,0.0016392719999999998
GVT/BTC,1613671913934,2021-02-18T18:11:53.934Z,buy,0.0001005,26.48,0.00266124
GVT/BTC,1613671938186,2021-02-18T18:12:18.186Z,sell,0.0001002,5.59,0.000560118
GVT/BTC,1613671994841,2021-02-18T18:13:14.841Z,buy,0.0001005,170.22,0.017107110000000002
GVT/BTC,1613672004506,2021-02-18T18:13:24.506Z,sell,0.0001005,1.33,0.00013366500000000002
GVT/BTC,1613672051278,2021-02-18T18:14:11.278Z,buy,0.0001007,5.5,0.0005538499999999999
GVT/BTC,1613672149557,2021-02-18T18:15:49.557Z,sell,0.0001005,188.53,0.018947265
GVT/BTC,1613672173382,2021-02-18T18:16:13.382Z,buy,0.0001012,5.5,0.0005566
GVT/BTC,1613672173446,2021-02-18T18:16:13.446Z,sell,0.0001012,14.27,0.0014441239999999998
GVT/BTC,1613672205860,2021-02-18T18:16:45.860Z,sell,0.0001012,1.0,0.0001012
GVT/BTC,1613672207460,2021-02-18T18:16:47.460Z,sell,0.000101,1.0,0.000101
GVT/BTC,1613672216023,2021-02-18T18:16:56.023Z,buy,0.000101,6.57,0.00066357
GVT/BTC,1613672216069,2021-02-18T18:16:56.069Z,sell,0.0001011,87.36,0.008832096000000001
GVT/BTC,1613672249492,2021-02-18T18:17:29.492Z,buy,0.0001013,53.31,0.005400303
GVT/BTC,1613672259716,2021-02-18T18:17:39.716Z,buy,0.0001012,10.25,0.0010373
GVT/BTC,1613672262090,2021-02-18T18:17:42.090Z,sell,0.0001011,1.05,0.000106155
GVT/BTC,1613672268594,2021-02-18T18:17:48.594Z,buy,0.0001012,120.0,0.012143999999999999
GVT/BTC,1613672268594,2021-02-18T18:17:48.594Z,buy,0.0001013,106.75,0.010813775
GVT/BTC,1613672274248,2021-02-18T18:17:54.248Z,buy,0.000101,94.71,0.00956571
GVT/BTC,1613672304095,2021-02-18T18:18:24.095Z,buy,0.0001012,41.92,0.004242304
GVT/BTC,1613672304095,2021-02-18T18:18:24.095Z,buy,0.0001013,95.08,0.009631604
GVT/BTC,1613672441346,2021-02-18T18:20:41.346Z,buy,0.0001013,34.56,0.003500928
GVT/BTC,1613672521196,2021-02-18T18:22:01.196Z,buy,0.0001013,32.75,0.0033175749999999997
GVT/BTC,1613672557037,2021-02-18T18:22:37.037Z,buy,0.000101,5.0,0.000505
GVT/BTC,1613672591925,2021-02-18T18:23:11.925Z,buy,0.0001009,4.4,0.00044396
GVT/BTC,1613672631109,2021-02-18T18:23:51.109Z,sell,0.0001008,1.0,0.0001008
GVT/BTC,1613672659574,2021-02-18T18:24:19.574Z,buy,0.0001008,117.97,0.011891376
GVT/BTC,1613672659574,2021-02-18T18:24:19.574Z,buy,0.0001009,40.24,0.004060216
GVT/BTC,1613672661587,2021-02-18T18:24:21.587Z,sell,0.0001009,3.18,0.000320862
GVT/BTC,1613672673132,2021-02-18T18:24:33.132Z,sell,0.0001009,70.7,0.00713363
GVT/BTC,1613672673211,2021-02-18T18:24:33.211Z,sell,0.0001009,2.69,0.000271421
GVT/BTC,1613672733077,2021-02-18T18:25:33.077Z,buy,0.000101,38.03,0.00384103
GVT/BTC,1613672801948,2021-02-18T18:26:41.948Z,sell,0.0001009,276.6,0.027908940000000004
GVT/BTC,1613672801948,2021-02-18T18:26:41.948Z,sell,0.0001007,5.5,0.0005538499999999999
GVT/BTC,1613672801948,2021-02-18T18:26:41.948Z,sell,0.0001006,1.0,0.0001006
GVT/BTC,1613672801948,2021-02-18T18:26:41.948Z,sell,0.0001005,22.96,0.00230748
GVT/BTC,1613672801948,2021-02-18T18:26:41.948Z,sell,0.0001003,120.0,0.012036
GVT/BTC,1613672801948,2021-02-18T18:26:41.948Z,sell,0.0001002,37.37,0.003744474
GVT/BTC,1613672824168,2021-02-18T18:27:04.168Z,sell,0.0001004,1.0,0.0001004
GVT/BTC,1613672824168,2021-02-18T18:27:04.168Z,sell,0.0001002,256.82,0.025733363999999998
GVT/BTC,1613672824462,2021-02-18T18:27:04.462Z,buy,0.0001002,1.0,0.0001002
GVT/BTC,1613672825954,2021-02-18T18:27:05.954Z,buy,0.0001002,1.0,0.0001002
GVT/BTC,1613672855820,2021-02-18T18:27:35.820Z,sell,0.0001001,5.5,0.0005505499999999999
GVT/BTC,1613672855820,2021-02-18T18:27:35.820Z,sell,0.0001,2.5,0.00025
GVT/BTC,1613672855820,2021-02-18T18:27:35.820Z,sell,0.0001,2.5,0.00025
GVT/BTC,1613672855820,2021-02-18T18:27:35.820Z,sell,9.99e-05,129.93,0.012980007000000002
GVT/BTC,1613672855820,2021-02-18T18:27:35.820Z,sell,9.98e-05,13.73,0.001370254
GVT/BTC,1613672862255,2021-02-18T18:27:42.255Z,sell,9.98e-05,24.0,0.0023952
GVT/BTC,1613672870130,2021-02-18T18:27:50.130Z,buy,0.0001,17.88,0.001788
GVT/BTC,1613672870130,2021-02-18T18:27:50.130Z,buy,0.0001006,20.41,0.0020532460000000003
GVT/BTC,1613672873340,2021-02-18T18:27:53.340Z,sell,0.0001001,10.2,0.0010210199999999999
GVT/BTC,1613672873340,2021-02-18T18:27:53.340Z,sell,0.0001,18.65,0.001865
GVT/BTC,1613672873340,2021-02-18T18:27:53.340Z,sell,9.99e-05,56.28,0.0056223720000000005
GVT/BTC,1613672874602,2021-02-18T18:27:54.602Z,sell,9.99e-05,10.4,0.00103896
GVT/BTC,1613672874602,2021-02-18T18:27:54.602Z,sell,9.98e-05,227.46,0.022700508
GVT/BTC,1613672875659,2021-02-18T18:27:55.659Z,sell,9.96e-05,5.5,0.0005478
GVT/BTC,1613672875659,2021-02-18T18:27:55.659Z,sell,9.95e-05,1.83,0.00018208500000000002
GVT/BTC,1613672875659,2021-02-18T18:27:55.659Z,sell,9.95e-05,1.55,0.00015422500000000002
GVT/BTC,1613672875659,2021-02-18T18:27:55.659Z,sell,9.95e-05,67.12,0.006678440000000001
GVT/BTC,1613672901729,2021-02-18T18:28:21.729Z,sell,9.95e-05,64.93,0.006460535000000001
GVT/BTC,1613672903265,2021-02-18T18:28:23.265Z,buy,9.98e-05,10.0,0.000998
GVT/BTC,1613672909345,2021-02-18T18:28:29.345Z,buy,9.98e-05,1.0,9.98e-05
GVT/BTC,1613672926750,2021-02-18T18:28:46.750Z,buy,9.97e-05,10.4,0.00103688
GVT/BTC,1613672926750,2021-02-18T18:28:46.750Z,buy,9.98e-05,1.07,0.000106786
GVT/BTC,1613672977851,2021-02-18T18:29:37.851Z,buy,9.98e-05,1.01,0.000100798
GVT/BTC,1613673006450,2021-02-18T18:30:06.450Z,buy,9.98e-05,2.0,0.0001996
GVT/BTC,1613673006716,2021-02-18T18:30:06.716Z,buy,9.98e-05,5.19,0.0005179620000000001
GVT/BTC,1613673006743,2021-02-18T18:30:06.743Z,buy,9.98e-05,25.01,0.002495998
GVT/BTC,1613673017684,2021-02-18T18:30:17.684Z,buy,9.98e-05,6.83,0.000681634
GVT/BTC,1613673028195,2021-02-18T18:30:28.195Z,buy,9.98e-05,40.09,0.004000982
GVT/BTC,1613673030070,2021-02-18T18:30:30.070Z,sell,9.95e-05,1.87,0.00018606500000000002
GVT/BTC,1613673049275,2021-02-18T18:30:49.275Z,buy,9.98e-05,4.0,0.0003992
GVT/BTC,1613673054658,2021-02-18T18:30:54.658Z,sell,9.95e-05,24.31,0.002418845
GVT/BTC,1613673054658,2021-02-18T18:30:54.658Z,sell,9.94e-05,6.07,0.000603358
GVT/BTC,1613673058160,2021-02-18T18:30:58.160Z,sell,9.94e-05,3.65,0.00036281000000000003
GVT/BTC,1613673058160,2021-02-18T18:30:58.160Z,sell,9.93e-05,1.01,0.000100293
GVT/BTC,1613673058160,2021-02-18T18:30:58.160Z,sell,9.92e-05,38.52,0.0038211840000000005
GVT/BTC,1613673067719,2021-02-18T18:31:07.719Z,sell,9.92e-05,9.32,0.000924544
GVT/BTC,1613673088814,2021-02-18T18:31:28.814Z,sell,9.93e-05,12.66,0.001257138
GVT/BTC,1613673088814,2021-02-18T18:31:28.814Z,sell,9.92e-05,20.06,0.0019899519999999997
GVT/BTC,1613673187301,2021-02-18T18:33:07.301Z,buy,9.97e-05,12.66,0.001262202
GVT/BTC,1613673200161,2021-02-18T18:33:20.161Z,sell,9.97e-05,28.0,0.0027916
GVT/BTC,1613673229030,2021-02-18T18:33:49.030Z,buy,9.98e-05,309.53,0.030891093999999997
GVT/BTC,1613673294674,2021-02-18T18:34:54.674Z,buy,0.0001001,2.5,0.00025025
GVT/BTC,1613673297338,2021-02-18T18:34:57.338Z,buy,0.0001001,10.7,0.00107107
GVT/BTC,1613673328994,2021-02-18T18:35:28.994Z,sell,9.97e-05,149.92,0.014947023999999998
GVT/BTC,1613673352978,2021-02-18T18:35:52.978Z,sell,9.97e-05,9.42,0.000939174
GVT/BTC,1613673388472,2021-02-18T18:36:28.472Z,sell,9.96e-05,36.83,0.0036682679999999997
GVT/BTC,1613673388472,2021-02-18T18:36:28.472Z,sell,9.95e-05,1.49,0.000148255
GVT/BTC,1613673388583,2021-02-18T18:36:28.583Z,buy,9.93e-05,75.36,0.007483248
GVT/BTC,1613673391527,2021-02-18T18:36:31.527Z,buy,0.0001004,19.92,0.0019999680000000004
GVT/BTC,1613673410276,2021-02-18T18:36:50.276Z,buy,0.0001003,18.07,0.001812421
GVT/BTC,1613673442322,2021-02-18T18:37:22.322Z,buy,0.0001,14.33,0.001433
GVT/BTC,1613673527632,2021-02-18T18:38:47.632Z,sell,9.97e-05,82.7,0.00824519
GVT/BTC,1613673527659,2021-02-18T18:38:47.659Z,buy,9.97e-05,92.13,0.009185361
GVT/BTC,1613673543762,2021-02-18T18:39:03.762Z,buy,9.97e-05,192.85,0.019227144999999998
GVT/BTC,1613673658728,2021-02-18T18:40:58.728Z,buy,0.0001,11.15,0.001115
GVT/BTC,1613673677947,2021-02-18T18:41:17.947Z,sell,9.97e-05,1.5,0.00014955
GVT/BTC,1613673723996,2021-02-18T18:42:03.996Z,sell,0.0001,13.42,0.001342
GVT/BTC,1613673753468,2021-02-18T18:42:33.468Z,sell,9.97e-05,17.48,0.001742756
GVT/BTC,1613673754041,2021-02-18T18:42:34.041Z,sell,9.97e-05,55.0,0.0054835
GVT/BTC,1613673774251,2021-02-18T18:42:54.251Z,sell,9.97e-05,5.13,0.000511461
GVT/BTC,1613673777310,2021-02-18T18:42:57.310Z,sell,9.97e-05,24.83,0.002475551
GVT/BTC,1613673822654,2021-02-18T18:43:42.654Z,sell,9.97e-05,114.67,0.011432599
GVT/BTC,1613673838353,2021-02-18T18:43:58.353Z,sell,9.97e-05,561.46,0.055977562
GVT/BTC,1613673848284,2021-02-18T18:44:08.284Z,sell,9.97e-05,847.61,0.084506717
GVT/BTC,1613673854797,2021-02-18T18:44:14.797Z,sell,9.97e-05,101.49,0.010118552999999999
GVT/BTC,1613673859463,2021-02-18T18:44:19.463Z,sell,9.96e-05,5.04,0.000501984
GVT/BTC,1613673892708,2021-02-18T18:44:52.708Z,sell,9.96e-05,0.46,4.5815999999999996e-05
GVT/BTC,1613673892708,2021-02-18T18:44:52.708Z,sell,9.95e-05,1.21,0.000120395
GVT/BTC,1613673892708,2021-02-18T18:44:52.708Z,sell,9.92e-05,28.55,0.0028321600000000002
GVT/BTC,1613673892708,2021-02-18T18:44:52.708Z,sell,9.91e-05,24.92,0.002469572
GVT/BTC,1613673892708,2021-02-18T18:44:52.708Z,sell,9.9e-05,67.57,0.006689429999999999
GVT/BTC,1613673944206,2021-02-18T18:45:44.206Z,sell,9.91e-05,86.92,0.008613772
GVT/BTC,1613673970999,2021-02-18T18:46:10.999Z,sell,9.92e-05,19.75,0.0019592
GVT/BTC,1613674011531,2021-02-18T18:46:51.531Z,sell,9.93e-05,595.79,0.059161947
GVT/BTC,1613674011616,2021-02-18T18:46:51.616Z,buy,9.93e-05,39.93,0.003965049
GVT/BTC,1613674018879,2021-02-18T18:46:58.879Z,sell,9.92e-05,7.48,0.0007420160000000001
GVT/BTC,1613674027889,2021-02-18T18:47:07.889Z,sell,9.92e-05,110.41,0.010952672
GVT/BTC,1613674073403,2021-02-18T18:47:53.403Z,sell,9.92e-05,859.1,0.08522272
GVT/BTC,1613674076431,2021-02-18T18:47:56.431Z,sell,9.92e-05,196.02,0.019445184
GVT/BTC,1613674122994,2021-02-18T18:48:42.994Z,sell,9.93e-05,51.21,0.005085153
GVT/BTC,1613674131431,2021-02-18T18:48:51.431Z,sell,9.93e-05,10.25,0.001017825
GVT/BTC,1613674146693,2021-02-18T18:49:06.693Z,sell,9.93e-05,34.39,0.003414927
GVT/BTC,1613674166033,2021-02-18T18:49:26.033Z,sell,9.93e-05,6.93,0.000688149
GVT/BTC,1613674167018,2021-02-18T18:49:27.018Z,buy,9.96e-05,5.5,0.0005478
GVT/BTC,1613674167992,2021-02-18T18:49:27.992Z,buy,0.0001,7.65,0.0007650000000000001
GVT/BTC,1613674357694,2021-02-18T18:52:37.694Z,buy,0.0001,6.14,0.000614
GVT/BTC,1613674438129,2021-02-18T18:53:58.129Z,sell,9.97e-05,60.9,0.00607173
GVT/BTC,1613674458948,2021-02-18T18:54:18.948Z,buy,0.0001,111.76,0.011176000000000002
GVT/BTC,1613674466987,2021-02-18T18:54:26.987Z,buy,9.99e-05,4.9,0.0004895100000000001
GVT/BTC,1613674466987,2021-02-18T18:54:26.987Z,buy,0.0001,33.02,0.0033020000000000007
GVT/BTC,1613674487811,2021-02-18T18:54:47.811Z,sell,9.97e-05,34.56,0.003445632
GVT/BTC,1613674529524,2021-02-18T18:55:29.524Z,sell,9.97e-05,11.16,0.001112652
GVT/BTC,1613674537524,2021-02-18T18:55:37.524Z,buy,0.0001,11.52,0.001152
GVT/BTC,1613674542788,2021-02-18T18:55:42.788Z,buy,0.0001,42.43,0.004243
GVT/BTC,1613674580322,2021-02-18T18:56:20.322Z,buy,0.0001001,5.5,0.0005505499999999999
GVT/BTC,1613674630104,2021-02-18T18:57:10.104Z,sell,0.0001003,14.32,0.001436296
GVT/BTC,1613674641054,2021-02-18T18:57:21.054Z,buy,0.0001004,12.66,0.0012710640000000001
GVT/BTC,1613674642052,2021-02-18T18:57:22.052Z,buy,0.0001005,181.22,0.01821261
GVT/BTC,1613674662304,2021-02-18T18:57:42.304Z,buy,0.0001007,5.5,0.0005538499999999999
GVT/BTC,1613674662304,2021-02-18T18:57:42.304Z,buy,0.0001009,120.0,0.012108
GVT/BTC,1613674662304,2021-02-18T18:57:42.304Z,buy,0.000101,61.0,0.006161
GVT/BTC,1613674663660,2021-02-18T18:57:43.660Z,buy,0.000101,15.7,0.0015857
GVT/BTC,1613674677580,2021-02-18T18:57:57.580Z,buy,0.000101,238.35,0.02407335
GVT/BTC,1613674688921,2021-02-18T18:58:08.921Z,buy,0.0001012,8.0,0.0008096
GVT/BTC,1613674688921,2021-02-18T18:58:08.921Z,buy,0.0001013,21.67,0.002195171
GVT/BTC,1613674688921,2021-02-18T18:58:08.921Z,buy,0.0001014,1.18,0.00011965199999999999
GVT/BTC,1613674688921,2021-02-18T18:58:08.921Z,buy,0.0001015,71.34,0.00724101
GVT/BTC,1613674705279,2021-02-18T18:58:25.279Z,sell,0.0001011,3.23,0.000326553
GVT/BTC,1613674710300,2021-02-18T18:58:30.300Z,buy,0.0001015,22.32,0.00226548
GVT/BTC,1613674720828,2021-02-18T18:58:40.828Z,sell,0.0001011,9.96,0.001006956
GVT/BTC,1613674734639,2021-02-18T18:58:54.639Z,sell,0.0001011,13.24,0.001338564
GVT/BTC,1613674742400,2021-02-18T18:59:02.400Z,sell,0.0001011,5.02,0.0005075219999999999
GVT/BTC,1613674742400,2021-02-18T18:59:02.400Z,sell,0.0001011,5.02,0.0005075219999999999
GVT/BTC,1613674839303,2021-02-18T19:00:39.303Z,sell,0.0001011,32.45,0.0032806950000000006
GVT/BTC,1613674890823,2021-02-18T19:01:30.823Z,buy,0.0001015,40.01,0.004061014999999999
GVT/BTC,1613674894061,2021-02-18T19:01:34.061Z,buy,0.0001015,10.91,0.0011073650000000001
GVT/BTC,1613674894061,2021-02-18T19:01:34.061Z,buy,0.0001017,31.17,0.0031699890000000002
GVT/BTC,1613674935334,2021-02-18T19:02:15.334Z,buy,0.0001016,98.0,0.0099568
GVT/BTC,1613674935334,2021-02-18T19:02:15.334Z,buy,0.0001017,178.49,0.018152433000000003
GVT/BTC,1613674935406,2021-02-18T19:02:15.406Z,sell,0.0001017,417.49,0.042458733000000005
GVT/BTC,1613674936536,2021-02-18T19:02:16.536Z,buy,0.0001018,83.49,0.008499281999999999
GVT/BTC,1613674949496,2021-02-18T19:02:29.496Z,buy,0.0001017,49.0,0.0049833
GVT/BTC,1613674969218,2021-02-18T19:02:49.218Z,sell,0.0001017,0.17,1.7289000000000003e-05
GVT/BTC,1613675008073,2021-02-18T19:03:28.073Z,buy,0.0001016,1.0,0.0001016
GVT/BTC,1613675008842,2021-02-18T19:03:28.842Z,sell,0.0001013,0.99,0.000100287
GVT/BTC,1613675022146,2021-02-18T19:03:42.146Z,sell,0.0001012,5.5,0.0005566
GVT/BTC,1613675031330,2021-02-18T19:03:51.330Z,sell,0.000101,1.0,0.000101
GVT/BTC,1613675031330,2021-02-18T19:03:51.330Z,sell,0.0001007,5.5,0.0005538499999999999
GVT/BTC,1613675031330,2021-02-18T19:03:51.330Z,sell,0.0001006,66.98,0.006738188000000001
GVT/BTC,1613675063917,2021-02-18T19:04:23.917Z,sell,0.0001007,1.0,0.0001007
GVT/BTC,1613675063917,2021-02-18T19:04:23.917Z,sell,0.0001006,27.8,0.00279668
GVT/BTC,1613675117402,2021-02-18T19:05:17.402Z,sell,0.0001004,1.5,0.0001506
GVT/BTC,1613675131882,2021-02-18T19:05:31.882Z,buy,0.0001012,57.3,0.005798759999999999
GVT/BTC,1613675131882,2021-02-18T19:05:31.882Z,buy,0.0001013,15.74,0.001594462
GVT/BTC,1613675139122,2021-02-18T19:05:39.122Z,sell,0.0001007,5.47,0.000550829
GVT/BTC,1613675141246,2021-02-18T19:05:41.246Z,sell,0.0001007,0.03,3.0209999999999995e-06
GVT/BTC,1613675141246,2021-02-18T19:05:41.246Z,sell,0.0001004,5.44,0.000546176
GVT/BTC,1613675143296,2021-02-18T19:05:43.296Z,sell,0.0001006,5.19,0.0005221140000000001
GVT/BTC,1613675145309,2021-02-18T19:05:45.309Z,sell,0.0001004,5.47,0.0005491879999999999
GVT/BTC,1613675147310,2021-02-18T19:05:47.310Z,sell,0.0001006,5.47,0.000550282
GVT/BTC,1613675153568,2021-02-18T19:05:53.568Z,sell,0.0001004,2.99,0.000300196
GVT/BTC,1613675154003,2021-02-18T19:05:54.003Z,buy,0.0001012,1.0,0.0001012
GVT/BTC,1613675155712,2021-02-18T19:05:55.712Z,sell,0.0001004,4.5,0.00045180000000000003
GVT/BTC,1613675158084,2021-02-18T19:05:58.084Z,sell,0.0001004,2.69,0.000270076
GVT/BTC,1613675160142,2021-02-18T19:06:00.142Z,sell,0.0001004,3.0,0.0003012
GVT/BTC,1613675162389,2021-02-18T19:06:02.389Z,sell,0.0001004,3.0,0.0003012
GVT/BTC,1613675164404,2021-02-18T19:06:04.404Z,sell,0.0001004,3.0,0.0003012
GVT/BTC,1613675166392,2021-02-18T19:06:06.392Z,sell,0.0001004,3.0,0.0003012
GVT/BTC,1613675168174,2021-02-18T19:06:08.174Z,sell,0.0001004,3.0,0.0003012
GVT/BTC,1613675170244,2021-02-18T19:06:10.244Z,sell,0.0001004,3.0,0.0003012
GVT/BTC,1613675209887,2021-02-18T19:06:49.887Z,sell,0.0001003,3.94,0.000395182
GVT/BTC,1613675312091,2021-02-18T19:08:32.091Z,buy,0.0001004,21.12,0.002120448
GVT/BTC,1613675312091,2021-02-18T19:08:32.091Z,buy,0.0001005,11.46,0.0011517300000000001
GVT/BTC,1613675312091,2021-02-18T19:08:32.091Z,buy,0.0001009,54.08,0.005456672
GVT/BTC,1613675312091,2021-02-18T19:08:32.091Z,buy,0.000101,51.24,0.00517524
GVT/BTC,1613675312091,2021-02-18T19:08:32.091Z,buy,0.0001012,5.5,0.0005566
GVT/BTC,1613675312091,2021-02-18T19:08:32.091Z,buy,0.0001013,4.99,0.000505487
GVT/BTC,1613675312091,2021-02-18T19:08:32.091Z,buy,0.0001014,1.18,0.00011965199999999999
GVT/BTC,1613675312091,2021-02-18T19:08:32.091Z,buy,0.0001016,5.48,0.000556768
GVT/BTC,1613675312091,2021-02-18T19:08:32.091Z,buy,0.0001017,119.26,0.012128742000000001
GVT/BTC,1613675312091,2021-02-18T19:08:32.091Z,buy,0.0001018,1026.94,0.104542492
GVT/BTC,1613675312202,2021-02-18T19:08:32.202Z,buy,0.0001009,5.75,0.000580175
GVT/BTC,1613675318939,2021-02-18T19:08:38.939Z,sell,0.0001008,67.36,0.006789888
GVT/BTC,1613675318939,2021-02-18T19:08:38.939Z,sell,0.0001007,5.5,0.0005538499999999999
GVT/BTC,1613675318939,2021-02-18T19:08:38.939Z,sell,0.0001005,49.05,0.004929525
GVT/BTC,1613675328008,2021-02-18T19:08:48.008Z,sell,0.0001004,12.25,0.0012299
GVT/BTC,1613675356289,2021-02-18T19:09:16.289Z,sell,0.0001006,12.5,0.0012575000000000002
GVT/BTC,1613675435594,2021-02-18T19:10:35.594Z,sell,0.0001007,7.97,0.0008025789999999999
GVT/BTC,1613675441089,2021-02-18T19:10:41.089Z,buy,0.0001011,54.83,0.005543313
GVT/BTC,1613675502937,2021-02-18T19:11:42.937Z,buy,0.0001011,12.53,0.001266783
GVT/BTC,1613675573603,2021-02-18T19:12:53.603Z,buy,0.0001012,1.0,0.0001012
GVT/BTC,1613675603604,2021-02-18T19:13:23.604Z,sell,0.0001011,13.94,0.001409334
GVT/BTC,1613675617064,2021-02-18T19:13:37.064Z,sell,0.0001011,191.46,0.019356606000000002
GVT/BTC,1613675617367,2021-02-18T19:13:37.367Z,sell,0.000101,1.0,0.000101
GVT/BTC,1613675617687,2021-02-18T19:13:37.687Z,buy,0.000101,1.93,0.00019493
GVT/BTC,1613675647357,2021-02-18T19:14:07.357Z,buy,0.000101,46.12,0.00465812
GVT/BTC,1613675647390,2021-02-18T19:14:07.390Z,sell,0.000101,49.1,0.0049591
GVT/BTC,1613675670786,2021-02-18T19:14:30.786Z,buy,0.0001011,1.14,0.00011525399999999999
GVT/BTC,1613675684104,2021-02-18T19:14:44.104Z,sell,0.0001007,100.0,0.010069999999999999
GVT/BTC,1613675685110,2021-02-18T19:14:45.110Z,sell,0.0001006,7.5,0.0007545000000000001
GVT/BTC,1613675685893,2021-02-18T19:14:45.893Z,buy,0.000101,1.0,0.000101
GVT/BTC,1613675695417,2021-02-18T19:14:55.417Z,buy,0.000101,1.14,0.00011514
GVT/BTC,1613675722011,2021-02-18T19:15:22.011Z,buy,0.0001009,1.19,0.000120071
GVT/BTC,1613675752741,2021-02-18T19:15:52.741Z,buy,0.0001009,1.56,0.000157404
GVT/BTC,1613675786676,2021-02-18T19:16:26.676Z,buy,0.0001009,1.69,0.000170521
GVT/BTC,1613675791780,2021-02-18T19:16:31.780Z,buy,0.0001009,1.1,0.00011099
GVT/BTC,1613675817548,2021-02-18T19:16:57.548Z,buy,0.0001008,1.96,0.000197568
GVT/BTC,1613675830336,2021-02-18T19:17:10.336Z,sell,0.0001005,158.61,0.015940305000000002
GVT/BTC,1613675830344,2021-02-18T19:17:10.344Z,sell,0.0001005,11.64,0.00116982
GVT/BTC,1613675920540,2021-02-18T19:18:40.540Z,sell,0.0001005,32.79,0.003295395
GVT/BTC,1613675999080,2021-02-18T19:19:59.080Z,buy,0.0001007,43.06,0.004336142
GVT/BTC,1613675999080,2021-02-18T19:19:59.080Z,buy,0.0001008,15.82,0.001594656
GVT/BTC,1613676002852,2021-02-18T19:20:02.852Z,buy,0.0001008,7.99,0.000805392
GVT/BTC,1613676127053,2021-02-18T19:22:07.053Z,sell,0.0001006,11.8,0.00118708
GVT/BTC,1613676259953,2021-02-18T19:24:19.953Z,sell,0.0001003,6.47,0.000648941
GVT/BTC,1613676266665,2021-02-18T19:24:26.665Z,sell,0.0001003,111.23,0.011156369000000001
GVT/BTC,1613676266665,2021-02-18T19:24:26.665Z,sell,0.0001002,120.0,0.012024
GVT/BTC,1613676266665,2021-02-18T19:24:26.665Z,sell,0.0001001,98.85,0.009894884999999999
GVT/BTC,1613676270696,2021-02-18T19:24:30.696Z,sell,0.0001001,17.56,0.0017577559999999999
GVT/BTC,1613676278097,2021-02-18T19:24:38.097Z,sell,0.0001001,23.48,0.002350348
GVT/BTC,1613676278097,2021-02-18T19:24:38.097Z,sell,0.0001,4.02,0.00040199999999999996
GVT/BTC,1613676281656,2021-02-18T19:24:41.656Z,sell,0.0001,20.63,0.002063
GVT/BTC,1613676281667,2021-02-18T19:24:41.667Z,sell,0.0001,7.48,0.0007480000000000001
GVT/BTC,1613676290630,2021-02-18T19:24:50.630Z,buy,0.0001006,2.88,0.000289728
GVT/BTC,1613676290630,2021-02-18T19:24:50.630Z,buy,0.0001007,125.5,0.012637849999999999
GVT/BTC,1613676290630,2021-02-18T19:24:50.630Z,buy,0.0001008,250.39,0.025239311999999996
GVT/BTC,1613676290630,2021-02-18T19:24:50.630Z,buy,0.0001009,231.93,0.023401737000000002
GVT/BTC,1613676312552,2021-02-18T19:25:12.552Z,buy,0.0001009,25.27,0.002549743
GVT/BTC,1613676331884,2021-02-18T19:25:31.884Z,sell,0.0001002,92.18,0.009236436
GVT/BTC,1613676331884,2021-02-18T19:25:31.884Z,sell,0.0001001,5.5,0.0005505499999999999
GVT/BTC,1613676331884,2021-02-18T19:25:31.884Z,sell,9.98e-05,120.0,0.011976
GVT/BTC,1613676331884,2021-02-18T19:25:31.884Z,sell,9.97e-05,163.49,0.016299953
GVT/BTC,1613676331884,2021-02-18T19:25:31.884Z,sell,9.96e-05,263.07,0.026201771999999998
GVT/BTC,1613676331884,2021-02-18T19:25:31.884Z,sell,9.95e-05,97.71,0.009722145
GVT/BTC,1613676331884,2021-02-18T19:25:31.884Z,sell,9.92e-05,241.02,0.023909184
GVT/BTC,1613676331884,2021-02-18T19:25:31.884Z,sell,9.91e-05,12.56,0.001244696
GVT/BTC,1613676331884,2021-02-18T19:25:31.884Z,sell,9.9e-05,22.15,0.0021928499999999997
GVT/BTC,1613676331884,2021-02-18T19:25:31.884Z,sell,9.89e-05,1482.32,0.146601448
GVT/BTC,1613676350764,2021-02-18T19:25:50.764Z,sell,9.94e-05,1.1,0.00010934000000000001
GVT/BTC,1613676350764,2021-02-18T19:25:50.764Z,sell,9.93e-05,3.9,0.00038727
GVT/BTC,1613676389231,2021-02-18T19:26:29.231Z,sell,9.93e-05,36.62,0.003636366
GVT/BTC,1613676392674,2021-02-18T19:26:32.674Z,buy,9.96e-05,3.47,0.000345612
GVT/BTC,1613676394609,2021-02-18T19:26:34.609Z,buy,9.96e-05,47.46,0.004727016
GVT/BTC,1613676402944,2021-02-18T19:26:42.944Z,sell,9.93e-05,10.42,0.001034706
GVT/BTC,1613676428035,2021-02-18T19:27:08.035Z,sell,9.96e-05,5.79,0.0005766839999999999
GVT/BTC,1613676446738,2021-02-18T19:27:26.738Z,buy,9.98e-05,6.96,0.000694608
GVT/BTC,1613676454137,2021-02-18T19:27:34.137Z,buy,9.99e-05,46.75,0.004670325
GVT/BTC,1613676454137,2021-02-18T19:27:34.137Z,buy,0.0001001,5.5,0.0005505499999999999
GVT/BTC,1613676454137,2021-02-18T19:27:34.137Z,buy,0.0001002,19.75,0.0019789499999999997
GVT/BTC,1613676494617,2021-02-18T19:28:14.617Z,sell,9.96e-05,15.62,0.0015557519999999999
GVT/BTC,1613676506882,2021-02-18T19:28:26.882Z,sell,9.96e-05,47.67,0.004747932
GVT/BTC,1613676526432,2021-02-18T19:28:46.432Z,buy,0.0001002,43.0,0.0043086
GVT/BTC,1613676562328,2021-02-18T19:29:22.328Z,sell,9.97e-05,15.0,0.0014954999999999999
GVT/BTC,1613676562328,2021-02-18T19:29:22.328Z,sell,9.96e-05,92.2,0.00918312
GVT/BTC,1613676596688,2021-02-18T19:29:56.688Z,sell,9.97e-05,1.23,0.000122631
GVT/BTC,1613676596688,2021-02-18T19:29:56.688Z,sell,9.96e-05,1435.52,0.142977792
GVT/BTC,1613676630243,2021-02-18T19:30:30.243Z,buy,0.0001001,5.5,0.0005505499999999999
GVT/BTC,1613676630243,2021-02-18T19:30:30.243Z,buy,0.0001002,136.84,0.013711368
GVT/BTC,1613676630243,2021-02-18T19:30:30.243Z,buy,0.0001003,49.66,0.004980897999999999
GVT/BTC,1613676659311,2021-02-18T19:30:59.311Z,buy,0.0001002,5.97,0.0005981939999999999
GVT/BTC,1613676821064,2021-02-18T19:33:41.064Z,buy,0.0001,14.97,0.001497
GVT/BTC,1613676843072,2021-02-18T19:34:03.072Z,buy,9.99e-05,24.91,0.002488509
GVT/BTC,1613676843072,2021-02-18T19:34:03.072Z,buy,0.0001001,75.09,0.007516509
GVT/BTC,1613676844203,2021-02-18T19:34:04.203Z,buy,0.0001002,14.97,0.001499994
GVT/BTC,1613676943092,2021-02-18T19:35:43.092Z,buy,0.0001002,1.0,0.0001002
GVT/BTC,1613676988264,2021-02-18T19:36:28.264Z,buy,0.0001002,1.0,0.0001002
GVT/BTC,1613677005157,2021-02-18T19:36:45.157Z,buy,0.0001002,241.35,0.02418327
GVT/BTC,1613677005251,2021-02-18T19:36:45.251Z,sell,0.0001002,76.7,0.00768534
GVT/BTC,1613677029773,2021-02-18T19:37:09.773Z,sell,9.98e-05,5.49,0.0005479020000000001
GVT/BTC,1613677066340,2021-02-18T19:37:46.340Z,buy,0.0001002,1.0,0.0001002
GVT/BTC,1613677119040,2021-02-18T19:38:39.040Z,buy,0.0001,1.0,0.0001
GVT/BTC,1613677129555,2021-02-18T19:38:49.555Z,sell,9.99e-05,79.14,0.007906086
GVT/BTC,1613677144430,2021-02-18T19:39:04.430Z,buy,0.0001002,19.2,0.0019238399999999998
GVT/BTC,1613677232022,2021-02-18T19:40:32.022Z,buy,0.0001002,12.57,0.001259514
GVT/BTC,1613677339407,2021-02-18T19:42:19.407Z,buy,0.0001002,1.0,0.0001002
GVT/BTC,1613677412372,2021-02-18T19:43:32.372Z,buy,0.0001002,43.55,0.00436371
GVT/BTC,1613677473225,2021-02-18T19:44:33.225Z,buy,0.0001002,115.28,0.011551056
GVT/BTC,1613677484075,2021-02-18T19:44:44.075Z,sell,0.0001,13.85,0.001385
GVT/BTC,1613677529469,2021-02-18T19:45:29.469Z,sell,0.0001,13.28,0.001328
GVT/BTC,1613677539289,2021-02-18T19:45:39.289Z,sell,0.0001,15.0,0.0015
GVT/BTC,1613677548764,2021-02-18T19:45:48.764Z,sell,0.0001,6.29,0.000629
GVT/BTC,1613677557199,2021-02-18T19:45:57.199Z,buy,0.0001002,14.69,0.001471938
GVT/BTC,1613677557199,2021-02-18T19:45:57.199Z,buy,0.0001003,1.23,0.000123369
GVT/BTC,1613677557199,2021-02-18T19:45:57.199Z,buy,0.0001004,31.51,0.003163604
GVT/BTC,1613677639980,2021-02-18T19:47:19.980Z,sell,0.0001,24.34,0.002434
GVT/BTC,1613677640880,2021-02-18T19:47:20.880Z,sell,0.0001,9.01,0.000901
GVT/BTC,1613677642882,2021-02-18T19:47:22.882Z,sell,0.0001,11.72,0.001172
GVT/BTC,1613677644441,2021-02-18T19:47:24.441Z,sell,0.0001,9.01,0.000901
GVT/BTC,1613677645552,2021-02-18T19:47:25.552Z,sell,0.0001,9.02,0.000902
GVT/BTC,1613677646451,2021-02-18T19:47:26.451Z,sell,0.0001,4.5,0.00045000000000000004
GVT/BTC,1613677648490,2021-02-18T19:47:28.490Z,sell,0.0001,10.82,0.001082
GVT/BTC,1613677650610,2021-02-18T19:47:30.610Z,sell,0.0001,16.23,0.001623
GVT/BTC,1613677717613,2021-02-18T19:48:37.613Z,sell,0.0001001,10.85,0.0010860849999999999
GVT/BTC,1613677739926,2021-02-18T19:48:59.926Z,sell,0.0001001,2.72,0.000272272
GVT/BTC,1613677791497,2021-02-18T19:49:51.497Z,sell,0.0001001,22.32,0.002234232
GVT/BTC,1613677834423,2021-02-18T19:50:34.423Z,buy,0.0001002,21.51,0.002155302
GVT/BTC,1613677837475,2021-02-18T19:50:37.475Z,sell,0.0001001,109.59,0.010969959
GVT/BTC,1613677901670,2021-02-18T19:51:41.670Z,sell,0.0001,21.3,0.0021300000000000004
GVT/BTC,1613678054951,2021-02-18T19:54:14.951Z,sell,0.0001,8.78,0.000878
GVT/BTC,1613678140103,2021-02-18T19:55:40.103Z,sell,0.0001002,3.0,0.0003006
GVT/BTC,1613678169451,2021-02-18T19:56:09.451Z,buy,0.0001004,103.94,0.010435576
GVT/BTC,1613678169451,2021-02-18T19:56:09.451Z,buy,0.0001006,163.2,0.01641792
GVT/BTC,1613678179920,2021-02-18T19:56:19.920Z,buy,0.0001007,1452.67,0.146283869
GVT/BTC,1613678179934,2021-02-18T19:56:19.934Z,buy,0.0001008,101.37,0.010218096
GVT/BTC,1613678181131,2021-02-18T19:56:21.131Z,buy,0.000101,756.69,0.07642569
GVT/BTC,1613678188436,2021-02-18T19:56:28.436Z,sell,0.0001007,95.23,0.009589661
GVT/BTC,1613678196512,2021-02-18T19:56:36.512Z,sell,0.0001007,134.04,0.013497827999999998
GVT/BTC,1613678213989,2021-02-18T19:56:53.989Z,buy,0.0001007,71.25,0.007174875
GVT/BTC,1613678217652,2021-02-18T19:56:57.652Z,buy,0.0001007,16.14,0.001625298
GVT/BTC,1613678249264,2021-02-18T19:57:29.264Z,sell,0.0001007,5.0,0.0005034999999999999
GVT/BTC,1613678293592,2021-02-18T19:58:13.592Z,buy,0.000101,5.32,0.00053732
GVT/BTC,1613678293592,2021-02-18T19:58:13.592Z,buy,0.000101,5.32,0.00053732
GVT/BTC,1613678387986,2021-02-18T19:59:47.986Z,buy,0.0001009,86.33,0.008710697
GVT/BTC,1613678387986,2021-02-18T19:59:47.986Z,buy,0.000101,122.47,0.01236947
GVT/BTC,1613678436692,2021-02-18T20:00:36.692Z,buy,0.0001008,2.0,0.0002016
GVT/BTC,1613678464504,2021-02-18T20:01:04.504Z,buy,0.0001008,15.72,0.001584576
GVT/BTC,1613678481078,2021-02-18T20:01:21.078Z,sell,0.0001007,287.8,0.02898146
GVT/BTC,1613678502278,2021-02-18T20:01:42.278Z,buy,0.0001007,19.23,0.001936461
GVT/BTC,1613678573180,2021-02-18T20:02:53.180Z,buy,0.0001005,3.64,0.00036582000000000004
GVT/BTC,1613678606369,2021-02-18T20:03:26.369Z,buy,0.0001005,27.01,0.0027145050000000003
GVT/BTC,1613678615154,2021-02-18T20:03:35.154Z,buy,0.0001005,19.4,0.0019497
GVT/BTC,1613678625844,2021-02-18T20:03:45.844Z,buy,0.0001005,7.8,0.0007839
GVT/BTC,1613678666683,2021-02-18T20:04:26.683Z,sell,0.0001001,11.57,0.001158157
GVT/BTC,1613678679331,2021-02-18T20:04:39.331Z,buy,0.0001004,5.0,0.0005020000000000001
GVT/BTC,1613678756129,2021-02-18T20:05:56.129Z,buy,0.0001007,5.5,0.0005538499999999999
GVT/BTC,1613678756129,2021-02-18T20:05:56.129Z,buy,0.000101,13.68,0.00138168
GVT/BTC,1613678776078,2021-02-18T20:06:16.078Z,buy,0.000101,57.23,0.00578023
GVT/BTC,1613678811912,2021-02-18T20:06:51.912Z,buy,0.000101,19.09,0.00192809
GVT/BTC,1613678836668,2021-02-18T20:07:16.668Z,buy,0.000101,4.84,0.00048884
GVT/BTC,1613678850169,2021-02-18T20:07:30.169Z,sell,0.0001002,20.0,0.0020039999999999997
GVT/BTC,1613678881350,2021-02-18T20:08:01.350Z,sell,0.0001002,45.27,0.004536054
GVT/BTC,1613678890676,2021-02-18T20:08:10.676Z,sell,0.0001002,8.68,0.000869736
GVT/BTC,1613678932910,2021-02-18T20:08:52.910Z,sell,0.0001002,29.43,0.002948886
GVT/BTC,1613678951498,2021-02-18T20:09:11.498Z,buy,0.000101,50.0,0.00505
GVT/BTC,1613678955270,2021-02-18T20:09:15.270Z,buy,0.000101,28.66,0.00289466
GVT/BTC,1613678983627,2021-02-18T20:09:43.627Z,buy,0.000101,10.34,0.00104434
GVT/BTC,1613678998931,2021-02-18T20:09:58.931Z,buy,0.000101,13.2,0.0013331999999999999
GVT/BTC,1613679001162,2021-02-18T20:10:01.162Z,buy,0.000101,7.29,0.00073629
GVT/BTC,1613679003822,2021-02-18T20:10:03.822Z,buy,0.000101,21.71,0.00219271
GVT/BTC,1613679006172,2021-02-18T20:10:06.172Z,buy,0.000101,21.32,0.0021533200000000002
GVT/BTC,1613679009747,2021-02-18T20:10:09.747Z,buy,0.000101,12.91,0.0013039100000000001
GVT/BTC,1613679011985,2021-02-18T20:10:11.985Z,buy,0.000101,16.76,0.0016927600000000002
GVT/BTC,1613679013348,2021-02-18T20:10:13.348Z,buy,0.000101,1.79,0.00018079
GVT/BTC,1613679015844,2021-02-18T20:10:15.844Z,buy,0.000101,17.75,0.00179275
GVT/BTC,1613679018157,2021-02-18T20:10:18.157Z,buy,0.000101,10.51,0.00106151
GVT/BTC,1613679020473,2021-02-18T20:10:20.473Z,buy,0.000101,7.58,0.00076558
GVT/BTC,1613679024028,2021-02-18T20:10:24.028Z,buy,0.000101,12.47,0.0012594700000000002
GVT/BTC,1613679103640,2021-02-18T20:11:43.640Z,sell,0.0001003,6.51,0.000652953
GVT/BTC,1613679115381,2021-02-18T20:11:55.381Z,buy,0.0001009,6.51,0.000656859
GVT/BTC,1613679115381,2021-02-18T20:11:55.381Z,buy,0.000101,3.05,0.00030805
GVT/BTC,1613679130874,2021-02-18T20:12:10.874Z,sell,0.0001004,7.56,0.000759024
GVT/BTC,1613679206848,2021-02-18T20:13:26.848Z,sell,0.0001004,13.44,0.001349376
GVT/BTC,1613679225858,2021-02-18T20:13:45.858Z,sell,0.0001006,3.4,0.00034204
GVT/BTC,1613679278754,2021-02-18T20:14:38.754Z,buy,0.0001008,21.0,0.0021168
GVT/BTC,1613679278787,2021-02-18T20:14:38.787Z,sell,0.0001008,137.56,0.013866048
GVT/BTC,1613679325467,2021-02-18T20:15:25.467Z,buy,0.0001009,25.0,0.0025225
GVT/BTC,1613679388731,2021-02-18T20:16:28.731Z,buy,0.000101,463.55,0.04681855
GVT/BTC,1613679414430,2021-02-18T20:16:54.430Z,buy,0.000101,1.0,0.000101
GVT/BTC,1613679415158,2021-02-18T20:16:55.158Z,sell,0.0001008,1.0,0.0001008
GVT/BTC,1613679459781,2021-02-18T20:17:39.781Z,sell,0.0001006,1.0,0.0001006
GVT/BTC,1613679459781,2021-02-18T20:17:39.781Z,sell,0.0001002,3.0,0.0003006
GVT/BTC,1613679522423,2021-02-18T20:18:42.423Z,sell,0.0001004,1.0,0.0001004
GVT/BTC,1613679522423,2021-02-18T20:18:42.423Z,sell,0.0001001,5.5,0.0005505499999999999
GVT/BTC,1613679522423,2021-02-18T20:18:42.423Z,sell,0.0001,30.33,0.003033
GVT/BTC,1613679522423,2021-02-18T20:18:42.423Z,sell,9.99e-05,0.1,9.990000000000001e-06
GVT/BTC,1613679555738,2021-02-18T20:19:15.738Z,buy,0.0001006,3.0,0.0003018
GVT/BTC,1613679555738,2021-02-18T20:19:15.738Z,buy,0.0001007,5.5,0.0005538499999999999
GVT/BTC,1613679555738,2021-02-18T20:19:15.738Z,buy,0.0001008,2.17,0.00021873599999999997
GVT/BTC,1613679602882,2021-02-18T20:20:02.882Z,sell,0.0001008,9.92,0.0009999359999999999
GVT/BTC,1613679645275,2021-02-18T20:20:45.275Z,buy,0.0001009,20.0,0.002018
GVT/BTC,1613679862258,2021-02-18T20:24:22.258Z,sell,0.0001002,7.63,0.000764526
GVT/BTC,1613679862258,2021-02-18T20:24:22.258Z,sell,0.0001001,125.24,0.012536523999999999
GVT/BTC,1613679862258,2021-02-18T20:24:22.258Z,sell,9.99e-05,197.9,0.01977021
GVT/BTC,1613679865078,2021-02-18T20:24:25.078Z,sell,9.97e-05,9.92,0.000989024
GVT/BTC,1613679891951,2021-02-18T20:24:51.951Z,sell,9.97e-05,0.06,5.982e-06
GVT/BTC,1613679891951,2021-02-18T20:24:51.951Z,sell,9.96e-05,55.48,0.005525807999999999
GVT/BTC,1613679912435,2021-02-18T20:25:12.435Z,sell,9.97e-05,4.77,0.00047556899999999996
GVT/BTC,1613679919146,2021-02-18T20:25:19.146Z,sell,9.97e-05,146.95,0.014650914999999999
GVT/BTC,1613679939425,2021-02-18T20:25:39.425Z,buy,0.0001001,5.5,0.0005505499999999999
GVT/BTC,1613679939425,2021-02-18T20:25:39.425Z,buy,0.0001002,8.75,0.0008767499999999999
GVT/BTC,1613679945666,2021-02-18T20:25:45.666Z,buy,0.0001002,5.76,0.0005771519999999999
GVT/BTC,1613679962711,2021-02-18T20:26:02.711Z,buy,0.0001007,5.5,0.0005538499999999999
GVT/BTC,1613679962749,2021-02-18T20:26:02.749Z,sell,0.0001007,132.24,0.013316568
GVT/BTC,1613680083726,2021-02-18T20:28:03.726Z,sell,0.0001002,3.26,0.000326652
GVT/BTC,1613680123399,2021-02-18T20:28:43.399Z,sell,0.0001002,18.74,0.0018777479999999998
GVT/BTC,1613680174650,2021-02-18T20:29:34.650Z,buy,0.0001002,7.11,0.000712422
GVT/BTC,1613680271258,2021-02-18T20:31:11.258Z,sell,0.0001005,324.82,0.03264441
GVT/BTC,1613680277725,2021-02-18T20:31:17.725Z,buy,0.0001009,3.09,0.00031178099999999996
GVT/BTC,1613680303496,2021-02-18T20:31:43.496Z,buy,0.0001009,11.09,0.001118981
GVT/BTC,1613680321302,2021-02-18T20:32:01.302Z,sell,0.0001005,187.61,0.018854805000000002
GVT/BTC,1613680321302,2021-02-18T20:32:01.302Z,sell,0.0001004,390.19,0.039175076
GVT/BTC,1613680321302,2021-02-18T20:32:01.302Z,sell,0.0001003,24.58,0.0024653739999999998
GVT/BTC,1613680321302,2021-02-18T20:32:01.302Z,sell,0.0001002,61.24,0.0061362479999999995
GVT/BTC,1613680321302,2021-02-18T20:32:01.302Z,sell,0.0001001,55.45,0.005550545
GVT/BTC,1613680334494,2021-02-18T20:32:14.494Z,sell,9.98e-05,10.0,0.000998
GVT/BTC,1613680381877,2021-02-18T20:33:01.877Z,buy,0.0001001,2.16,0.000216216
GVT/BTC,1613680434160,2021-02-18T20:33:54.160Z,sell,9.98e-05,3.17,0.000316366
GVT/BTC,1613680434160,2021-02-18T20:33:54.160Z,sell,9.96e-05,1567.14,0.156087144
GVT/BTC,1613680442907,2021-02-18T20:34:02.907Z,sell,9.95e-05,1.21,0.000120395
GVT/BTC,1613680442907,2021-02-18T20:34:02.907Z,sell,9.93e-05,4.1,0.00040712999999999996
GVT/BTC,1613680467431,2021-02-18T20:34:27.431Z,sell,9.93e-05,135.81,0.013485933
GVT/BTC,1613680473304,2021-02-18T20:34:33.304Z,buy,9.96e-05,108.15,0.01077174
GVT/BTC,1613680485653,2021-02-18T20:34:45.653Z,sell,9.94e-05,10.31,0.0010248140000000002
GVT/BTC,1613680486758,2021-02-18T20:34:46.758Z,sell,9.94e-05,20.0,0.001988
GVT/BTC,1613680493747,2021-02-18T20:34:53.747Z,sell,9.94e-05,10.58,0.0010516520000000001
GVT/BTC,1613680565927,2021-02-18T20:36:05.927Z,sell,9.94e-05,374.63,0.037238222
GVT/BTC,1613680771161,2021-02-18T20:39:31.161Z,sell,9.94e-05,91.63,0.009108022
GVT/BTC,1613680774402,2021-02-18T20:39:34.402Z,sell,9.94e-05,91.64,0.009109016000000001
GVT/BTC,1613680776149,2021-02-18T20:39:36.149Z,sell,9.94e-05,232.78,0.023138332
GVT/BTC,1613680809602,2021-02-18T20:40:09.602Z,buy,9.96e-05,43.75,0.004357499999999999
GVT/BTC,1613680820520,2021-02-18T20:40:20.520Z,buy,9.96e-05,1.2,0.00011952
GVT/BTC,1613680915654,2021-02-18T20:41:55.654Z,buy,9.96e-05,1.78,0.000177288
GVT/BTC,1613681030317,2021-02-18T20:43:50.317Z,buy,9.96e-05,9.9,0.00098604
GVT/BTC,1613681072705,2021-02-18T20:44:32.705Z,sell,9.94e-05,99.9,0.009930060000000001
GVT/BTC,1613681150699,2021-02-18T20:45:50.699Z,sell,9.94e-05,47.96,0.0047672240000000005
GVT/BTC,1613681182922,2021-02-18T20:46:22.922Z,sell,9.95e-05,137.97,0.013728015000000001
GVT/BTC,1613681204011,2021-02-18T20:46:44.011Z,sell,9.95e-05,68.99,0.006864505
GVT/BTC,1613681210479,2021-02-18T20:46:50.479Z,sell,9.95e-05,34.49,0.0034317550000000003
GVT/BTC,1613681215449,2021-02-18T20:46:55.449Z,sell,9.95e-05,17.25,0.001716375
GVT/BTC,1613681221117,2021-02-18T20:47:01.117Z,sell,9.95e-05,8.62,0.0008576899999999999
GVT/BTC,1613681226341,2021-02-18T20:47:06.341Z,sell,9.95e-05,4.31,0.00042884499999999996
GVT/BTC,1613681232973,2021-02-18T20:47:12.973Z,sell,9.95e-05,2.16,0.00021492000000000004
GVT/BTC,1613681245434,2021-02-18T20:47:25.434Z,buy,0.0001001,5.5,0.0005505499999999999
GVT/BTC,1613681245434,2021-02-18T20:47:25.434Z,buy,0.0001003,12.97,0.001300891
GVT/BTC,1613681245434,2021-02-18T20:47:25.434Z,buy,0.0001004,3.63,0.00036445199999999997
GVT/BTC,1613681269380,2021-02-18T20:47:49.380Z,buy,9.97e-05,49.66,0.004951102
GVT/BTC,1613681383715,2021-02-18T20:49:43.715Z,sell,9.95e-05,31.67,0.0031511650000000005
GVT/BTC,1613681383891,2021-02-18T20:49:43.891Z,sell,9.95e-05,50.0,0.004975
GVT/BTC,1613681500501,2021-02-18T20:51:40.501Z,buy,9.96e-05,279.54,0.027842184
GVT/BTC,1613681509010,2021-02-18T20:51:49.010Z,sell,9.96e-05,114.66,0.011420136
GVT/BTC,1613681552933,2021-02-18T20:52:32.933Z,sell,9.94e-05,12.08,0.001200752
GVT/BTC,1613681557209,2021-02-18T20:52:37.209Z,buy,9.94e-05,5.5,0.0005467
GVT/BTC,1613681600455,2021-02-18T20:53:20.455Z,sell,9.92e-05,28.31,0.0028083519999999996
GVT/BTC,1613681601818,2021-02-18T20:53:21.818Z,sell,9.92e-05,134.69,0.013361248
GVT/BTC,1613681610998,2021-02-18T20:53:30.998Z,buy,9.94e-05,7.97,0.000792218
GVT/BTC,1613681611375,2021-02-18T20:53:31.375Z,sell,9.94e-05,7.35,0.00073059
GVT/BTC,1613681632260,2021-02-18T20:53:52.260Z,sell,9.94e-05,25.23,0.002507862
GVT/BTC,1613681632260,2021-02-18T20:53:52.260Z,sell,9.93e-05,4.63,0.000459759
GVT/BTC,1613681632260,2021-02-18T20:53:52.260Z,sell,9.92e-05,10.26,0.001017792
GVT/BTC,1613681635546,2021-02-18T20:53:55.546Z,sell,9.92e-05,2.74,0.000271808
GVT/BTC,1613681639274,2021-02-18T20:53:59.274Z,sell,9.93e-05,23.87,0.002370291
GVT/BTC,1613681726096,2021-02-18T20:55:26.096Z,sell,9.93e-05,11.0,0.0010923
GVT/BTC,1613681756624,2021-02-18T20:55:56.624Z,sell,9.93e-05,23.05,0.002288865
GVT/BTC,1613681814915,2021-02-18T20:56:54.915Z,buy,0.0001,13.69,0.001369
GVT/BTC,1613681865224,2021-02-18T20:57:45.224Z,sell,9.93e-05,28.42,0.002822106
GVT/BTC,1613681865224,2021-02-18T20:57:45.224Z,sell,9.93e-05,28.42,0.002822106
GVT/BTC,1613681913594,2021-02-18T20:58:33.594Z,buy,0.0001001,5.5,0.0005505499999999999
GVT/BTC,1613681929462,2021-02-18T20:58:49.462Z,buy,0.0001004,1.19,0.00011947599999999999
GVT/BTC,1613681929523,2021-02-18T20:58:49.523Z,sell,0.0001004,15.45,0.0015511799999999999
GVT/BTC,1613681953940,2021-02-18T20:59:13.940Z,sell,0.0001004,1.0,0.0001004
GVT/BTC,1613682108884,2021-02-18T21:01:48.884Z,sell,0.0001,2.06,0.00020600000000000002
GVT/BTC,1613682147521,2021-02-18T21:02:27.521Z,sell,0.0001,30.98,0.003098
GVT/BTC,1613682163509,2021-02-18T21:02:43.509Z,sell,0.0001,80.38,0.008038
GVT/BTC,1613682222145,2021-02-18T21:03:42.145Z,buy,0.0001004,17.35,0.0017419400000000002
GVT/BTC,1613682222145,2021-02-18T21:03:42.145Z,buy,0.0001006,10.0,0.001006
GVT/BTC,1613682222145,2021-02-18T21:03:42.145Z,buy,0.0001007,5.5,0.0005538499999999999
GVT/BTC,1613682222145,2021-02-18T21:03:42.145Z,buy,0.0001008,62.22,0.006271776
GVT/BTC,1613682228322,2021-02-18T21:03:48.322Z,buy,0.0001009,23.08,0.002328772
GVT/BTC,1613682231200,2021-02-18T21:03:51.200Z,buy,0.0001009,7.67,0.0007739029999999999
GVT/BTC,1613682310398,2021-02-18T21:05:10.398Z,buy,0.0001009,40.86,0.004122774
GVT/BTC,1613682572719,2021-02-18T21:09:32.719Z,buy,0.0001009,40.48,0.004084432
GVT/BTC,1613682572719,2021-02-18T21:09:32.719Z,buy,0.000101,1067.3,0.1077973
GVT/BTC,1613682596623,2021-02-18T21:09:56.623Z,buy,0.0001005,16.13,0.0016210649999999999
GVT/BTC,1613682596623,2021-02-18T21:09:56.623Z,buy,0.000101,114.34,0.01154834
GVT/BTC,1613682624720,2021-02-18T21:10:24.720Z,sell,0.0001002,66.36,0.0066492719999999995
GVT/BTC,1613682624720,2021-02-18T21:10:24.720Z,sell,0.0001001,6.96,0.0006966959999999999
GVT/BTC,1613682712697,2021-02-18T21:11:52.697Z,sell,0.0001001,72.86,0.0072932859999999995
GVT/BTC,1613682725248,2021-02-18T21:12:05.248Z,buy,0.0001006,6.09,0.000612654
GVT/BTC,1613682731516,2021-02-18T21:12:11.516Z,sell,0.0001002,22.1,0.00221442
GVT/BTC,1613682835747,2021-02-18T21:13:55.747Z,sell,0.0001003,4.98,0.0004994940000000001
GVT/BTC,1613682835747,2021-02-18T21:13:55.747Z,sell,0.0001002,4.93,0.000493986
GVT/BTC,1613682873561,2021-02-18T21:14:33.561Z,buy,0.0001006,1.01,0.000101606
GVT/BTC,1613682968604,2021-02-18T21:16:08.604Z,sell,0.0001004,1.0,0.0001004
GVT/BTC,1613682968604,2021-02-18T21:16:08.604Z,sell,0.0001002,33.81,0.003387762
GVT/BTC,1613682968604,2021-02-18T21:16:08.604Z,sell,0.0001001,233.29,0.023352328999999998
GVT/BTC,1613682968604,2021-02-18T21:16:08.604Z,sell,9.96e-05,5.5,0.0005478
GVT/BTC,1613682968604,2021-02-18T21:16:08.604Z,sell,9.95e-05,200.2,0.0199199
GVT/BTC,1613682968604,2021-02-18T21:16:08.604Z,sell,9.94e-05,150.53,0.014962682000000001
GVT/BTC,1613682968604,2021-02-18T21:16:08.604Z,sell,9.93e-05,498.2,0.049471259999999996
GVT/BTC,1613682968604,2021-02-18T21:16:08.604Z,sell,9.91e-05,5.5,0.0005450499999999999
GVT/BTC,1613682968604,2021-02-18T21:16:08.604Z,sell,9.9e-05,172.5,0.0170775
GVT/BTC,1613682968904,2021-02-18T21:16:08.904Z,buy,9.9e-05,10.0,0.00099
GVT/BTC,1613682974733,2021-02-18T21:16:14.733Z,buy,9.95e-05,1.0,9.95e-05
GVT/BTC,1613682975727,2021-02-18T21:16:15.727Z,buy,9.95e-05,19.6,0.0019502000000000002
GVT/BTC,1613683024160,2021-02-18T21:17:04.160Z,buy,9.95e-05,10.05,0.0009999750000000002
GVT/BTC,1613683069701,2021-02-18T21:17:49.701Z,buy,9.95e-05,1.0,9.95e-05
GVT/BTC,1613683089525,2021-02-18T21:18:09.525Z,sell,9.9e-05,11.07,0.00109593
GVT/BTC,1613683107104,2021-02-18T21:18:27.104Z,sell,9.9e-05,10.05,0.00099495
GVT/BTC,1613683113215,2021-02-18T21:18:33.215Z,sell,9.9e-05,19.23,0.00190377
GVT/BTC,1613683127654,2021-02-18T21:18:47.654Z,buy,9.93e-05,1.61,0.00015987300000000002
GVT/BTC,1613683127700,2021-02-18T21:18:47.700Z,buy,9.93e-05,1.02,0.000101286
GVT/BTC,1613683128044,2021-02-18T21:18:48.044Z,buy,9.93e-05,10.07,0.000999951
GVT/BTC,1613683128218,2021-02-18T21:18:48.218Z,buy,9.93e-05,1.02,0.000101286
GVT/BTC,1613683128263,2021-02-18T21:18:48.263Z,buy,9.93e-05,3.02,0.000299886
GVT/BTC,1613683128430,2021-02-18T21:18:48.430Z,buy,9.93e-05,12.08,0.001199544
GVT/BTC,1613683128539,2021-02-18T21:18:48.539Z,buy,9.93e-05,1.02,0.000101286
GVT/BTC,1613683128717,2021-02-18T21:18:48.717Z,buy,9.93e-05,4.77,0.00047366099999999995
GVT/BTC,1613683128717,2021-02-18T21:18:48.717Z,buy,9.96e-05,5.3,0.00052788
GVT/BTC,1613683131222,2021-02-18T21:18:51.222Z,buy,9.96e-05,5.5,0.0005478
GVT/BTC,1613683131316,2021-02-18T21:18:51.316Z,buy,9.97e-05,10.08,0.001004976
GVT/BTC,1613683131375,2021-02-18T21:18:51.375Z,buy,9.97e-05,5.04,0.000502488
GVT/BTC,1613683140635,2021-02-18T21:19:00.635Z,buy,9.97e-05,4.25,0.000423725
GVT/BTC,1613683140845,2021-02-18T21:19:00.845Z,buy,9.97e-05,46.52,0.004638044
GVT/BTC,1613683141713,2021-02-18T21:19:01.713Z,buy,9.97e-05,50.15,0.0049999549999999995
GVT/BTC,1613683141908,2021-02-18T21:19:01.908Z,sell,9.96e-05,22.89,0.002279844
GVT/BTC,1613683142608,2021-02-18T21:19:02.608Z,buy,9.97e-05,2.77,0.000276169
GVT/BTC,1613683143365,2021-02-18T21:19:03.365Z,buy,9.97e-05,20.06,0.001999982
GVT/BTC,1613683143825,2021-02-18T21:19:03.825Z,buy,9.97e-05,2.0,0.0001994
GVT/BTC,1613683144585,2021-02-18T21:19:04.585Z,buy,9.97e-05,8.89,0.000886333
GVT/BTC,1613683144687,2021-02-18T21:19:04.687Z,buy,9.97e-05,10.92,0.001088724
GVT/BTC,1613683144787,2021-02-18T21:19:04.787Z,buy,9.97e-05,8.89,0.000886333
GVT/BTC,1613683145503,2021-02-18T21:19:05.503Z,buy,9.97e-05,11.03,0.0010996909999999999
GVT/BTC,1613683146543,2021-02-18T21:19:06.543Z,buy,9.97e-05,3.47,0.000345959
GVT/BTC,1613683147206,2021-02-18T21:19:07.206Z,buy,9.97e-05,2.0,0.0001994
GVT/BTC,1613683148147,2021-02-18T21:19:08.147Z,buy,9.97e-05,10.03,0.000999991
GVT/BTC,1613683171149,2021-02-18T21:19:31.149Z,buy,9.97e-05,2.01,0.00020039699999999997
GVT/BTC,1613683171233,2021-02-18T21:19:31.233Z,buy,9.97e-05,1.02,0.000101694
GVT/BTC,1613683171306,2021-02-18T21:19:31.306Z,buy,9.97e-05,2.24,0.00022332800000000001
GVT/BTC,1613683180552,2021-02-18T21:19:40.552Z,buy,0.0001001,3.0,0.0003003
GVT/BTC,1613683181379,2021-02-18T21:19:41.379Z,buy,0.0001001,1.01,0.00010110099999999999
GVT/BTC,1613683206391,2021-02-18T21:20:06.391Z,buy,0.0001001,1.49,0.00014914899999999998
GVT/BTC,1613683216461,2021-02-18T21:20:16.461Z,buy,0.0001002,1.01,0.000101202
GVT/BTC,1613683227209,2021-02-18T21:20:27.209Z,buy,0.0001002,1.01,0.000101202
GVT/BTC,1613683227291,2021-02-18T21:20:27.291Z,buy,0.0001002,1.5,0.0001503
GVT/BTC,1613683241186,2021-02-18T21:20:41.186Z,sell,0.0001001,17.76,0.001777776
GVT/BTC,1613683252078,2021-02-18T21:20:52.078Z,buy,0.0001002,1.5,0.0001503
GVT/BTC,1613683252740,2021-02-18T21:20:52.740Z,buy,0.0001002,1.01,0.000101202
GVT/BTC,1613683252928,2021-02-18T21:20:52.928Z,buy,0.0001002,1.01,0.000101202
GVT/BTC,1613683253017,2021-02-18T21:20:53.017Z,buy,0.0001002,1.01,0.000101202
GVT/BTC,1613683253282,2021-02-18T21:20:53.282Z,buy,0.0001002,1.01,0.000101202
GVT/BTC,1613683253395,2021-02-18T21:20:53.395Z,buy,0.0001002,5.94,0.000595188
GVT/BTC,1613683254858,2021-02-18T21:20:54.858Z,buy,0.0001002,9.99,0.001000998
GVT/BTC,1613683283976,2021-02-18T21:21:23.976Z,buy,0.0001001,59.71,0.005976970999999999
GVT/BTC,1613683285775,2021-02-18T21:21:25.775Z,buy,0.0001003,5.02,0.0005035059999999999
GVT/BTC,1613683304538,2021-02-18T21:21:44.538Z,buy,0.0001004,1.19,0.00011947599999999999
GVT/BTC,1613683307518,2021-02-18T21:21:47.518Z,buy,0.0001005,1.01,0.000101505
GVT/BTC,1613683308183,2021-02-18T21:21:48.183Z,buy,0.0001005,3.13,0.000314565
GVT/BTC,1613683326338,2021-02-18T21:22:06.338Z,buy,0.0001005,2.0,0.000201
GVT/BTC,1613683327610,2021-02-18T21:22:07.610Z,buy,0.0001005,12.67,0.001273335
GVT/BTC,1613683328775,2021-02-18T21:22:08.775Z,buy,0.0001005,11.9,0.00119595
GVT/BTC,1613683342568,2021-02-18T21:22:22.568Z,buy,0.0001005,5.08,0.00051054
GVT/BTC,1613683352809,2021-02-18T21:22:32.809Z,buy,0.0001005,484.07,0.048649035
GVT/BTC,1613683373035,2021-02-18T21:22:53.035Z,buy,0.0001006,1.01,0.000101606
GVT/BTC,1613683389333,2021-02-18T21:23:09.333Z,buy,0.0001006,3.79,0.000381274
GVT/BTC,1613683389611,2021-02-18T21:23:09.611Z,sell,0.0001006,8.95,0.00090037
GVT/BTC,1613683391618,2021-02-18T21:23:11.618Z,sell,0.0001004,1.0,0.0001004
GVT/BTC,1613683392067,2021-02-18T21:23:12.067Z,buy,0.0001005,120.0,0.012060000000000001
GVT/BTC,1613683392067,2021-02-18T21:23:12.067Z,buy,0.0001006,109.95,0.011060970000000002
GVT/BTC,1613683429255,2021-02-18T21:23:49.255Z,buy,0.0001007,26.65,0.0026836549999999996
GVT/BTC,1613683466579,2021-02-18T21:24:26.579Z,buy,0.0001008,2.0,0.0002016
GVT/BTC,1613683466653,2021-02-18T21:24:26.653Z,sell,0.0001008,251.44,0.025345152
GVT/BTC,1613683475063,2021-02-18T21:24:35.063Z,buy,0.0001009,1.01,0.000101909
GVT/BTC,1613683477056,2021-02-18T21:24:37.056Z,sell,0.0001001,5.5,0.0005505499999999999
GVT/BTC,1613683477056,2021-02-18T21:24:37.056Z,sell,9.98e-05,1.02,0.000101796
GVT/BTC,1613683477056,2021-02-18T21:24:37.056Z,sell,9.96e-05,5.56,0.000553776
GVT/BTC,1613683477463,2021-02-18T21:24:37.463Z,sell,0.0001007,1.0,0.0001007
GVT/BTC,1613683479269,2021-02-18T21:24:39.269Z,sell,0.0001005,1.0,0.0001005
GVT/BTC,1613683489075,2021-02-18T21:24:49.075Z,buy,0.0001007,5.5,0.0005538499999999999
GVT/BTC,1613683489075,2021-02-18T21:24:49.075Z,buy,0.0001008,9.84,0.000991872
GVT/BTC,1613683507206,2021-02-18T21:25:07.206Z,sell,0.0001003,1.0,0.0001003
GVT/BTC,1613683517685,2021-02-18T21:25:17.685Z,sell,0.0001001,6.5,0.00065065
GVT/BTC,1613683573977,2021-02-18T21:26:13.977Z,sell,0.0001,35.39,0.003539
GVT/BTC,1613683581711,2021-02-18T21:26:21.711Z,buy,0.0001001,1.0,0.0001001
GVT/BTC,1613683581711,2021-02-18T21:26:21.711Z,buy,0.0001003,216.7,0.02173501
GVT/BTC,1613683581711,2021-02-18T21:26:21.711Z,buy,0.0001006,16.8,0.0016900800000000003
GVT/BTC,1613683581711,2021-02-18T21:26:21.711Z,buy,0.0001007,5.5,0.0005538499999999999
GVT/BTC,1613683581711,2021-02-18T21:26:21.711Z,buy,0.0001008,155.53,0.015677424
GVT/BTC,1613683581711,2021-02-18T21:26:21.711Z,buy,0.0001009,1.34,0.00013520600000000002
GVT/BTC,1613683584998,2021-02-18T21:26:24.998Z,buy,0.0001009,7.71,0.000777939
GVT/BTC,1613683584998,2021-02-18T21:26:24.998Z,buy,0.000101,11.93,0.0012049299999999999
GVT/BTC,1613683587261,2021-02-18T21:26:27.261Z,buy,0.000101,233.06,0.02353906
GVT/BTC,1613683589488,2021-02-18T21:26:29.488Z,buy,0.000101,44.15,0.00445915
GVT/BTC,1613683591938,2021-02-18T21:26:31.938Z,buy,0.000101,2.03,0.00020502999999999998
GVT/BTC,1613683601968,2021-02-18T21:26:41.968Z,buy,0.000101,33.79,0.00341279
GVT/BTC,1613683615212,2021-02-18T21:26:55.212Z,buy,0.000101,1.0,0.000101
GVT/BTC,1613683661629,2021-02-18T21:27:41.629Z,buy,0.000101,89.98,0.00908798
GVT/BTC,1613683664688,2021-02-18T21:27:44.688Z,buy,0.000101,89.99,0.00908899
GVT/BTC,1613683674980,2021-02-18T21:27:54.980Z,sell,0.0001008,1.0,0.0001008
GVT/BTC,1613683674980,2021-02-18T21:27:54.980Z,sell,0.0001003,4.92,0.000493476
GVT/BTC,1613683674980,2021-02-18T21:27:54.980Z,sell,0.0001002,21.25,0.00212925
GVT/BTC,1613683683293,2021-02-18T21:28:03.293Z,sell,0.0001002,1.02,0.000102204
GVT/BTC,1613683849427,2021-02-18T21:30:49.427Z,sell,0.0001004,3.95,0.00039658
GVT/BTC,1613683873616,2021-02-18T21:31:13.616Z,buy,0.0001009,25.2,0.00254268
GVT/BTC,1613683873616,2021-02-18T21:31:13.616Z,buy,0.000101,55.52,0.00560752
GVT/BTC,1613683935804,2021-02-18T21:32:15.804Z,buy,0.000101,115.31,0.01164631
GVT/BTC,1613684098155,2021-02-18T21:34:58.155Z,buy,0.000101,9.9,0.0009999
GVT/BTC,1613684129756,2021-02-18T21:35:29.756Z,buy,0.000101,0.09,9.09e-06
GVT/BTC,1613684155830,2021-02-18T21:35:55.830Z,sell,0.000101,21.11,0.00213211
GVT/BTC,1613684167716,2021-02-18T21:36:07.716Z,buy,0.0001011,2.08,0.00021028800000000002
GVT/BTC,1613684192072,2021-02-18T21:36:32.072Z,sell,0.0001007,2.99,0.000301093
GVT/BTC,1613684193047,2021-02-18T21:36:33.047Z,sell,0.0001007,2.29,0.000230603
GVT/BTC,1613684193326,2021-02-18T21:36:33.326Z,sell,0.0001008,10.0,0.001008
GVT/BTC,1613684196567,2021-02-18T21:36:36.567Z,sell,0.0001008,9.9,0.00099792
GVT/BTC,1613684412039,2021-02-18T21:40:12.039Z,sell,0.0001009,114.15,0.011517735000000001
GVT/BTC,1613684420360,2021-02-18T21:40:20.360Z,buy,0.0001009,11.38,0.001148242
GVT/BTC,1613684428485,2021-02-18T21:40:28.485Z,buy,0.0001009,2.26,0.00022803399999999998
GVT/BTC,1613684454374,2021-02-18T21:40:54.374Z,buy,0.0001011,2.96,0.000299256
GVT/BTC,1613684454374,2021-02-18T21:40:54.374Z,buy,0.0001012,0.03,3.036e-06
GVT/BTC,1613684468834,2021-02-18T21:41:08.834Z,buy,0.0001012,26.35,0.0026666199999999998
GVT/BTC,1613684468834,2021-02-18T21:41:08.834Z,buy,0.0001013,7.37,0.000746581
GVT/BTC,1613684481223,2021-02-18T21:41:21.223Z,buy,0.0001013,47.38,0.004799594
GVT/BTC,1613684530056,2021-02-18T21:42:10.056Z,sell,0.0001012,66.82,0.006762183999999999
GVT/BTC,1613684565134,2021-02-18T21:42:45.134Z,buy,0.0001013,117.03,0.011855138999999999
GVT/BTC,1613684565134,2021-02-18T21:42:45.134Z,buy,0.0001014,137.54,0.013946555999999999
GVT/BTC,1613684652022,2021-02-18T21:44:12.022Z,buy,0.0001014,44.59,0.004521426
GVT/BTC,1613684652022,2021-02-18T21:44:12.022Z,buy,0.0001015,31.38,0.00318507
GVT/BTC,1613684652022,2021-02-18T21:44:12.022Z,buy,0.0001016,12.76,0.001296416
GVT/BTC,1613684652022,2021-02-18T21:44:12.022Z,buy,0.0001018,369.92,0.037657855999999996
GVT/BTC,1613684657205,2021-02-18T21:44:17.205Z,sell,0.0001012,5.5,0.0005566
GVT/BTC,1613684657205,2021-02-18T21:44:17.205Z,sell,0.0001008,42.14,0.004247712
GVT/BTC,1613684657205,2021-02-18T21:44:17.205Z,sell,0.0001007,6.72,0.000676704
GVT/BTC,1613684908797,2021-02-18T21:48:28.797Z,sell,0.0001008,1.91,0.000192528
GVT/BTC,1613685055934,2021-02-18T21:50:55.934Z,sell,0.0001008,28.16,0.002838528
GVT/BTC,1613685108060,2021-02-18T21:51:48.060Z,buy,0.0001012,9.55,0.00096646
GVT/BTC,1613685131420,2021-02-18T21:52:11.420Z,buy,0.0001012,11.49,0.0011627879999999999
GVT/BTC,1613685194900,2021-02-18T21:53:14.900Z,sell,0.0001009,81.13,0.008186017
GVT/BTC,1613685223097,2021-02-18T21:53:43.097Z,sell,0.0001009,5.16,0.000520644
GVT/BTC,1613685256262,2021-02-18T21:54:16.262Z,buy,0.0001012,51.39,0.0052006679999999994
GVT/BTC,1613685381356,2021-02-18T21:56:21.356Z,buy,0.0001012,28.52,0.0028862239999999997
GVT/BTC,1613685381356,2021-02-18T21:56:21.356Z,buy,0.0001012,28.52,0.0028862239999999997
GVT/BTC,1613685482456,2021-02-18T21:58:02.456Z,buy,0.0001011,1.0,0.0001011
GVT/BTC,1613685519689,2021-02-18T21:58:39.689Z,sell,0.0001009,22.17,0.0022369530000000003
GVT/BTC,1613685519689,2021-02-18T21:58:39.689Z,sell,0.0001008,30.83,0.0031076639999999996
GVT/BTC,1613685599374,2021-02-18T21:59:59.374Z,sell,0.0001008,123.16,0.012414528
GVT/BTC,1613685630166,2021-02-18T22:00:30.166Z,sell,0.0001007,12.16,0.0012245119999999999
GVT/BTC,1613685630166,2021-02-18T22:00:30.166Z,sell,0.0001006,18.9,0.00190134
GVT/BTC,1613685652037,2021-02-18T22:00:52.037Z,sell,0.0001008,29.05,0.00292824
GVT/BTC,1613685808682,2021-02-18T22:03:28.682Z,sell,0.0001008,10.0,0.001008
GVT/BTC,1613685855855,2021-02-18T22:04:15.855Z,sell,0.0001008,2.53,0.00025502399999999996
GVT/BTC,1613685995270,2021-02-18T22:06:35.270Z,sell,0.0001009,10.48,0.001057432
GVT/BTC,1613686053917,2021-02-18T22:07:33.917Z,sell,0.0001009,55.19,0.005568671
GVT/BTC,1613686167007,2021-02-18T22:09:27.007Z,sell,0.0001009,143.33,0.014461997
GVT/BTC,1613686167007,2021-02-18T22:09:27.007Z,sell,0.0001008,19.45,0.00196056
GVT/BTC,1613686326075,2021-02-18T22:12:06.075Z,buy,0.0001011,14.0,0.0014154
GVT/BTC,1613686326075,2021-02-18T22:12:06.075Z,buy,0.0001012,3.98,0.000402776
GVT/BTC,1613686353411,2021-02-18T22:12:33.411Z,buy,0.0001012,1.98,0.000200376
GVT/BTC,1613686411457,2021-02-18T22:13:31.457Z,buy,0.0001012,1.0,0.0001012
GVT/BTC,1613686492115,2021-02-18T22:14:52.115Z,buy,0.0001012,1.53,0.000154836
GVT/BTC,1613686508364,2021-02-18T22:15:08.364Z,sell,0.0001013,1.0,0.0001013
GVT/BTC,1613686534545,2021-02-18T22:15:34.545Z,sell,0.0001007,5.5,0.0005538499999999999
GVT/BTC,1613686534545,2021-02-18T22:15:34.545Z,sell,0.0001006,27.63,0.002779578
GVT/BTC,1613686534545,2021-02-18T22:15:34.545Z,sell,0.0001005,9.9,0.00099495
GVT/BTC,1613686534545,2021-02-18T22:15:34.545Z,sell,0.0001004,1.2,0.00012048
GVT/BTC,1613686534545,2021-02-18T22:15:34.545Z,sell,0.0001002,3.66,0.000366732
GVT/BTC,1613686534545,2021-02-18T22:15:34.545Z,sell,0.0001001,3.11,0.000311311
GVT/BTC,1613686601166,2021-02-18T22:16:41.166Z,sell,0.0001003,49.85,0.004999955
GVT/BTC,1613686601166,2021-02-18T22:16:41.166Z,sell,0.0001002,26.97,0.002702394
GVT/BTC,1613686643193,2021-02-18T22:17:23.193Z,buy,0.000101,2.19,0.00022119
GVT/BTC,1613686643193,2021-02-18T22:17:23.193Z,buy,0.0001011,0.68,6.874800000000001e-05
GVT/BTC,1613686652626,2021-02-18T22:17:32.626Z,buy,0.0001011,1.0,0.0001011
GVT/BTC,1613686719592,2021-02-18T22:18:39.592Z,buy,0.0001011,48.17,0.004869987
GVT/BTC,1613686719592,2021-02-18T22:18:39.592Z,buy,0.0001012,5.5,0.0005566
GVT/BTC,1613686719592,2021-02-18T22:18:39.592Z,buy,0.0001013,120.0,0.012156
GVT/BTC,1613686719592,2021-02-18T22:18:39.592Z,buy,0.0001014,101.86,0.010328604
GVT/BTC,1613686719592,2021-02-18T22:18:39.592Z,buy,0.0001017,200.6,0.02040102
GVT/BTC,1613686719592,2021-02-18T22:18:39.592Z,buy,0.0001018,9.38,0.000954884
GVT/BTC,1613686719592,2021-02-18T22:18:39.592Z,buy,0.000102,110.11,0.01123122
GVT/BTC,1613686719592,2021-02-18T22:18:39.592Z,buy,0.0001021,272.73,0.027845733
GVT/BTC,1613686764098,2021-02-18T22:19:24.098Z,sell,0.0001012,35.0,0.0035419999999999996
GVT/BTC,1613686770251,2021-02-18T22:19:30.251Z,buy,0.0001021,0.99,0.000101079
GVT/BTC,1613686771459,2021-02-18T22:19:31.459Z,sell,0.000102,23.97,0.00244494
GVT/BTC,1613686774044,2021-02-18T22:19:34.044Z,sell,0.0001012,1.01,0.00010221199999999999
GVT/BTC,1613686774160,2021-02-18T22:19:34.160Z,sell,0.0001012,47.4,0.00479688
GVT/BTC,1613686774160,2021-02-18T22:19:34.160Z,sell,0.0001011,221.52,0.022395672000000002
GVT/BTC,1613686774160,2021-02-18T22:19:34.160Z,sell,0.000101,120.0,0.01212
GVT/BTC,1613686774160,2021-02-18T22:19:34.160Z,sell,0.0001009,1.01,0.000101909
GVT/BTC,1613686774160,2021-02-18T22:19:34.160Z,sell,0.0001008,82.5,0.008316
GVT/BTC,1613686774160,2021-02-18T22:19:34.160Z,sell,0.0001007,5.5,0.0005538499999999999
GVT/BTC,1613686774160,2021-02-18T22:19:34.160Z,sell,0.0001004,1.2,0.00012048
GVT/BTC,1613686774160,2021-02-18T22:19:34.160Z,sell,0.0001003,170.14,0.017065042
GVT/BTC,1613686774160,2021-02-18T22:19:34.160Z,sell,0.0001002,198.6,0.01989972
GVT/BTC,1613686774160,2021-02-18T22:19:34.160Z,sell,0.0001001,2.39,0.000239239
GVT/BTC,1613686774160,2021-02-18T22:19:34.160Z,sell,9.96e-05,143.59,0.014301564
GVT/BTC,1613686777141,2021-02-18T22:19:37.141Z,sell,0.0001003,5.5,0.00055165
GVT/BTC,1613686795903,2021-02-18T22:19:55.903Z,sell,0.0001002,3.01,0.000301602
GVT/BTC,1613686826175,2021-02-18T22:20:26.175Z,sell,0.0001004,4.98,0.0004999920000000001
GVT/BTC,1613686827274,2021-02-18T22:20:27.274Z,sell,0.0001004,1.5,0.0001506
GVT/BTC,1613686832607,2021-02-18T22:20:32.607Z,sell,0.0001004,1.0,0.0001004
GVT/BTC,1613686834147,2021-02-18T22:20:34.147Z,sell,0.0001004,27.69,0.0027800760000000002
GVT/BTC,1613686834196,2021-02-18T22:20:34.196Z,buy,0.0001004,20.72,0.002080288
GVT/BTC,1613686851917,2021-02-18T22:20:51.917Z,sell,0.0001003,9.9,0.00099297
GVT/BTC,1613686853541,2021-02-18T22:20:53.541Z,buy,0.0001006,21.77,0.002190062
GVT/BTC,1613686853541,2021-02-18T22:20:53.541Z,buy,0.0001007,11.0,0.0011076999999999999
GVT/BTC,1613686853541,2021-02-18T22:20:53.541Z,buy,0.0001009,8.72,0.000879848
GVT/BTC,1613686853541,2021-02-18T22:20:53.541Z,buy,0.000101,2.25,0.00022725
GVT/BTC,1613686858748,2021-02-18T22:20:58.748Z,sell,0.0001005,5.94,0.00059697
GVT/BTC,1613686858976,2021-02-18T22:20:58.976Z,sell,0.0001005,1.49,0.000149745
GVT/BTC,1613686859565,2021-02-18T22:20:59.565Z,sell,0.0001005,1.01,0.000101505
GVT/BTC,1613686879363,2021-02-18T22:21:19.363Z,buy,0.000101,1.01,0.00010201000000000001
GVT/BTC,1613686879363,2021-02-18T22:21:19.363Z,buy,0.0001011,149.68,0.015132648000000002
GVT/BTC,1613686879363,2021-02-18T22:21:19.363Z,buy,0.0001012,203.1,0.020553719999999998
GVT/BTC,1613686879363,2021-02-18T22:21:19.363Z,buy,0.0001014,1.18,0.00011965199999999999
GVT/BTC,1613686879363,2021-02-18T22:21:19.363Z,buy,0.0001017,120.0,0.012204000000000001
GVT/BTC,1613686879363,2021-02-18T22:21:19.363Z,buy,0.0001018,139.8,0.01423164
GVT/BTC,1613686879363,2021-02-18T22:21:19.363Z,buy,0.0001019,2.17,0.000221123
GVT/BTC,1613686879363,2021-02-18T22:21:19.363Z,buy,0.000102,729.5,0.074409
GVT/BTC,1613686880789,2021-02-18T22:21:20.789Z,sell,0.000101,13.45,0.00135845
GVT/BTC,1613686880789,2021-02-18T22:21:20.789Z,sell,0.0001009,43.02,0.004340718
GVT/BTC,1613686880789,2021-02-18T22:21:20.789Z,sell,0.0001007,23.67,0.002383569
GVT/BTC,1613686885584,2021-02-18T22:21:25.584Z,buy,0.0001018,7.85,0.0007991299999999999
GVT/BTC,1613686920265,2021-02-18T22:22:00.265Z,buy,0.0001018,1.0,0.0001018
GVT/BTC,1613686928026,2021-02-18T22:22:08.026Z,sell,0.0001012,5.5,0.0005566
GVT/BTC,1613686928026,2021-02-18T22:22:08.026Z,sell,0.0001008,30.62,0.003086496
GVT/BTC,1613686928026,2021-02-18T22:22:08.026Z,sell,0.0001007,5.5,0.0005538499999999999
GVT/BTC,1613686928026,2021-02-18T22:22:08.026Z,sell,0.0001004,235.73,0.023667292
GVT/BTC,1613686928026,2021-02-18T22:22:08.026Z,sell,0.0001003,424.11,0.042538233
GVT/BTC,1613686928026,2021-02-18T22:22:08.026Z,sell,0.0001002,26.87,0.002692374
GVT/BTC,1613686928026,2021-02-18T22:22:08.026Z,sell,0.0001001,5.5,0.0005505499999999999
GVT/BTC,1613686928026,2021-02-18T22:22:08.026Z,sell,9.98e-05,106.55,0.01063369
GVT/BTC,1613686928026,2021-02-18T22:22:08.026Z,sell,9.97e-05,413.0,0.0411761
GVT/BTC,1613686928156,2021-02-18T22:22:08.156Z,sell,0.0001009,10.76,0.001085684
GVT/BTC,1613686951568,2021-02-18T22:22:31.568Z,buy,0.0001,12.25,0.001225
GVT/BTC,1613686959610,2021-02-18T22:22:39.610Z,sell,9.98e-05,1.46,0.000145708
GVT/BTC,1613686963770,2021-02-18T22:22:43.770Z,sell,9.97e-05,5.38,0.000536386
GVT/BTC,1613686967756,2021-02-18T22:22:47.756Z,sell,9.97e-05,2.69,0.000268193
GVT/BTC,1613686967756,2021-02-18T22:22:47.756Z,sell,9.96e-05,5.5,0.0005478
GVT/BTC,1613686968028,2021-02-18T22:22:48.028Z,buy,9.96e-05,20.0,0.001992
GVT/BTC,1613686971862,2021-02-18T22:22:51.862Z,sell,9.97e-05,2.69,0.000268193
GVT/BTC,1613686971862,2021-02-18T22:22:51.862Z,sell,9.96e-05,10.5,0.0010458
GVT/BTC,1613686971862,2021-02-18T22:22:51.862Z,sell,9.95e-05,1.21,0.000120395
GVT/BTC,1613686972264,2021-02-18T22:22:52.264Z,buy,9.95e-05,20.82,0.0020715900000000003
GVT/BTC,1613686991717,2021-02-18T22:23:11.717Z,buy,0.0001,10.5,0.0010500000000000002
GVT/BTC,1613687019458,2021-02-18T22:23:39.458Z,buy,0.0001001,5.5,0.0005505499999999999
GVT/BTC,1613687045782,2021-02-18T22:24:05.782Z,sell,0.0001001,2.84,0.000284284
GVT/BTC,1613687048096,2021-02-18T22:24:08.096Z,buy,0.0001003,1.99,0.000199597
GVT/BTC,1613687140997,2021-02-18T22:25:40.997Z,buy,0.0001003,9.33,0.000935799
GVT/BTC,1613687151280,2021-02-18T22:25:51.280Z,sell,0.0001001,14.33,0.001434433
GVT/BTC,1613687152438,2021-02-18T22:25:52.438Z,buy,0.0001003,1.09,0.000109327
GVT/BTC,1613687295300,2021-02-18T22:28:15.300Z,sell,0.0001001,11.09,0.001110109
GVT/BTC,1613687317359,2021-02-18T22:28:37.359Z,sell,0.0001002,15.46,0.001549092
GVT/BTC,1613687378642,2021-02-18T22:29:38.642Z,sell,0.0001002,0.99,9.9198e-05
GVT/BTC,1613687380906,2021-02-18T22:29:40.906Z,sell,0.0001002,2.79,0.000279558
GVT/BTC,1613687394138,2021-02-18T22:29:54.138Z,sell,0.0001002,6.87,0.000688374
GVT/BTC,1613687629446,2021-02-18T22:33:49.446Z,buy,0.0001002,1.0,0.0001002
GVT/BTC,1613687649319,2021-02-18T22:34:09.319Z,buy,0.0001002,9.14,0.000915828
