symbol,timestamp,datetime,side,price,amount,btc_volume
IDEX/BTC,1609261215669,2020-12-29T17:00:15.669Z,sell,1.28e-06,10000.0,0.0128
IDEX/BTC,1609261631537,2020-12-29T17:07:11.537Z,sell,1.28e-06,4358.0,0.00557824
IDEX/BTC,1609261691593,2020-12-29T17:08:11.593Z,buy,1.29e-06,436.0,0.00056244
IDEX/BTC,1609261825488,2020-12-29T17:10:25.488Z,buy,1.29e-06,719.0,0.00092751
IDEX/BTC,1609261879040,2020-12-29T17:11:19.040Z,sell,1.28e-06,4951.0,0.00633728
IDEX/BTC,1609261902217,2020-12-29T17:11:42.217Z,sell,1.28e-06,222.0,0.00028416
IDEX/BTC,1609262004911,2020-12-29T17:13:24.911Z,sell,1.28e-06,14219.0,0.01820032
IDEX/BTC,1609262023058,2020-12-29T17:13:43.058Z,buy,1.29e-06,80.0,0.00010319999999999999
IDEX/BTC,1609262032694,2020-12-29T17:13:52.694Z,sell,1.28e-06,120.0,0.0001536
IDEX/BTC,1609262121713,2020-12-29T17:15:21.713Z,sell,1.28e-06,4776.0,0.0061132800000000004
IDEX/BTC,1609262125936,2020-12-29T17:15:25.936Z,buy,1.29e-06,819.0,0.0010565099999999999
IDEX/BTC,1609262125936,2020-12-29T17:15:25.936Z,buy,1.3e-06,13229.0,0.0171977
IDEX/BTC,1609262125936,2020-12-29T17:15:25.936Z,buy,1.31e-06,423.0,0.00055413
IDEX/BTC,1609262252390,2020-12-29T17:17:32.390Z,buy,1.3e-06,92.0,0.00011960000000000001
IDEX/BTC,1609262628442,2020-12-29T17:23:48.442Z,buy,1.3e-06,165.0,0.0002145
IDEX/BTC,1609263224166,2020-12-29T17:33:44.166Z,sell,1.29e-06,91.0,0.00011739
IDEX/BTC,1609263224166,2020-12-29T17:33:44.166Z,sell,1.28e-06,244.0,0.00031232
IDEX/BTC,1609263265144,2020-12-29T17:34:25.144Z,sell,1.28e-06,5329.0,0.00682112
IDEX/BTC,1609263399561,2020-12-29T17:36:39.561Z,buy,1.3e-06,396.0,0.0005148
IDEX/BTC,1609263563272,2020-12-29T17:39:23.272Z,buy,1.3e-06,90.0,0.000117
IDEX/BTC,1609263630051,2020-12-29T17:40:30.051Z,buy,1.29e-06,3443.0,0.0044414699999999994
IDEX/BTC,1609263630051,2020-12-29T17:40:30.051Z,buy,1.3e-06,21574.0,0.0280462
IDEX/BTC,1609263734838,2020-12-29T17:42:14.838Z,sell,1.3e-06,1775.0,0.0023075
IDEX/BTC,1609263768462,2020-12-29T17:42:48.462Z,sell,1.3e-06,88.0,0.0001144
IDEX/BTC,1609263768876,2020-12-29T17:42:48.876Z,sell,1.3e-06,277.0,0.0003601
IDEX/BTC,1609263830700,2020-12-29T17:43:50.700Z,sell,1.3e-06,4719.0,0.0061347
IDEX/BTC,1609264167372,2020-12-29T17:49:27.372Z,buy,1.31e-06,27983.0,0.03665773
IDEX/BTC,1609264167372,2020-12-29T17:49:27.372Z,buy,1.32e-06,22526.0,0.02973432
IDEX/BTC,1609264221830,2020-12-29T17:50:21.830Z,buy,1.32e-06,18644.0,0.024610080000000003
IDEX/BTC,1609264232573,2020-12-29T17:50:32.573Z,sell,1.32e-06,319.0,0.00042108
IDEX/BTC,1609264259229,2020-12-29T17:50:59.229Z,sell,1.31e-06,91.0,0.00011920999999999999
IDEX/BTC,1609264259229,2020-12-29T17:50:59.229Z,sell,1.3e-06,74.0,9.620000000000001e-05
IDEX/BTC,1609264283729,2020-12-29T17:51:23.729Z,buy,1.32e-06,91.0,0.00012012000000000001
IDEX/BTC,1609264348350,2020-12-29T17:52:28.350Z,buy,1.32e-06,3606.0,0.00475992
IDEX/BTC,1609264366732,2020-12-29T17:52:46.732Z,buy,1.33e-06,25815.0,0.03433395
IDEX/BTC,1609264366732,2020-12-29T17:52:46.732Z,buy,1.34e-06,99246.0,0.13298964000000002
IDEX/BTC,1609264366741,2020-12-29T17:52:46.741Z,sell,1.34e-06,9169.0,0.01228646
IDEX/BTC,1609264366743,2020-12-29T17:52:46.743Z,sell,1.34e-06,5624.0,0.00753616
IDEX/BTC,1609264366750,2020-12-29T17:52:46.750Z,sell,1.34e-06,5726.0,0.00767284
IDEX/BTC,1609264366750,2020-12-29T17:52:46.750Z,sell,1.32e-06,8873.0,0.01171236
IDEX/BTC,1609264366786,2020-12-29T17:52:46.786Z,buy,1.35e-06,3153.0,0.00425655
IDEX/BTC,1609264366786,2020-12-29T17:52:46.786Z,buy,1.35e-06,4223.0,0.00570105
IDEX/BTC,1609264366786,2020-12-29T17:52:46.786Z,buy,1.36e-06,2685.0,0.0036515999999999996
IDEX/BTC,1609264367034,2020-12-29T17:52:47.034Z,buy,1.36e-06,4160.0,0.0056576
IDEX/BTC,1609264371100,2020-12-29T17:52:51.100Z,buy,1.34e-06,81.0,0.00010854
IDEX/BTC,1609264371269,2020-12-29T17:52:51.269Z,buy,1.34e-06,91.0,0.00012194
IDEX/BTC,1609264371609,2020-12-29T17:52:51.609Z,buy,1.34e-06,81.0,0.00010854
IDEX/BTC,1609264377639,2020-12-29T17:52:57.639Z,buy,1.34e-06,244.0,0.00032696
IDEX/BTC,1609264390375,2020-12-29T17:53:10.375Z,buy,1.35e-06,81.0,0.00010935
IDEX/BTC,1609264390375,2020-12-29T17:53:10.375Z,buy,1.36e-06,39979.0,0.05437143999999999
IDEX/BTC,1609264400466,2020-12-29T17:53:20.466Z,buy,1.36e-06,81.0,0.00011015999999999999
IDEX/BTC,1609264400466,2020-12-29T17:53:20.466Z,buy,1.37e-06,14340.0,0.0196458
IDEX/BTC,1609264400970,2020-12-29T17:53:20.970Z,buy,1.37e-06,3097.0,0.00424289
IDEX/BTC,1609264411147,2020-12-29T17:53:31.147Z,sell,1.36e-06,97.0,0.00013192
IDEX/BTC,1609264505103,2020-12-29T17:55:05.103Z,buy,1.36e-06,10789.0,0.014673039999999998
IDEX/BTC,1609264517946,2020-12-29T17:55:17.946Z,buy,1.36e-06,16184.0,0.022010239999999997
IDEX/BTC,1609264531462,2020-12-29T17:55:31.462Z,buy,1.37e-06,12138.0,0.01662906
IDEX/BTC,1609264535772,2020-12-29T17:55:35.772Z,sell,1.35e-06,110.0,0.0001485
IDEX/BTC,1609264580749,2020-12-29T17:56:20.749Z,sell,1.35e-06,121.0,0.00016334999999999999
IDEX/BTC,1609264649270,2020-12-29T17:57:29.270Z,buy,1.35e-06,1567.0,0.00211545
IDEX/BTC,1609264694787,2020-12-29T17:58:14.787Z,sell,1.34e-06,522.0,0.00069948
IDEX/BTC,1609264695532,2020-12-29T17:58:15.532Z,buy,1.35e-06,264.0,0.0003564
IDEX/BTC,1609264727067,2020-12-29T17:58:47.067Z,sell,1.34e-06,360.0,0.0004824
IDEX/BTC,1609264727067,2020-12-29T17:58:47.067Z,sell,1.34e-06,360.0,0.0004824
IDEX/BTC,1609264896693,2020-12-29T18:01:36.693Z,sell,1.34e-06,1565.0,0.0020971
IDEX/BTC,1609265082529,2020-12-29T18:04:42.529Z,sell,1.34e-06,264.0,0.00035376
IDEX/BTC,1609265125914,2020-12-29T18:05:25.914Z,buy,1.35e-06,190.0,0.0002565
IDEX/BTC,1609265236360,2020-12-29T18:07:16.360Z,buy,1.35e-06,53559.0,0.07230465
IDEX/BTC,1609265271637,2020-12-29T18:07:51.637Z,sell,1.35e-06,718.0,0.0009693
IDEX/BTC,1609265285360,2020-12-29T18:08:05.360Z,sell,1.35e-06,339682.0,0.4585707
IDEX/BTC,1609265300460,2020-12-29T18:08:20.460Z,buy,1.36e-06,173.0,0.00023527999999999998
IDEX/BTC,1609265306788,2020-12-29T18:08:26.788Z,buy,1.36e-06,258.0,0.00035088
IDEX/BTC,1609265320741,2020-12-29T18:08:40.741Z,buy,1.36e-06,1147.0,0.0015599199999999998
IDEX/BTC,1609265347501,2020-12-29T18:09:07.501Z,buy,1.36e-06,1964.0,0.00267104
IDEX/BTC,1609265353045,2020-12-29T18:09:13.045Z,sell,1.36e-06,410.0,0.0005576
IDEX/BTC,1609265371589,2020-12-29T18:09:31.589Z,sell,1.36e-06,80.0,0.00010879999999999999
IDEX/BTC,1609265412637,2020-12-29T18:10:12.637Z,sell,1.35e-06,264.0,0.0003564
IDEX/BTC,1609265472121,2020-12-29T18:11:12.121Z,buy,1.36e-06,834.0,0.00113424
IDEX/BTC,1609265531546,2020-12-29T18:12:11.546Z,buy,1.36e-06,1460.0,0.0019855999999999997
IDEX/BTC,1609265645008,2020-12-29T18:14:05.008Z,sell,1.36e-06,8717.0,0.011855119999999999
IDEX/BTC,1609265666944,2020-12-29T18:14:26.944Z,buy,1.37e-06,2000.0,0.00274
IDEX/BTC,1609265717149,2020-12-29T18:15:17.149Z,buy,1.37e-06,300.0,0.000411
IDEX/BTC,1609265949012,2020-12-29T18:19:09.012Z,buy,1.37e-06,1167.0,0.00159879
IDEX/BTC,1609265971716,2020-12-29T18:19:31.716Z,buy,1.37e-06,504.0,0.00069048
IDEX/BTC,1609266267424,2020-12-29T18:24:27.424Z,buy,1.37e-06,238.0,0.00032606
IDEX/BTC,1609266313957,2020-12-29T18:25:13.957Z,buy,1.37e-06,729.0,0.00099873
IDEX/BTC,1609266496708,2020-12-29T18:28:16.708Z,buy,1.37e-06,1095.0,0.00150015
IDEX/BTC,1609266523250,2020-12-29T18:28:43.250Z,buy,1.37e-06,165.0,0.00022605
IDEX/BTC,1609266574546,2020-12-29T18:29:34.546Z,sell,1.36e-06,316.0,0.00042975999999999995
IDEX/BTC,1609266595836,2020-12-29T18:29:55.836Z,sell,1.36e-06,3280.0,0.0044608
IDEX/BTC,1609266606411,2020-12-29T18:30:06.411Z,buy,1.36e-06,500.0,0.0006799999999999999
IDEX/BTC,1609266606682,2020-12-29T18:30:06.682Z,buy,1.36e-06,74.0,0.00010064
IDEX/BTC,1609266623478,2020-12-29T18:30:23.478Z,sell,1.35e-06,819.0,0.00110565
IDEX/BTC,1609266623484,2020-12-29T18:30:23.484Z,sell,1.34e-06,819.0,0.00109746
IDEX/BTC,1609266657227,2020-12-29T18:30:57.227Z,buy,1.35e-06,83.0,0.00011205
IDEX/BTC,1609266764944,2020-12-29T18:32:44.944Z,sell,1.35e-06,102.0,0.00013769999999999999
IDEX/BTC,1609266834586,2020-12-29T18:33:54.586Z,buy,1.35e-06,261.0,0.00035234999999999997
IDEX/BTC,1609266836468,2020-12-29T18:33:56.468Z,buy,1.35e-06,82.0,0.0001107
IDEX/BTC,1609266877087,2020-12-29T18:34:37.087Z,buy,1.35e-06,80.0,0.000108
IDEX/BTC,1609266904828,2020-12-29T18:35:04.828Z,buy,1.35e-06,89.0,0.00012014999999999999
IDEX/BTC,1609266905146,2020-12-29T18:35:05.146Z,buy,1.35e-06,75.0,0.00010125
IDEX/BTC,1609266951324,2020-12-29T18:35:51.324Z,sell,1.34e-06,455.0,0.0006097
IDEX/BTC,1609267110054,2020-12-29T18:38:30.054Z,sell,1.34e-06,3298.0,0.00441932
IDEX/BTC,1609267110054,2020-12-29T18:38:30.054Z,sell,1.33e-06,6406.0,0.00851998
IDEX/BTC,1609267121876,2020-12-29T18:38:41.876Z,buy,1.33e-06,296.0,0.00039368
IDEX/BTC,1609267156929,2020-12-29T18:39:16.929Z,sell,1.33e-06,302.0,0.00040165999999999997
IDEX/BTC,1609267156929,2020-12-29T18:39:16.929Z,sell,1.32e-06,4870.0,0.0064284
IDEX/BTC,1609267156929,2020-12-29T18:39:16.929Z,sell,1.31e-06,53143.0,0.06961732999999999
IDEX/BTC,1609267156941,2020-12-29T18:39:16.941Z,buy,1.31e-06,613.0,0.0008030299999999999
IDEX/BTC,1609267156945,2020-12-29T18:39:16.945Z,buy,1.31e-06,1039.0,0.00136109
IDEX/BTC,1609267157098,2020-12-29T18:39:17.098Z,buy,1.31e-06,33.0,4.323e-05
IDEX/BTC,1609267166035,2020-12-29T18:39:26.035Z,sell,1.31e-06,76753.0,0.10054642999999999
IDEX/BTC,1609267175790,2020-12-29T18:39:35.790Z,sell,1.3e-06,43382.0,0.056396600000000005
IDEX/BTC,1609267179000,2020-12-29T18:39:39.000Z,buy,1.3e-06,4176.0,0.0054288
IDEX/BTC,1609267181381,2020-12-29T18:39:41.381Z,buy,1.3e-06,9612.0,0.0124956
IDEX/BTC,1609267188794,2020-12-29T18:39:48.794Z,buy,1.3e-06,148.0,0.00019240000000000001
IDEX/BTC,1609267268192,2020-12-29T18:41:08.192Z,buy,1.3e-06,77.0,0.00010010000000000001
IDEX/BTC,1609267310117,2020-12-29T18:41:50.117Z,sell,1.29e-06,744.0,0.0009597599999999999
IDEX/BTC,1609267432138,2020-12-29T18:43:52.138Z,buy,1.3e-06,485.0,0.0006305
IDEX/BTC,1609267604402,2020-12-29T18:46:44.402Z,buy,1.3e-06,19088.0,0.0248144
IDEX/BTC,1609267612060,2020-12-29T18:46:52.060Z,buy,1.31e-06,22793.0,0.02985883
IDEX/BTC,1609267711535,2020-12-29T18:48:31.535Z,buy,1.32e-06,145.0,0.00019140000000000002
IDEX/BTC,1609268041749,2020-12-29T18:54:01.749Z,buy,1.32e-06,405.0,0.0005346
IDEX/BTC,1609268041749,2020-12-29T18:54:01.749Z,buy,1.32e-06,405.0,0.0005346
IDEX/BTC,1609268351745,2020-12-29T18:59:11.745Z,sell,1.31e-06,93.0,0.00012182999999999999
IDEX/BTC,1609268351745,2020-12-29T18:59:11.745Z,sell,1.3e-06,152.0,0.0001976
IDEX/BTC,1609268543682,2020-12-29T19:02:23.682Z,buy,1.31e-06,3816.0,0.00499896
IDEX/BTC,1609268592092,2020-12-29T19:03:12.092Z,sell,1.3e-06,145.0,0.0001885
IDEX/BTC,1609268609132,2020-12-29T19:03:29.132Z,buy,1.31e-06,84.0,0.00011004
IDEX/BTC,1609268681712,2020-12-29T19:04:41.712Z,sell,1.3e-06,575.0,0.0007475
IDEX/BTC,1609268749182,2020-12-29T19:05:49.182Z,sell,1.3e-06,1458.0,0.0018954
IDEX/BTC,1609268769560,2020-12-29T19:06:09.560Z,sell,1.3e-06,7522.0,0.0097786
IDEX/BTC,1609269026921,2020-12-29T19:10:26.921Z,sell,1.3e-06,219.0,0.00028470000000000004
IDEX/BTC,1609269108245,2020-12-29T19:11:48.245Z,sell,1.29e-06,9612.0,0.01239948
IDEX/BTC,1609269135004,2020-12-29T19:12:15.004Z,buy,1.3e-06,98.0,0.0001274
IDEX/BTC,1609269335764,2020-12-29T19:15:35.764Z,buy,1.3e-06,723.0,0.0009399
IDEX/BTC,1609269681539,2020-12-29T19:21:21.539Z,buy,1.3e-06,41697.0,0.0542061
IDEX/BTC,1609269963364,2020-12-29T19:26:03.364Z,buy,1.3e-06,34631.0,0.0450203
IDEX/BTC,1609270206390,2020-12-29T19:30:06.390Z,buy,1.31e-06,3626.0,0.0047500599999999995
IDEX/BTC,1609270212557,2020-12-29T19:30:12.557Z,buy,1.32e-06,190.0,0.0002508
IDEX/BTC,1609270267244,2020-12-29T19:31:07.244Z,buy,1.32e-06,97.0,0.00012804
IDEX/BTC,1609270267529,2020-12-29T19:31:07.529Z,sell,1.32e-06,3.0,3.96e-06
IDEX/BTC,1609270626044,2020-12-29T19:37:06.044Z,buy,1.32e-06,74.0,9.768e-05
IDEX/BTC,1609270961846,2020-12-29T19:42:41.846Z,sell,1.32e-06,1826.0,0.00241032
IDEX/BTC,1609270961846,2020-12-29T19:42:41.846Z,sell,1.31e-06,2018.0,0.00264358
IDEX/BTC,1609271144497,2020-12-29T19:45:44.497Z,buy,1.32e-06,94.0,0.00012408000000000002
IDEX/BTC,1609271144497,2020-12-29T19:45:44.497Z,buy,1.33e-06,6207.0,0.00825531
IDEX/BTC,1609271173627,2020-12-29T19:46:13.627Z,buy,1.34e-06,4833.0,0.00647622
IDEX/BTC,1609271185907,2020-12-29T19:46:25.907Z,sell,1.33e-06,175.0,0.00023275
IDEX/BTC,1609271209345,2020-12-29T19:46:49.345Z,sell,1.32e-06,175.0,0.000231
IDEX/BTC,1609271296847,2020-12-29T19:48:16.847Z,buy,1.32e-06,196.0,0.00025872
IDEX/BTC,1609271306219,2020-12-29T19:48:26.219Z,sell,1.31e-06,14914.0,0.01953734
IDEX/BTC,1609271306264,2020-12-29T19:48:26.264Z,buy,1.31e-06,388.0,0.00050828
IDEX/BTC,1609271345147,2020-12-29T19:49:05.147Z,buy,1.31e-06,105.0,0.00013754999999999998
IDEX/BTC,1609271469868,2020-12-29T19:51:09.868Z,buy,1.31e-06,276.0,0.00036156
IDEX/BTC,1609271542233,2020-12-29T19:52:22.233Z,buy,1.32e-06,1199.0,0.0015826800000000002
IDEX/BTC,1609271542233,2020-12-29T19:52:22.233Z,buy,1.32e-06,1199.0,0.0015826800000000002
IDEX/BTC,1609271645807,2020-12-29T19:54:05.807Z,buy,1.32e-06,3387.0,0.00447084
IDEX/BTC,1609271645807,2020-12-29T19:54:05.807Z,buy,1.33e-06,5140.0,0.0068362
IDEX/BTC,1609271653392,2020-12-29T19:54:13.392Z,buy,1.33e-06,154.0,0.00020482
IDEX/BTC,1609271849137,2020-12-29T19:57:29.137Z,sell,1.32e-06,4302.0,0.00567864
IDEX/BTC,1609271849137,2020-12-29T19:57:29.137Z,sell,1.31e-06,940.0,0.0012314
IDEX/BTC,1609271849137,2020-12-29T19:57:29.137Z,sell,1.3e-06,14601.0,0.0189813
IDEX/BTC,1609271916182,2020-12-29T19:58:36.182Z,buy,1.32e-06,3861.0,0.00509652
IDEX/BTC,1609272285897,2020-12-29T20:04:45.897Z,buy,1.32e-06,91.0,0.00012012000000000001
IDEX/BTC,1609272395578,2020-12-29T20:06:35.578Z,buy,1.32e-06,202.0,0.00026664
IDEX/BTC,1609272395668,2020-12-29T20:06:35.668Z,buy,1.32e-06,608.0,0.00080256
IDEX/BTC,1609272395689,2020-12-29T20:06:35.689Z,buy,1.32e-06,506.0,0.00066792
IDEX/BTC,1609272395701,2020-12-29T20:06:35.701Z,buy,1.32e-06,202.0,0.00026664
IDEX/BTC,1609272395723,2020-12-29T20:06:35.723Z,buy,1.32e-06,202.0,0.00026664
IDEX/BTC,1609272395968,2020-12-29T20:06:35.968Z,buy,1.32e-06,259.0,0.00034188
IDEX/BTC,1609272461254,2020-12-29T20:07:41.254Z,buy,1.32e-06,1740.0,0.0022968000000000003
IDEX/BTC,1609272463902,2020-12-29T20:07:43.902Z,sell,1.32e-06,259.0,0.00034188
IDEX/BTC,1609272649763,2020-12-29T20:10:49.763Z,buy,1.33e-06,1660.0,0.0022077999999999998
IDEX/BTC,1609272750264,2020-12-29T20:12:30.264Z,sell,1.32e-06,426.0,0.00056232
IDEX/BTC,1609273014325,2020-12-29T20:16:54.325Z,buy,1.32e-06,1614.0,0.00213048
IDEX/BTC,1609273164515,2020-12-29T20:19:24.515Z,buy,1.32e-06,91.0,0.00012012000000000001
IDEX/BTC,1609273204223,2020-12-29T20:20:04.223Z,buy,1.32e-06,2167.0,0.00286044
IDEX/BTC,1609273506598,2020-12-29T20:25:06.598Z,sell,1.31e-06,5089.0,0.00666659
IDEX/BTC,1609273506614,2020-12-29T20:25:06.614Z,sell,1.3e-06,3071.0,0.0039923
IDEX/BTC,1609273508923,2020-12-29T20:25:08.923Z,sell,1.3e-06,5089.0,0.0066157
IDEX/BTC,1609273537665,2020-12-29T20:25:37.665Z,buy,1.31e-06,104.0,0.00013623999999999998
IDEX/BTC,1609273568181,2020-12-29T20:26:08.181Z,buy,1.31e-06,77.0,0.00010087
IDEX/BTC,1609273796418,2020-12-29T20:29:56.418Z,sell,1.3e-06,4987.0,0.0064831
IDEX/BTC,1609273796418,2020-12-29T20:29:56.418Z,sell,1.29e-06,4155.0,0.00535995
IDEX/BTC,1609274038643,2020-12-29T20:33:58.643Z,buy,1.3e-06,92.0,0.00011960000000000001
IDEX/BTC,1609274085717,2020-12-29T20:34:45.717Z,buy,1.3e-06,998.0,0.0012974
IDEX/BTC,1609274201362,2020-12-29T20:36:41.362Z,buy,1.3e-06,3253.0,0.0042289
IDEX/BTC,1609274233499,2020-12-29T20:37:13.499Z,sell,1.3e-06,328.0,0.0004264
IDEX/BTC,1609274246211,2020-12-29T20:37:26.211Z,sell,1.3e-06,4617.0,0.0060021
IDEX/BTC,1609274246214,2020-12-29T20:37:26.214Z,sell,1.29e-06,4617.0,0.00595593
IDEX/BTC,1609274354688,2020-12-29T20:39:14.688Z,buy,1.3e-06,94.0,0.00012220000000000002
IDEX/BTC,1609274788312,2020-12-29T20:46:28.312Z,buy,1.3e-06,1306.0,0.0016978
IDEX/BTC,1609274822270,2020-12-29T20:47:02.270Z,sell,1.29e-06,218.0,0.00028122
IDEX/BTC,1609274822283,2020-12-29T20:47:02.283Z,sell,1.29e-06,202.0,0.00026058
IDEX/BTC,1609274842224,2020-12-29T20:47:22.224Z,sell,1.29e-06,7950.0,0.010255499999999999
IDEX/BTC,1609274842224,2020-12-29T20:47:22.224Z,sell,1.28e-06,42362.0,0.05422336
IDEX/BTC,1609275022001,2020-12-29T20:50:22.001Z,sell,1.29e-06,205.0,0.00026445
IDEX/BTC,1609275022034,2020-12-29T20:50:22.034Z,sell,1.29e-06,202.0,0.00026058
IDEX/BTC,1609275022088,2020-12-29T20:50:22.088Z,sell,1.29e-06,202.0,0.00026058
IDEX/BTC,1609275073328,2020-12-29T20:51:13.328Z,sell,1.29e-06,895.0,0.0011545499999999998
IDEX/BTC,1609275073330,2020-12-29T20:51:13.330Z,sell,1.29e-06,1453.0,0.00187437
IDEX/BTC,1609275073790,2020-12-29T20:51:13.790Z,sell,1.29e-06,112.0,0.00014448
IDEX/BTC,1609275073790,2020-12-29T20:51:13.790Z,sell,1.29e-06,112.0,0.00014448
IDEX/BTC,1609275341668,2020-12-29T20:55:41.668Z,buy,1.29e-06,104.0,0.00013416
IDEX/BTC,1609275445517,2020-12-29T20:57:25.517Z,buy,1.29e-06,3115.0,0.0040183499999999995
IDEX/BTC,1609275891665,2020-12-29T21:04:51.665Z,buy,1.29e-06,132.0,0.00017028
IDEX/BTC,1609275946735,2020-12-29T21:05:46.735Z,buy,1.29e-06,4225.0,0.005450249999999999
IDEX/BTC,1609275956503,2020-12-29T21:05:56.503Z,buy,1.29e-06,56.0,7.224e-05
IDEX/BTC,1609275956513,2020-12-29T21:05:56.513Z,sell,1.29e-06,392.0,0.00050568
IDEX/BTC,1609275956523,2020-12-29T21:05:56.523Z,sell,1.29e-06,391.0,0.00050439
IDEX/BTC,1609275956541,2020-12-29T21:05:56.541Z,sell,1.29e-06,2756.0,0.00355524
IDEX/BTC,1609275956547,2020-12-29T21:05:56.547Z,sell,1.29e-06,918.0,0.00118422
IDEX/BTC,1609276196899,2020-12-29T21:09:56.899Z,sell,1.29e-06,1846.0,0.00238134
IDEX/BTC,1609276445438,2020-12-29T21:14:05.438Z,buy,1.29e-06,1818.0,0.00234522
IDEX/BTC,1609276770076,2020-12-29T21:19:30.076Z,buy,1.29e-06,207.0,0.00026702999999999997
IDEX/BTC,1609276770638,2020-12-29T21:19:30.638Z,buy,1.29e-06,518.0,0.00066822
IDEX/BTC,1609276770651,2020-12-29T21:19:30.651Z,buy,1.29e-06,518.0,0.00066822
IDEX/BTC,1609276770668,2020-12-29T21:19:30.668Z,buy,1.29e-06,207.0,0.00026702999999999997
IDEX/BTC,1609276770998,2020-12-29T21:19:30.998Z,buy,1.29e-06,207.0,0.00026702999999999997
IDEX/BTC,1609276771031,2020-12-29T21:19:31.031Z,buy,1.29e-06,207.0,0.00026702999999999997
IDEX/BTC,1609276869849,2020-12-29T21:21:09.849Z,buy,1.29e-06,491.0,0.00063339
IDEX/BTC,1609276950212,2020-12-29T21:22:30.212Z,buy,1.29e-06,2344.0,0.00302376
IDEX/BTC,1609276956320,2020-12-29T21:22:36.320Z,sell,1.29e-06,2825.0,0.00364425
IDEX/BTC,1609276981014,2020-12-29T21:23:01.014Z,sell,1.29e-06,1005.0,0.00129645
IDEX/BTC,1609276999961,2020-12-29T21:23:19.961Z,buy,1.3e-06,1735.0,0.0022555
IDEX/BTC,1609277005649,2020-12-29T21:23:25.649Z,sell,1.29e-06,2821.0,0.0036390899999999998
IDEX/BTC,1609277025356,2020-12-29T21:23:45.356Z,sell,1.29e-06,774.0,0.0009984599999999998
IDEX/BTC,1609277049455,2020-12-29T21:24:09.455Z,buy,1.3e-06,2644.0,0.0034372
IDEX/BTC,1609277049455,2020-12-29T21:24:09.455Z,buy,1.31e-06,914.0,0.0011973399999999999
IDEX/BTC,1609277055309,2020-12-29T21:24:15.309Z,sell,1.29e-06,2817.0,0.0036339299999999996
IDEX/BTC,1609277074871,2020-12-29T21:24:34.871Z,sell,1.3e-06,95.0,0.0001235
IDEX/BTC,1609277074871,2020-12-29T21:24:34.871Z,sell,1.29e-06,650.0,0.0008384999999999999
IDEX/BTC,1609277097836,2020-12-29T21:24:57.836Z,buy,1.31e-06,1703.0,0.00223093
IDEX/BTC,1609277103771,2020-12-29T21:25:03.771Z,sell,1.29e-06,2812.0,0.0036274799999999998
IDEX/BTC,1609277169635,2020-12-29T21:26:09.635Z,sell,1.29e-06,765.0,0.00098685
IDEX/BTC,1609277191492,2020-12-29T21:26:31.492Z,buy,1.31e-06,3486.0,0.00456666
IDEX/BTC,1609277291232,2020-12-29T21:28:11.232Z,buy,1.3e-06,97.0,0.0001261
IDEX/BTC,1609277409333,2020-12-29T21:30:09.333Z,buy,1.3e-06,3580.0,0.004654
IDEX/BTC,1609277449193,2020-12-29T21:30:49.193Z,sell,1.3e-06,3782.0,0.0049166
IDEX/BTC,1609277527756,2020-12-29T21:32:07.756Z,sell,1.3e-06,190.0,0.000247
IDEX/BTC,1609277625070,2020-12-29T21:33:45.070Z,sell,1.3e-06,2009.0,0.0026117000000000002
IDEX/BTC,1609277646752,2020-12-29T21:34:06.752Z,sell,1.3e-06,836.0,0.0010868
IDEX/BTC,1609277687276,2020-12-29T21:34:47.276Z,sell,1.3e-06,2006.0,0.0026078
IDEX/BTC,1609277691302,2020-12-29T21:34:51.302Z,sell,1.3e-06,4075.0,0.0052975
IDEX/BTC,1609277722585,2020-12-29T21:35:22.585Z,sell,1.3e-06,729.0,0.0009477
IDEX/BTC,1609277938014,2020-12-29T21:38:58.014Z,sell,1.3e-06,2782.0,0.0036166
IDEX/BTC,1609278021707,2020-12-29T21:40:21.707Z,sell,1.3e-06,1481.0,0.0019253
IDEX/BTC,1609278236483,2020-12-29T21:43:56.483Z,buy,1.3e-06,92.0,0.00011960000000000001
IDEX/BTC,1609278308142,2020-12-29T21:45:08.142Z,sell,1.29e-06,500.0,0.000645
IDEX/BTC,1609278435646,2020-12-29T21:47:15.646Z,buy,1.3e-06,3572.0,0.0046436
IDEX/BTC,1609278486256,2020-12-29T21:48:06.256Z,sell,1.3e-06,1954.0,0.0025402000000000003
IDEX/BTC,1609278510315,2020-12-29T21:48:30.315Z,buy,1.31e-06,1604.0,0.00210124
IDEX/BTC,1609278510315,2020-12-29T21:48:30.315Z,buy,1.31e-06,1604.0,0.00210124
IDEX/BTC,1609278686869,2020-12-29T21:51:26.869Z,sell,1.3e-06,96.0,0.0001248
IDEX/BTC,1609278937564,2020-12-29T21:55:37.564Z,buy,1.3e-06,5097.0,0.0066261
IDEX/BTC,1609279763745,2020-12-29T22:09:23.745Z,sell,1.29e-06,1744.0,0.00224976
IDEX/BTC,1609279867171,2020-12-29T22:11:07.171Z,sell,1.29e-06,581.0,0.00074949
IDEX/BTC,1609279868149,2020-12-29T22:11:08.149Z,sell,1.29e-06,529.0,0.0006824099999999999
IDEX/BTC,1609279889820,2020-12-29T22:11:29.820Z,sell,1.29e-06,6352.0,0.00819408
IDEX/BTC,1609279973374,2020-12-29T22:12:53.374Z,sell,1.29e-06,1083.0,0.0013970699999999998
IDEX/BTC,1609280003400,2020-12-29T22:13:23.400Z,sell,1.29e-06,528.0,0.00068112
IDEX/BTC,1609280036387,2020-12-29T22:13:56.387Z,sell,1.29e-06,482.0,0.0006217799999999999
IDEX/BTC,1609280060050,2020-12-29T22:14:20.050Z,sell,1.29e-06,472.0,0.00060888
IDEX/BTC,1609280090073,2020-12-29T22:14:50.073Z,buy,1.3e-06,348.0,0.0004524
IDEX/BTC,1609280097835,2020-12-29T22:14:57.835Z,sell,1.29e-06,499.0,0.0006437099999999999
IDEX/BTC,1609280136615,2020-12-29T22:15:36.615Z,sell,1.29e-06,503.0,0.00064887
IDEX/BTC,1609280172378,2020-12-29T22:16:12.378Z,sell,1.29e-06,456.0,0.00058824
IDEX/BTC,1609280196075,2020-12-29T22:16:36.075Z,sell,1.29e-06,476.0,0.0006140399999999999
IDEX/BTC,1609280248794,2020-12-29T22:17:28.794Z,sell,1.29e-06,491.0,0.00063339
IDEX/BTC,1609280280887,2020-12-29T22:18:00.887Z,sell,1.29e-06,3656.0,0.00471624
IDEX/BTC,1609280284901,2020-12-29T22:18:04.901Z,buy,1.3e-06,579.0,0.0007527
IDEX/BTC,1609280290887,2020-12-29T22:18:10.887Z,sell,1.29e-06,475.0,0.00061275
IDEX/BTC,1609280312858,2020-12-29T22:18:32.858Z,buy,1.3e-06,472.0,0.0006136000000000001
IDEX/BTC,1609280349490,2020-12-29T22:19:09.490Z,sell,1.29e-06,474.0,0.00061146
IDEX/BTC,1609280359376,2020-12-29T22:19:19.376Z,buy,1.3e-06,3955.0,0.0051415
IDEX/BTC,1609280359385,2020-12-29T22:19:19.385Z,sell,1.3e-06,615.0,0.0007995000000000001
IDEX/BTC,1609280359396,2020-12-29T22:19:19.396Z,sell,1.3e-06,518.0,0.0006734
IDEX/BTC,1609280359409,2020-12-29T22:19:19.409Z,sell,1.3e-06,207.0,0.00026910000000000004
IDEX/BTC,1609280359423,2020-12-29T22:19:19.423Z,sell,1.3e-06,207.0,0.00026910000000000004
IDEX/BTC,1609280359445,2020-12-29T22:19:19.445Z,sell,1.3e-06,207.0,0.00026910000000000004
IDEX/BTC,1609280359455,2020-12-29T22:19:19.455Z,sell,1.3e-06,207.0,0.00026910000000000004
IDEX/BTC,1609280388798,2020-12-29T22:19:48.798Z,buy,1.31e-06,188.0,0.00024628
IDEX/BTC,1609280389204,2020-12-29T22:19:49.204Z,sell,1.3e-06,445.0,0.0005785
IDEX/BTC,1609280404685,2020-12-29T22:20:04.685Z,sell,1.3e-06,449.0,0.0005837
IDEX/BTC,1609280407316,2020-12-29T22:20:07.316Z,sell,1.3e-06,4344.0,0.0056472
IDEX/BTC,1609280494373,2020-12-29T22:21:34.373Z,buy,1.31e-06,509.0,0.00066679
IDEX/BTC,1609280494392,2020-12-29T22:21:34.392Z,buy,1.31e-06,508.0,0.00066548
IDEX/BTC,1609280494409,2020-12-29T22:21:34.409Z,buy,1.31e-06,203.0,0.00026593
IDEX/BTC,1609280494422,2020-12-29T22:21:34.422Z,buy,1.31e-06,203.0,0.00026593
IDEX/BTC,1609280494434,2020-12-29T22:21:34.434Z,buy,1.31e-06,203.0,0.00026593
IDEX/BTC,1609280553780,2020-12-29T22:22:33.780Z,buy,1.31e-06,1551.0,0.0020318099999999998
IDEX/BTC,1609280588108,2020-12-29T22:23:08.108Z,sell,1.31e-06,78.0,0.00010218
IDEX/BTC,1609280711430,2020-12-29T22:25:11.430Z,sell,1.31e-06,509.0,0.00066679
IDEX/BTC,1609280741732,2020-12-29T22:25:41.732Z,sell,1.31e-06,3103.0,0.00406493
IDEX/BTC,1609280799370,2020-12-29T22:26:39.370Z,buy,1.32e-06,37665.0,0.0497178
IDEX/BTC,1609280927718,2020-12-29T22:28:47.718Z,sell,1.31e-06,98.0,0.00012838
IDEX/BTC,1609280927718,2020-12-29T22:28:47.718Z,sell,1.3e-06,1645.0,0.0021385
IDEX/BTC,1609280929287,2020-12-29T22:28:49.287Z,buy,1.31e-06,97.0,0.00012707
IDEX/BTC,1609280988956,2020-12-29T22:29:48.956Z,buy,1.31e-06,513.0,0.00067203
IDEX/BTC,1609280990780,2020-12-29T22:29:50.780Z,buy,1.31e-06,1255.0,0.00164405
IDEX/BTC,1609281081480,2020-12-29T22:31:21.480Z,buy,1.31e-06,104.0,0.00013623999999999998
IDEX/BTC,1609281233072,2020-12-29T22:33:53.072Z,buy,1.31e-06,2188.0,0.0028662799999999997
IDEX/BTC,1609281265928,2020-12-29T22:34:25.928Z,sell,1.31e-06,100.0,0.00013099999999999999
IDEX/BTC,1609281265928,2020-12-29T22:34:25.928Z,sell,1.31e-06,100.0,0.00013099999999999999
IDEX/BTC,1609282386095,2020-12-29T22:53:06.095Z,buy,1.31e-06,659.0,0.00086329
IDEX/BTC,1609282456697,2020-12-29T22:54:16.697Z,buy,1.31e-06,3185.0,0.00417235
IDEX/BTC,1609283949270,2020-12-29T23:19:09.270Z,sell,1.3e-06,257.0,0.0003341
IDEX/BTC,1609284153355,2020-12-29T23:22:33.355Z,sell,1.3e-06,12642.0,0.0164346
IDEX/BTC,1609284194059,2020-12-29T23:23:14.059Z,buy,1.3e-06,92.0,0.00011960000000000001
IDEX/BTC,1609284652651,2020-12-29T23:30:52.651Z,buy,1.3e-06,1792.0,0.0023296000000000002
IDEX/BTC,1609284652651,2020-12-29T23:30:52.651Z,buy,1.3e-06,1792.0,0.0023296000000000002
IDEX/BTC,1609286468764,2020-12-30T00:01:08.764Z,buy,1.31e-06,87.0,0.00011397
IDEX/BTC,1609286524362,2020-12-30T00:02:04.362Z,buy,1.31e-06,2953.0,0.00386843
IDEX/BTC,1609286576146,2020-12-30T00:02:56.146Z,sell,1.3e-06,415.0,0.0005395
IDEX/BTC,1609286605493,2020-12-30T00:03:25.493Z,sell,1.3e-06,99.0,0.0001287
IDEX/BTC,1609286854026,2020-12-30T00:07:34.026Z,buy,1.3e-06,4305.0,0.0055965
IDEX/BTC,1609287586795,2020-12-30T00:19:46.795Z,sell,1.29e-06,157.0,0.00020253
IDEX/BTC,1609287658534,2020-12-30T00:20:58.534Z,sell,1.29e-06,2997.0,0.0038661299999999997
IDEX/BTC,1609287725317,2020-12-30T00:22:05.317Z,sell,1.29e-06,1255.0,0.0016189499999999999
IDEX/BTC,1609287737960,2020-12-30T00:22:17.960Z,buy,1.3e-06,3564.0,0.0046332000000000005
IDEX/BTC,1609287748989,2020-12-30T00:22:28.989Z,sell,1.3e-06,282.0,0.0003666
IDEX/BTC,1609287749145,2020-12-30T00:22:29.145Z,sell,1.29e-06,2300.0,0.002967
IDEX/BTC,1609287754110,2020-12-30T00:22:34.110Z,sell,1.29e-06,2015.0,0.00259935
IDEX/BTC,1609287754132,2020-12-30T00:22:34.132Z,sell,1.29e-06,4402.0,0.00567858
IDEX/BTC,1609287895373,2020-12-30T00:24:55.373Z,buy,1.3e-06,151.0,0.0001963
IDEX/BTC,1609288086615,2020-12-30T00:28:06.615Z,buy,1.3e-06,3810.0,0.004953
IDEX/BTC,1609288104445,2020-12-30T00:28:24.445Z,sell,1.3e-06,143.0,0.00018590000000000002
IDEX/BTC,1609288104445,2020-12-30T00:28:24.445Z,sell,1.29e-06,31.0,3.9989999999999995e-05
IDEX/BTC,1609288104445,2020-12-30T00:28:24.445Z,sell,1.3e-06,143.0,0.00018590000000000002
IDEX/BTC,1609288104445,2020-12-30T00:28:24.445Z,sell,1.29e-06,31.0,3.9989999999999995e-05
IDEX/BTC,1609289784276,2020-12-30T00:56:24.276Z,buy,1.3e-06,3648.0,0.0047424
IDEX/BTC,1609289808095,2020-12-30T00:56:48.095Z,buy,1.31e-06,12989.0,0.01701559
IDEX/BTC,1609290641521,2020-12-30T01:10:41.521Z,buy,1.31e-06,77.0,0.00010087
IDEX/BTC,1609290641521,2020-12-30T01:10:41.521Z,buy,1.32e-06,74.0,9.768e-05
IDEX/BTC,1609290755257,2020-12-30T01:12:35.257Z,sell,1.3e-06,307.0,0.0003991
IDEX/BTC,1609290887499,2020-12-30T01:14:47.499Z,sell,1.3e-06,4318.0,0.0056134
IDEX/BTC,1609290887499,2020-12-30T01:14:47.499Z,sell,1.29e-06,2885.0,0.00372165
IDEX/BTC,1609291004526,2020-12-30T01:16:44.526Z,buy,1.3e-06,92.0,0.00011960000000000001
IDEX/BTC,1609291074817,2020-12-30T01:17:54.817Z,buy,1.3e-06,94.0,0.00012220000000000002
IDEX/BTC,1609291074817,2020-12-30T01:17:54.817Z,buy,1.3e-06,94.0,0.00012220000000000002
IDEX/BTC,1609292073477,2020-12-30T01:34:33.477Z,buy,1.3e-06,530.0,0.000689
IDEX/BTC,1609292254162,2020-12-30T01:37:34.162Z,buy,1.3e-06,3439.0,0.0044707
IDEX/BTC,1609292272322,2020-12-30T01:37:52.322Z,sell,1.3e-06,1400.0,0.00182
IDEX/BTC,1609292272328,2020-12-30T01:37:52.328Z,sell,1.29e-06,1400.0,0.0018059999999999999
IDEX/BTC,1609292513470,2020-12-30T01:41:53.470Z,buy,1.3e-06,544.0,0.0007072000000000001
IDEX/BTC,1609292914801,2020-12-30T01:48:34.801Z,sell,1.29e-06,159.0,0.00020511
IDEX/BTC,1609293095613,2020-12-30T01:51:35.613Z,sell,1.29e-06,375.0,0.00048374999999999997
IDEX/BTC,1609293379115,2020-12-30T01:56:19.115Z,buy,1.3e-06,140.0,0.000182
IDEX/BTC,1609293476664,2020-12-30T01:57:56.664Z,buy,1.3e-06,4421.0,0.0057473
IDEX/BTC,1609293476675,2020-12-30T01:57:56.675Z,sell,1.3e-06,952.0,0.0012376
IDEX/BTC,1609293476680,2020-12-30T01:57:56.680Z,sell,1.29e-06,952.0,0.0012280799999999999
IDEX/BTC,1609293901803,2020-12-30T02:05:01.803Z,sell,1.29e-06,7485.0,0.00965565
IDEX/BTC,1609293905262,2020-12-30T02:05:05.262Z,sell,1.29e-06,2161.0,0.00278769
IDEX/BTC,1609294227266,2020-12-30T02:10:27.266Z,sell,1.29e-06,1112.0,0.00143448
IDEX/BTC,1609294328669,2020-12-30T02:12:08.669Z,sell,1.29e-06,4160.0,0.0053663999999999995
IDEX/BTC,1609294328669,2020-12-30T02:12:08.669Z,sell,1.29e-06,4160.0,0.0053663999999999995
IDEX/BTC,1609295242011,2020-12-30T02:27:22.011Z,sell,1.29e-06,38612.0,0.049809479999999996
IDEX/BTC,1609295315374,2020-12-30T02:28:35.374Z,sell,1.29e-06,322.0,0.00041537999999999997
IDEX/BTC,1609295319939,2020-12-30T02:28:39.939Z,buy,1.31e-06,402.0,0.00052662
IDEX/BTC,1609295335883,2020-12-30T02:28:55.883Z,buy,1.3e-06,101.0,0.0001313
IDEX/BTC,1609295368239,2020-12-30T02:29:28.239Z,sell,1.29e-06,341.0,0.00043988999999999996
IDEX/BTC,1609296299322,2020-12-30T02:44:59.322Z,sell,1.29e-06,39733.0,0.05125557
IDEX/BTC,1609296358347,2020-12-30T02:45:58.347Z,sell,1.29e-06,552.0,0.0007120799999999999
IDEX/BTC,1609297229069,2020-12-30T03:00:29.069Z,sell,1.29e-06,924.0,0.00119196
IDEX/BTC,1609297267102,2020-12-30T03:01:07.102Z,sell,1.29e-06,4641.0,0.00598689
IDEX/BTC,1609297267116,2020-12-30T03:01:07.116Z,sell,1.29e-06,715.0,0.00092235
IDEX/BTC,1609297267116,2020-12-30T03:01:07.116Z,sell,1.28e-06,4641.0,0.00594048
IDEX/BTC,1609297267116,2020-12-30T03:01:07.116Z,sell,1.29e-06,715.0,0.00092235
IDEX/BTC,1609297267116,2020-12-30T03:01:07.116Z,sell,1.28e-06,4641.0,0.00594048
IDEX/BTC,1609298570981,2020-12-30T03:22:50.981Z,sell,1.28e-06,17327.0,0.02217856
IDEX/BTC,1609298653676,2020-12-30T03:24:13.676Z,sell,1.28e-06,361.0,0.00046208
IDEX/BTC,1609299053895,2020-12-30T03:30:53.895Z,sell,1.28e-06,14012.0,0.01793536
IDEX/BTC,1609299135960,2020-12-30T03:32:15.960Z,buy,1.29e-06,196.0,0.00025284
IDEX/BTC,1609299340561,2020-12-30T03:35:40.561Z,buy,1.29e-06,4932.0,0.00636228
IDEX/BTC,1609300254394,2020-12-30T03:50:54.394Z,sell,1.28e-06,1614.0,0.00206592
IDEX/BTC,1609300266905,2020-12-30T03:51:06.905Z,sell,1.28e-06,36224.0,0.04636672
IDEX/BTC,1609300266905,2020-12-30T03:51:06.905Z,sell,1.27e-06,158788.0,0.20166076
IDEX/BTC,1609300266910,2020-12-30T03:51:06.910Z,buy,1.27e-06,11242.0,0.01427734
IDEX/BTC,1609300266915,2020-12-30T03:51:06.915Z,buy,1.27e-06,2400.0,0.003048
IDEX/BTC,1609300275830,2020-12-30T03:51:15.830Z,sell,1.26e-06,987.0,0.00124362
IDEX/BTC,1609300275830,2020-12-30T03:51:15.830Z,sell,1.25e-06,108.0,0.000135
IDEX/BTC,1609300275837,2020-12-30T03:51:15.837Z,buy,1.26e-06,1513.0,0.00190638
IDEX/BTC,1609300275847,2020-12-30T03:51:15.847Z,buy,1.26e-06,5.0,6.3e-06
IDEX/BTC,1609300278905,2020-12-30T03:51:18.905Z,sell,1.26e-06,91.0,0.00011466
IDEX/BTC,1609300323026,2020-12-30T03:52:03.026Z,buy,1.27e-06,3874.0,0.00491998
IDEX/BTC,1609300341660,2020-12-30T03:52:21.660Z,buy,1.26e-06,135.0,0.0001701
IDEX/BTC,1609300342358,2020-12-30T03:52:22.358Z,buy,1.26e-06,135.0,0.0001701
IDEX/BTC,1609300343766,2020-12-30T03:52:23.766Z,buy,1.26e-06,2020.0,0.0025452
IDEX/BTC,1609300343771,2020-12-30T03:52:23.771Z,buy,1.26e-06,388.0,0.00048888
IDEX/BTC,1609300343781,2020-12-30T03:52:23.781Z,sell,1.26e-06,541.0,0.0006816600000000001
IDEX/BTC,1609300392079,2020-12-30T03:53:12.079Z,sell,1.25e-06,15673.0,0.01959125
IDEX/BTC,1609300566952,2020-12-30T03:56:06.952Z,buy,1.26e-06,107.0,0.00013482000000000001
IDEX/BTC,1609300712233,2020-12-30T03:58:32.233Z,buy,1.27e-06,328.0,0.00041655999999999996
IDEX/BTC,1609300809398,2020-12-30T04:00:09.398Z,sell,1.26e-06,1340.0,0.0016884
IDEX/BTC,1609300809398,2020-12-30T04:00:09.398Z,sell,1.26e-06,1340.0,0.0016884
IDEX/BTC,1609300922987,2020-12-30T04:02:02.987Z,buy,1.26e-06,1269.0,0.00159894
IDEX/BTC,1609301298651,2020-12-30T04:08:18.651Z,sell,1.25e-06,10245.0,0.012806250000000002
IDEX/BTC,1609301590999,2020-12-30T04:13:10.999Z,buy,1.26e-06,285.0,0.0003591
IDEX/BTC,1609301591249,2020-12-30T04:13:11.249Z,buy,1.26e-06,7000.0,0.00882
IDEX/BTC,1609302009610,2020-12-30T04:20:09.610Z,sell,1.25e-06,99.0,0.00012375
IDEX/BTC,1609302136506,2020-12-30T04:22:16.506Z,buy,1.26e-06,314.0,0.00039564
IDEX/BTC,1609302602234,2020-12-30T04:30:02.234Z,sell,1.25e-06,8364.0,0.010455
IDEX/BTC,1609303281386,2020-12-30T04:41:21.386Z,sell,1.25e-06,2004.0,0.0025050000000000003
IDEX/BTC,1609303281391,2020-12-30T04:41:21.391Z,sell,1.25e-06,2241.0,0.0028012500000000004
IDEX/BTC,1609303283708,2020-12-30T04:41:23.708Z,sell,1.24e-06,2004.0,0.00248496
IDEX/BTC,1609303456458,2020-12-30T04:44:16.458Z,buy,1.25e-06,1000.0,0.00125
IDEX/BTC,1609303507663,2020-12-30T04:45:07.663Z,buy,1.25e-06,3660.0,0.004575
IDEX/BTC,1609304225153,2020-12-30T04:57:05.153Z,sell,1.24e-06,1658.0,0.00205592
IDEX/BTC,1609304246853,2020-12-30T04:57:26.853Z,sell,1.24e-06,4170.0,0.0051708
IDEX/BTC,1609304246863,2020-12-30T04:57:26.863Z,buy,1.24e-06,1243.0,0.0015413199999999999
IDEX/BTC,1609304246865,2020-12-30T04:57:26.865Z,buy,1.24e-06,575.0,0.000713
IDEX/BTC,1609304290822,2020-12-30T04:58:10.822Z,sell,1.24e-06,81.0,0.00010044
IDEX/BTC,1609304290822,2020-12-30T04:58:10.822Z,sell,1.24e-06,81.0,0.00010044
IDEX/BTC,1609304453066,2020-12-30T05:00:53.066Z,buy,1.24e-06,320.0,0.0003968
IDEX/BTC,1609304945951,2020-12-30T05:09:05.951Z,sell,1.23e-06,5005.0,0.00615615
IDEX/BTC,1609305196163,2020-12-30T05:13:16.163Z,buy,1.24e-06,403.0,0.00049972
IDEX/BTC,1609305573071,2020-12-30T05:19:33.071Z,buy,1.24e-06,208.0,0.00025792
IDEX/BTC,1609305922152,2020-12-30T05:25:22.152Z,sell,1.23e-06,5083.0,0.00625209
IDEX/BTC,1609306002855,2020-12-30T05:26:42.855Z,buy,1.23e-06,1255.0,0.0015436500000000001
IDEX/BTC,1609306002856,2020-12-30T05:26:42.856Z,buy,1.23e-06,3780.0,0.004649400000000001
IDEX/BTC,1609306002876,2020-12-30T05:26:42.876Z,buy,1.23e-06,1019.0,0.0012533700000000002
IDEX/BTC,1609306002876,2020-12-30T05:26:42.876Z,sell,1.22e-06,529.0,0.00064538
IDEX/BTC,1609306004762,2020-12-30T05:26:44.762Z,buy,1.23e-06,3498.0,0.0043025400000000005
IDEX/BTC,1609306282353,2020-12-30T05:31:22.353Z,sell,1.22e-06,10021.0,0.01222562
IDEX/BTC,1609306284237,2020-12-30T05:31:24.237Z,buy,1.23e-06,13751.0,0.016913730000000002
IDEX/BTC,1609306284237,2020-12-30T05:31:24.237Z,buy,1.24e-06,13637.0,0.01690988
IDEX/BTC,1609306475657,2020-12-30T05:34:35.657Z,sell,1.22e-06,10231.0,0.01248182
IDEX/BTC,1609306490460,2020-12-30T05:34:50.460Z,buy,1.23e-06,114.0,0.00014022
IDEX/BTC,1609306504179,2020-12-30T05:35:04.179Z,buy,1.23e-06,3478.0,0.00427794
IDEX/BTC,1609307311225,2020-12-30T05:48:31.225Z,buy,1.23e-06,81.0,9.963e-05
IDEX/BTC,1609307363672,2020-12-30T05:49:23.672Z,sell,1.22e-06,5000.0,0.0060999999999999995
IDEX/BTC,1609307581742,2020-12-30T05:53:01.742Z,sell,1.22e-06,121.0,0.00014762
IDEX/BTC,1609307786081,2020-12-30T05:56:26.081Z,sell,1.22e-06,670.0,0.0008174
IDEX/BTC,1609307812112,2020-12-30T05:56:52.112Z,sell,1.21e-06,330.0,0.0003993
IDEX/BTC,1609307817223,2020-12-30T05:56:57.223Z,sell,1.21e-06,149.0,0.00018029
IDEX/BTC,1609307817223,2020-12-30T05:56:57.223Z,sell,1.21e-06,149.0,0.00018029
IDEX/BTC,1609308040072,2020-12-30T06:00:40.072Z,sell,1.21e-06,1421.0,0.00171941
IDEX/BTC,1609308209815,2020-12-30T06:03:29.815Z,sell,1.21e-06,34771.0,0.042072910000000005
IDEX/BTC,1609308217275,2020-12-30T06:03:37.275Z,sell,1.2e-06,7288.0,0.0087456
IDEX/BTC,1609308217281,2020-12-30T06:03:37.281Z,buy,1.2e-06,1699.0,0.0020388
IDEX/BTC,1609308217307,2020-12-30T06:03:37.307Z,buy,1.2e-06,2951.0,0.0035412
IDEX/BTC,1609308342209,2020-12-30T06:05:42.209Z,buy,1.21e-06,5381.0,0.00651101
IDEX/BTC,1609308342209,2020-12-30T06:05:42.209Z,buy,1.22e-06,524.0,0.00063928
IDEX/BTC,1609308381392,2020-12-30T06:06:21.392Z,buy,1.22e-06,286.0,0.00034892
IDEX/BTC,1609308447302,2020-12-30T06:07:27.302Z,sell,1.21e-06,91.0,0.00011011
IDEX/BTC,1609308447302,2020-12-30T06:07:27.302Z,sell,1.2e-06,106.0,0.0001272
IDEX/BTC,1609308553695,2020-12-30T06:09:13.695Z,sell,1.2e-06,7837.0,0.0094044
IDEX/BTC,1609308618988,2020-12-30T06:10:18.988Z,sell,1.2e-06,10231.0,0.0122772
IDEX/BTC,1609309240476,2020-12-30T06:20:40.476Z,buy,1.21e-06,414.0,0.0005009400000000001
IDEX/BTC,1609309448433,2020-12-30T06:24:08.433Z,buy,1.21e-06,4326.0,0.005234460000000001
IDEX/BTC,1609309841121,2020-12-30T06:30:41.121Z,sell,1.2e-06,7470.0,0.008964
IDEX/BTC,1609309986976,2020-12-30T06:33:06.976Z,sell,1.2e-06,1063.0,0.0012756
IDEX/BTC,1609310296371,2020-12-30T06:38:16.371Z,buy,1.2e-06,90.0,0.000108
IDEX/BTC,1609310344030,2020-12-30T06:39:04.030Z,sell,1.19e-06,5725.0,0.00681275
IDEX/BTC,1609310344597,2020-12-30T06:39:04.597Z,buy,1.19e-06,11000.0,0.013090000000000001
IDEX/BTC,1609310345137,2020-12-30T06:39:05.137Z,buy,1.19e-06,85.0,0.00010115
IDEX/BTC,1609310348859,2020-12-30T06:39:08.859Z,buy,1.19e-06,85.0,0.00010115
IDEX/BTC,1609310351600,2020-12-30T06:39:11.600Z,sell,1.18e-06,174.0,0.00020532
IDEX/BTC,1609310416221,2020-12-30T06:40:16.221Z,sell,1.18e-06,5376.0,0.00634368
IDEX/BTC,1609310416221,2020-12-30T06:40:16.221Z,sell,1.17e-06,88833.0,0.10393461
IDEX/BTC,1609310416221,2020-12-30T06:40:16.221Z,sell,1.16e-06,73214.0,0.08492823999999999
IDEX/BTC,1609310416228,2020-12-30T06:40:16.228Z,buy,1.16e-06,11184.0,0.01297344
IDEX/BTC,1609310416492,2020-12-30T06:40:16.492Z,sell,1.17e-06,853.0,0.00099801
IDEX/BTC,1609310479340,2020-12-30T06:41:19.340Z,sell,1.17e-06,4932.0,0.00577044
IDEX/BTC,1609310672407,2020-12-30T06:44:32.407Z,sell,1.17e-06,86.0,0.00010062
IDEX/BTC,1609310682425,2020-12-30T06:44:42.425Z,buy,1.17e-06,86.0,0.00010062
IDEX/BTC,1609310682425,2020-12-30T06:44:42.425Z,buy,1.18e-06,177.0,0.00020885999999999998
IDEX/BTC,1609310767560,2020-12-30T06:46:07.560Z,buy,1.18e-06,23270.0,0.0274586
IDEX/BTC,1609310796191,2020-12-30T06:46:36.191Z,buy,1.18e-06,42428.0,0.05006504
IDEX/BTC,1609311049238,2020-12-30T06:50:49.238Z,sell,1.17e-06,6789.0,0.00794313
IDEX/BTC,1609311128722,2020-12-30T06:52:08.722Z,sell,1.17e-06,5000.0,0.00585
IDEX/BTC,1609311308690,2020-12-30T06:55:08.690Z,buy,1.18e-06,16520.0,0.0194936
IDEX/BTC,1609311308690,2020-12-30T06:55:08.690Z,buy,1.19e-06,9636.0,0.01146684
IDEX/BTC,1609311308690,2020-12-30T06:55:08.690Z,buy,1.18e-06,16520.0,0.0194936
IDEX/BTC,1609311308690,2020-12-30T06:55:08.690Z,buy,1.19e-06,9636.0,0.01146684
IDEX/BTC,1609312517391,2020-12-30T07:15:17.391Z,sell,1.18e-06,698.0,0.0008236399999999999
IDEX/BTC,1609312666929,2020-12-30T07:17:46.929Z,sell,1.18e-06,4785.0,0.0056463
IDEX/BTC,1609312666929,2020-12-30T07:17:46.929Z,sell,1.17e-06,4688.0,0.0054849600000000005
IDEX/BTC,1609312666929,2020-12-30T07:17:46.929Z,sell,1.16e-06,6905.0,0.0080098
IDEX/BTC,1609312745298,2020-12-30T07:19:05.298Z,buy,1.17e-06,4274.0,0.00500058
IDEX/BTC,1609312768083,2020-12-30T07:19:28.083Z,buy,1.17e-06,515.0,0.00060255
IDEX/BTC,1609312779832,2020-12-30T07:19:39.832Z,buy,1.17e-06,1646.0,0.00192582
IDEX/BTC,1609312913845,2020-12-30T07:21:53.845Z,sell,1.17e-06,11202.0,0.013106340000000001
IDEX/BTC,1609312939143,2020-12-30T07:22:19.143Z,sell,1.17e-06,4648.0,0.00543816
IDEX/BTC,1609312998069,2020-12-30T07:23:18.069Z,sell,1.17e-06,9141.0,0.01069497
IDEX/BTC,1609313182135,2020-12-30T07:26:22.135Z,sell,1.17e-06,640.0,0.0007488
IDEX/BTC,1609313197465,2020-12-30T07:26:37.465Z,buy,1.17e-06,4836.0,0.00565812
IDEX/BTC,1609313424645,2020-12-30T07:30:24.645Z,buy,1.18e-06,1010.0,0.0011918
IDEX/BTC,1609313425486,2020-12-30T07:30:25.486Z,sell,1.17e-06,1805.0,0.00211185
IDEX/BTC,1609313694663,2020-12-30T07:34:54.663Z,buy,1.18e-06,18209.0,0.021486619999999998
IDEX/BTC,1609313812270,2020-12-30T07:36:52.270Z,buy,1.19e-06,47099.0,0.05604781
IDEX/BTC,1609314141030,2020-12-30T07:42:21.030Z,sell,1.18e-06,4698.0,0.00554364
IDEX/BTC,1609314141030,2020-12-30T07:42:21.030Z,sell,1.17e-06,7823.0,0.00915291
IDEX/BTC,1609314177784,2020-12-30T07:42:57.784Z,sell,1.17e-06,5743.0,0.00671931
IDEX/BTC,1609314471600,2020-12-30T07:47:51.600Z,sell,1.17e-06,5083.0,0.00594711
IDEX/BTC,1609314471600,2020-12-30T07:47:51.600Z,sell,1.17e-06,5083.0,0.00594711
IDEX/BTC,1609315271723,2020-12-30T08:01:11.723Z,buy,1.18e-06,6552.0,0.00773136
IDEX/BTC,1609315419653,2020-12-30T08:03:39.653Z,buy,1.18e-06,368.0,0.00043423999999999996
IDEX/BTC,1609316840050,2020-12-30T08:27:20.050Z,buy,1.18e-06,2702.0,0.00318836
IDEX/BTC,1609316841799,2020-12-30T08:27:21.799Z,buy,1.18e-06,2544.0,0.00300192
IDEX/BTC,1609316850045,2020-12-30T08:27:30.045Z,buy,1.18e-06,6028.0,0.007113039999999999
IDEX/BTC,1609316850075,2020-12-30T08:27:30.075Z,buy,1.18e-06,3124.0,0.00368632
IDEX/BTC,1609316850130,2020-12-30T08:27:30.130Z,buy,1.18e-06,9467.0,0.01117106
IDEX/BTC,1609316850207,2020-12-30T08:27:30.207Z,buy,1.18e-06,1836.0,0.0021664799999999997
IDEX/BTC,1609316850744,2020-12-30T08:27:30.744Z,buy,1.18e-06,703.0,0.0008295399999999999
IDEX/BTC,1609316858563,2020-12-30T08:27:38.563Z,buy,1.18e-06,1526.0,0.0018006799999999998
IDEX/BTC,1609316860160,2020-12-30T08:27:40.160Z,buy,1.18e-06,823.0,0.0009711399999999999
IDEX/BTC,1609316861745,2020-12-30T08:27:41.745Z,buy,1.18e-06,5100.0,0.006018
IDEX/BTC,1609316861746,2020-12-30T08:27:41.746Z,buy,1.18e-06,5100.0,0.006018
IDEX/BTC,1609316861746,2020-12-30T08:27:41.746Z,buy,1.18e-06,3407.0,0.0040202599999999995
IDEX/BTC,1609316872034,2020-12-30T08:27:52.034Z,sell,1.18e-06,86.0,0.00010148
IDEX/BTC,1609316872979,2020-12-30T08:27:52.979Z,sell,1.17e-06,87.0,0.00010179
IDEX/BTC,1609316940082,2020-12-30T08:29:00.082Z,sell,1.18e-06,3700.0,0.004366
IDEX/BTC,1609317138152,2020-12-30T08:32:18.152Z,sell,1.18e-06,4360.0,0.0051448
IDEX/BTC,1609317639041,2020-12-30T08:40:39.041Z,buy,1.19e-06,101.0,0.00012019
IDEX/BTC,1609317639041,2020-12-30T08:40:39.041Z,buy,1.19e-06,101.0,0.00012019
IDEX/BTC,1609318179587,2020-12-30T08:49:39.587Z,buy,1.19e-06,441.0,0.00052479
IDEX/BTC,1609318332366,2020-12-30T08:52:12.366Z,sell,1.18e-06,7837.0,0.00924766
IDEX/BTC,1609318921881,2020-12-30T09:02:01.881Z,buy,1.19e-06,546.0,0.00064974
IDEX/BTC,1609319067376,2020-12-30T09:04:27.376Z,sell,1.18e-06,12487.0,0.014734659999999998
IDEX/BTC,1609319408712,2020-12-30T09:10:08.712Z,buy,1.19e-06,169.0,0.00020111
IDEX/BTC,1609319439988,2020-12-30T09:10:39.988Z,buy,1.19e-06,107.0,0.00012733000000000002
IDEX/BTC,1609319477504,2020-12-30T09:11:17.504Z,buy,1.19e-06,14244.0,0.01695036
IDEX/BTC,1609319490003,2020-12-30T09:11:30.003Z,buy,1.2e-06,10920.0,0.013104
IDEX/BTC,1609320239793,2020-12-30T09:23:59.793Z,buy,1.19e-06,15045.0,0.01790355
IDEX/BTC,1609320250522,2020-12-30T09:24:10.522Z,buy,1.2e-06,19941.0,0.023929199999999998
IDEX/BTC,1609321104614,2020-12-30T09:38:24.614Z,buy,1.2e-06,500.0,0.0006
IDEX/BTC,1609321104614,2020-12-30T09:38:24.614Z,buy,1.2e-06,500.0,0.0006
IDEX/BTC,1609321438911,2020-12-30T09:43:58.911Z,sell,1.19e-06,4190.0,0.0049861
IDEX/BTC,1609321438911,2020-12-30T09:43:58.911Z,sell,1.18e-06,2457.0,0.00289926
IDEX/BTC,1609321438911,2020-12-30T09:43:58.911Z,sell,1.17e-06,13994.0,0.01637298
IDEX/BTC,1609321438911,2020-12-30T09:43:58.911Z,sell,1.16e-06,14310.0,0.0165996
IDEX/BTC,1609321439266,2020-12-30T09:43:59.266Z,sell,1.17e-06,6757.0,0.00790569
IDEX/BTC,1609321439269,2020-12-30T09:43:59.269Z,sell,1.17e-06,1137.0,0.00133029
IDEX/BTC,1609321606955,2020-12-30T09:46:46.955Z,sell,1.17e-06,2314.0,0.00270738
IDEX/BTC,1609321647181,2020-12-30T09:47:27.181Z,buy,1.18e-06,118.0,0.00013924
IDEX/BTC,1609321772859,2020-12-30T09:49:32.859Z,buy,1.18e-06,2513.0,0.00296534
IDEX/BTC,1609321797603,2020-12-30T09:49:57.603Z,buy,1.18e-06,4551.0,0.00537018
IDEX/BTC,1609321909437,2020-12-30T09:51:49.437Z,buy,1.18e-06,8751.0,0.010326179999999999
IDEX/BTC,1609321936116,2020-12-30T09:52:16.116Z,sell,1.18e-06,515.0,0.0006077
IDEX/BTC,1609322048770,2020-12-30T09:54:08.770Z,sell,1.18e-06,5445.0,0.0064250999999999996
IDEX/BTC,1609322203352,2020-12-30T09:56:43.352Z,buy,1.19e-06,331.0,0.00039389000000000004
IDEX/BTC,1609322226247,2020-12-30T09:57:06.247Z,sell,1.18e-06,371.0,0.00043777999999999997
IDEX/BTC,1609322643008,2020-12-30T10:04:03.008Z,sell,1.18e-06,546.0,0.00064428
IDEX/BTC,1609323148139,2020-12-30T10:12:28.139Z,sell,1.18e-06,270.0,0.0003186
IDEX/BTC,1609324120417,2020-12-30T10:28:40.417Z,sell,1.18e-06,961.0,0.00113398
IDEX/BTC,1609324165366,2020-12-30T10:29:25.366Z,sell,1.18e-06,87.0,0.00010266
IDEX/BTC,1609324253898,2020-12-30T10:30:53.898Z,buy,1.19e-06,6554.0,0.007799260000000001
IDEX/BTC,1609324253898,2020-12-30T10:30:53.898Z,buy,1.19e-06,6554.0,0.007799260000000001
IDEX/BTC,1609324881649,2020-12-30T10:41:21.649Z,buy,1.19e-06,1870.0,0.0022253
IDEX/BTC,1609324897550,2020-12-30T10:41:37.550Z,buy,1.19e-06,2687.0,0.00319753
IDEX/BTC,1609324938850,2020-12-30T10:42:18.850Z,buy,1.19e-06,7242.0,0.00861798
IDEX/BTC,1609325263094,2020-12-30T10:47:43.094Z,buy,1.19e-06,2893.0,0.00344267
IDEX/BTC,1609325269139,2020-12-30T10:47:49.139Z,buy,1.19e-06,1128.0,0.0013423200000000001
IDEX/BTC,1609325355536,2020-12-30T10:49:15.536Z,buy,1.19e-06,85.0,0.00010115
IDEX/BTC,1609325651349,2020-12-30T10:54:11.349Z,buy,1.19e-06,377.0,0.00044863
IDEX/BTC,1609325779956,2020-12-30T10:56:19.956Z,sell,1.18e-06,181.0,0.00021358
IDEX/BTC,1609326590506,2020-12-30T11:09:50.506Z,sell,1.18e-06,23764.0,0.028041519999999997
IDEX/BTC,1609326942374,2020-12-30T11:15:42.374Z,buy,1.19e-06,453.0,0.00053907
IDEX/BTC,1609326953635,2020-12-30T11:15:53.635Z,buy,1.19e-06,400.0,0.000476
IDEX/BTC,1609326972071,2020-12-30T11:16:12.071Z,buy,1.19e-06,2000.0,0.00238
IDEX/BTC,1609326980199,2020-12-30T11:16:20.199Z,buy,1.19e-06,500.0,0.000595
IDEX/BTC,1609327002142,2020-12-30T11:16:42.142Z,buy,1.19e-06,300.0,0.000357
IDEX/BTC,1609327010640,2020-12-30T11:16:50.640Z,buy,1.19e-06,100.0,0.000119
IDEX/BTC,1609327325348,2020-12-30T11:22:05.348Z,buy,1.19e-06,29432.0,0.03502408
IDEX/BTC,1609327325348,2020-12-30T11:22:05.348Z,buy,1.19e-06,29432.0,0.03502408
IDEX/BTC,1609327961820,2020-12-30T11:32:41.820Z,sell,1.18e-06,286.0,0.00033748
IDEX/BTC,1609328252952,2020-12-30T11:37:32.952Z,buy,1.18e-06,118.0,0.00013924
IDEX/BTC,1609328285033,2020-12-30T11:38:05.033Z,buy,1.18e-06,105.0,0.0001239
IDEX/BTC,1609328285789,2020-12-30T11:38:05.789Z,buy,1.18e-06,15829.0,0.01867822
IDEX/BTC,1609328309804,2020-12-30T11:38:29.804Z,buy,1.18e-06,273.0,0.00032214
IDEX/BTC,1609328309804,2020-12-30T11:38:29.804Z,buy,1.18e-06,273.0,0.00032214
IDEX/BTC,1609328309804,2020-12-30T11:38:29.804Z,buy,1.18e-06,273.0,0.00032214
IDEX/BTC,1609328309804,2020-12-30T11:38:29.804Z,buy,1.18e-06,273.0,0.00032214
IDEX/BTC,1609328309804,2020-12-30T11:38:29.804Z,buy,1.18e-06,273.0,0.00032214
IDEX/BTC,1609328309804,2020-12-30T11:38:29.804Z,buy,1.18e-06,273.0,0.00032214
IDEX/BTC,1609328309804,2020-12-30T11:38:29.804Z,buy,1.18e-06,273.0,0.00032214
IDEX/BTC,1609328309804,2020-12-30T11:38:29.804Z,buy,1.18e-06,273.0,0.00032214
IDEX/BTC,1609328309804,2020-12-30T11:38:29.804Z,buy,1.18e-06,273.0,0.00032214
IDEX/BTC,1609328309805,2020-12-30T11:38:29.805Z,buy,1.18e-06,273.0,0.00032214
IDEX/BTC,1609328309805,2020-12-30T11:38:29.805Z,buy,1.18e-06,273.0,0.00032214
IDEX/BTC,1609328309805,2020-12-30T11:38:29.805Z,buy,1.18e-06,273.0,0.00032214
IDEX/BTC,1609328309805,2020-12-30T11:38:29.805Z,buy,1.18e-06,273.0,0.00032214
IDEX/BTC,1609328309805,2020-12-30T11:38:29.805Z,buy,1.18e-06,273.0,0.00032214
IDEX/BTC,1609328309805,2020-12-30T11:38:29.805Z,buy,1.18e-06,273.0,0.00032214
IDEX/BTC,1609328309806,2020-12-30T11:38:29.806Z,buy,1.18e-06,273.0,0.00032214
IDEX/BTC,1609328309806,2020-12-30T11:38:29.806Z,buy,1.18e-06,273.0,0.00032214
IDEX/BTC,1609328309806,2020-12-30T11:38:29.806Z,buy,1.18e-06,273.0,0.00032214
IDEX/BTC,1609328309806,2020-12-30T11:38:29.806Z,buy,1.18e-06,273.0,0.00032214
IDEX/BTC,1609328309806,2020-12-30T11:38:29.806Z,buy,1.18e-06,273.0,0.00032214
IDEX/BTC,1609328309807,2020-12-30T11:38:29.807Z,buy,1.18e-06,273.0,0.00032214
IDEX/BTC,1609328309807,2020-12-30T11:38:29.807Z,buy,1.18e-06,273.0,0.00032214
IDEX/BTC,1609328309807,2020-12-30T11:38:29.807Z,buy,1.18e-06,273.0,0.00032214
IDEX/BTC,1609328309808,2020-12-30T11:38:29.808Z,buy,1.18e-06,273.0,0.00032214
IDEX/BTC,1609328309808,2020-12-30T11:38:29.808Z,buy,1.18e-06,273.0,0.00032214
IDEX/BTC,1609328309808,2020-12-30T11:38:29.808Z,buy,1.18e-06,273.0,0.00032214
IDEX/BTC,1609328309808,2020-12-30T11:38:29.808Z,buy,1.18e-06,273.0,0.00032214
IDEX/BTC,1609328309808,2020-12-30T11:38:29.808Z,buy,1.18e-06,273.0,0.00032214
IDEX/BTC,1609328309809,2020-12-30T11:38:29.809Z,buy,1.18e-06,273.0,0.00032214
IDEX/BTC,1609328309809,2020-12-30T11:38:29.809Z,buy,1.18e-06,273.0,0.00032214
IDEX/BTC,1609328309809,2020-12-30T11:38:29.809Z,buy,1.18e-06,273.0,0.00032214
IDEX/BTC,1609328309809,2020-12-30T11:38:29.809Z,buy,1.18e-06,273.0,0.00032214
IDEX/BTC,1609328309809,2020-12-30T11:38:29.809Z,buy,1.18e-06,2203.0,0.00259954
IDEX/BTC,1609328309809,2020-12-30T11:38:29.809Z,buy,1.18e-06,273.0,0.00032214
IDEX/BTC,1609328309809,2020-12-30T11:38:29.809Z,buy,1.18e-06,273.0,0.00032214
IDEX/BTC,1609328309810,2020-12-30T11:38:29.810Z,buy,1.18e-06,273.0,0.00032214
IDEX/BTC,1609328309810,2020-12-30T11:38:29.810Z,buy,1.18e-06,273.0,0.00032214
IDEX/BTC,1609328309810,2020-12-30T11:38:29.810Z,buy,1.18e-06,273.0,0.00032214
IDEX/BTC,1609328309811,2020-12-30T11:38:29.811Z,buy,1.18e-06,273.0,0.00032214
IDEX/BTC,1609328309811,2020-12-30T11:38:29.811Z,buy,1.18e-06,273.0,0.00032214
IDEX/BTC,1609328309811,2020-12-30T11:38:29.811Z,buy,1.18e-06,273.0,0.00032214
IDEX/BTC,1609328309811,2020-12-30T11:38:29.811Z,buy,1.18e-06,273.0,0.00032214
IDEX/BTC,1609328309811,2020-12-30T11:38:29.811Z,buy,1.18e-06,273.0,0.00032214
IDEX/BTC,1609328309811,2020-12-30T11:38:29.811Z,buy,1.18e-06,273.0,0.00032214
IDEX/BTC,1609328309811,2020-12-30T11:38:29.811Z,buy,1.18e-06,273.0,0.00032214
IDEX/BTC,1609328309813,2020-12-30T11:38:29.813Z,buy,1.18e-06,6061.0,0.00715198
IDEX/BTC,1609328309813,2020-12-30T11:38:29.813Z,buy,1.18e-06,273.0,0.00032214
IDEX/BTC,1609328309819,2020-12-30T11:38:29.819Z,buy,1.18e-06,567.0,0.00066906
IDEX/BTC,1609328309835,2020-12-30T11:38:29.835Z,sell,1.17e-06,2202.0,0.00257634
IDEX/BTC,1609328342692,2020-12-30T11:39:02.692Z,sell,1.17e-06,2072.0,0.0024242400000000002
IDEX/BTC,1609328350779,2020-12-30T11:39:10.779Z,sell,1.16e-06,6215.0,0.0072093999999999995
IDEX/BTC,1609328390107,2020-12-30T11:39:50.107Z,buy,1.17e-06,87.0,0.00010179
IDEX/BTC,1609328660568,2020-12-30T11:44:20.568Z,buy,1.18e-06,424.0,0.00050032
IDEX/BTC,1609328737311,2020-12-30T11:45:37.311Z,buy,1.18e-06,20698.0,0.02442364
IDEX/BTC,1609328886305,2020-12-30T11:48:06.305Z,sell,1.18e-06,4304.0,0.00507872
IDEX/BTC,1609329448206,2020-12-30T11:57:28.206Z,sell,1.18e-06,567.0,0.00066906
IDEX/BTC,1609329448206,2020-12-30T11:57:28.206Z,sell,1.18e-06,5231.0,0.0061725799999999996
IDEX/BTC,1609329448210,2020-12-30T11:57:28.210Z,sell,1.17e-06,989.0,0.00115713
IDEX/BTC,1609329448210,2020-12-30T11:57:28.210Z,sell,1.16e-06,2793.0,0.0032398799999999997
IDEX/BTC,1609329448241,2020-12-30T11:57:28.241Z,sell,1.16e-06,17945.0,0.0208162
IDEX/BTC,1609329448269,2020-12-30T11:57:28.269Z,sell,1.16e-06,8699.0,0.010090839999999998
IDEX/BTC,1609329448281,2020-12-30T11:57:28.281Z,sell,1.16e-06,4776.0,0.00554016
IDEX/BTC,1609329449395,2020-12-30T11:57:29.395Z,sell,1.16e-06,203.0,0.00023548
IDEX/BTC,1609329449408,2020-12-30T11:57:29.408Z,sell,1.16e-06,203.0,0.00023548
IDEX/BTC,1609329449421,2020-12-30T11:57:29.421Z,sell,1.16e-06,203.0,0.00023548
IDEX/BTC,1609329449429,2020-12-30T11:57:29.429Z,sell,1.16e-06,188.0,0.00021807999999999997
IDEX/BTC,1609329450528,2020-12-30T11:57:30.528Z,sell,1.16e-06,567.0,0.00065772
IDEX/BTC,1609329452059,2020-12-30T11:57:32.059Z,sell,1.16e-06,963.0,0.00111708
IDEX/BTC,1609329452071,2020-12-30T11:57:32.071Z,sell,1.16e-06,1924.0,0.0022318399999999997
IDEX/BTC,1609329461630,2020-12-30T11:57:41.630Z,sell,1.15e-06,1272.0,0.0014628
IDEX/BTC,1609329461700,2020-12-30T11:57:41.700Z,sell,1.15e-06,1312.0,0.0015088
IDEX/BTC,1609329461707,2020-12-30T11:57:41.707Z,sell,1.15e-06,3935.0,0.00452525
IDEX/BTC,1609329464340,2020-12-30T11:57:44.340Z,sell,1.15e-06,802.0,0.0009223
IDEX/BTC,1609329464340,2020-12-30T11:57:44.340Z,sell,1.15e-06,827.0,0.00095105
IDEX/BTC,1609329464345,2020-12-30T11:57:44.345Z,sell,1.15e-06,2480.0,0.002852
IDEX/BTC,1609329464363,2020-12-30T11:57:44.363Z,sell,1.15e-06,995.0,0.00114425
IDEX/BTC,1609329464378,2020-12-30T11:57:44.378Z,sell,1.15e-06,994.0,0.0011431
IDEX/BTC,1609329464401,2020-12-30T11:57:44.401Z,sell,1.15e-06,318.0,0.0003657
IDEX/BTC,1609329464408,2020-12-30T11:57:44.408Z,sell,1.15e-06,1272.0,0.0014628
IDEX/BTC,1609329464412,2020-12-30T11:57:44.412Z,sell,1.15e-06,628.0,0.0007222
IDEX/BTC,1609329464412,2020-12-30T11:57:44.412Z,sell,1.14e-06,684.0,0.0007797600000000001
IDEX/BTC,1609329464671,2020-12-30T11:57:44.671Z,sell,1.14e-06,588.0,0.0006703200000000001
IDEX/BTC,1609329464729,2020-12-30T11:57:44.729Z,sell,1.14e-06,338.0,0.00038532000000000003
IDEX/BTC,1609329471326,2020-12-30T11:57:51.326Z,buy,1.15e-06,91.0,0.00010465
IDEX/BTC,1609329485838,2020-12-30T11:58:05.838Z,sell,1.15e-06,111.0,0.00012765
IDEX/BTC,1609329507113,2020-12-30T11:58:27.113Z,sell,1.15e-06,861.0,0.00099015
IDEX/BTC,1609329507128,2020-12-30T11:58:27.128Z,sell,1.15e-06,1828.0,0.0021022
IDEX/BTC,1609329577472,2020-12-30T11:59:37.472Z,buy,1.16e-06,236.0,0.00027375999999999995
IDEX/BTC,1609329579927,2020-12-30T11:59:39.927Z,sell,1.15e-06,1194.0,0.0013731
IDEX/BTC,1609329596802,2020-12-30T11:59:56.802Z,sell,1.15e-06,751.0,0.00086365
IDEX/BTC,1609329596906,2020-12-30T11:59:56.906Z,sell,1.15e-06,1548.0,0.0017802
IDEX/BTC,1609329632989,2020-12-30T12:00:32.989Z,sell,1.15e-06,4002.0,0.0046023
IDEX/BTC,1609329637695,2020-12-30T12:00:37.695Z,buy,1.16e-06,5121.0,0.0059403599999999996
IDEX/BTC,1609329999584,2020-12-30T12:06:39.584Z,buy,1.16e-06,360.0,0.00041759999999999996
IDEX/BTC,1609330044914,2020-12-30T12:07:24.914Z,buy,1.16e-06,797.0,0.00092452
IDEX/BTC,1609330055273,2020-12-30T12:07:35.273Z,buy,1.16e-06,2899.0,0.0033628399999999998
IDEX/BTC,1609330246880,2020-12-30T12:10:46.880Z,buy,1.16e-06,553.0,0.0006414799999999999
IDEX/BTC,1609330246883,2020-12-30T12:10:46.883Z,buy,1.16e-06,2016.0,0.00233856
IDEX/BTC,1609330246887,2020-12-30T12:10:46.887Z,buy,1.16e-06,2262.0,0.0026239199999999996
IDEX/BTC,1609330246888,2020-12-30T12:10:46.888Z,buy,1.16e-06,576.0,0.0006681599999999999
IDEX/BTC,1609330246905,2020-12-30T12:10:46.905Z,sell,1.15e-06,760.0,0.000874
IDEX/BTC,1609330315432,2020-12-30T12:11:55.432Z,buy,1.16e-06,267.0,0.00030972
IDEX/BTC,1609330324589,2020-12-30T12:12:04.589Z,sell,1.15e-06,9698.0,0.0111527
IDEX/BTC,1609330324589,2020-12-30T12:12:04.589Z,sell,1.14e-06,7693.0,0.00877002
IDEX/BTC,1609330336600,2020-12-30T12:12:16.600Z,buy,1.15e-06,179.0,0.00020585
IDEX/BTC,1609330432968,2020-12-30T12:13:52.968Z,buy,1.16e-06,854.0,0.0009906399999999999
IDEX/BTC,1609330623973,2020-12-30T12:17:03.973Z,buy,1.16e-06,4906.0,0.005690959999999999
IDEX/BTC,1609330623973,2020-12-30T12:17:03.973Z,buy,1.16e-06,4906.0,0.005690959999999999
IDEX/BTC,1609331103232,2020-12-30T12:25:03.232Z,sell,1.15e-06,5115.0,0.00588225
IDEX/BTC,1609331103232,2020-12-30T12:25:03.232Z,sell,1.14e-06,11282.0,0.012861480000000002
IDEX/BTC,1609331110432,2020-12-30T12:25:10.432Z,buy,1.14e-06,234.0,0.00026676
IDEX/BTC,1609331110457,2020-12-30T12:25:10.457Z,buy,1.14e-06,234.0,0.00026676
IDEX/BTC,1609331110466,2020-12-30T12:25:10.466Z,buy,1.14e-06,234.0,0.00026676
IDEX/BTC,1609331110483,2020-12-30T12:25:10.483Z,buy,1.14e-06,234.0,0.00026676
IDEX/BTC,1609331114092,2020-12-30T12:25:14.092Z,buy,1.14e-06,94.0,0.00010716000000000001
IDEX/BTC,1609331114596,2020-12-30T12:25:14.596Z,sell,1.13e-06,4133.0,0.00467029
IDEX/BTC,1609331223572,2020-12-30T12:27:03.572Z,buy,1.15e-06,4348.0,0.0050002
IDEX/BTC,1609331223792,2020-12-30T12:27:03.792Z,buy,1.15e-06,3914.0,0.0045011
IDEX/BTC,1609331261447,2020-12-30T12:27:41.447Z,buy,1.15e-06,364.0,0.0004186
IDEX/BTC,1609331321197,2020-12-30T12:28:41.197Z,buy,1.15e-06,104.0,0.00011960000000000001
IDEX/BTC,1609331510539,2020-12-30T12:31:50.539Z,buy,1.15e-06,272.0,0.0003128
IDEX/BTC,1609331536333,2020-12-30T12:32:16.333Z,buy,1.15e-06,16140.0,0.018561
IDEX/BTC,1609331536376,2020-12-30T12:32:16.376Z,sell,1.15e-06,576.0,0.0006624000000000001
IDEX/BTC,1609331539110,2020-12-30T12:32:19.110Z,sell,1.15e-06,17391.0,0.01999965
IDEX/BTC,1609331539610,2020-12-30T12:32:19.610Z,sell,1.15e-06,576.0,0.0006624000000000001
IDEX/BTC,1609331539630,2020-12-30T12:32:19.630Z,sell,1.15e-06,234.0,0.0002691
IDEX/BTC,1609331539648,2020-12-30T12:32:19.648Z,sell,1.15e-06,234.0,0.0002691
IDEX/BTC,1609331543739,2020-12-30T12:32:23.739Z,sell,1.15e-06,234.0,0.0002691
IDEX/BTC,1609331543753,2020-12-30T12:32:23.753Z,sell,1.15e-06,234.0,0.0002691
IDEX/BTC,1609331545098,2020-12-30T12:32:25.098Z,sell,1.15e-06,16848.0,0.0193752
IDEX/BTC,1609331545098,2020-12-30T12:32:25.098Z,sell,1.15e-06,16848.0,0.0193752
IDEX/BTC,1609334572339,2020-12-30T13:22:52.339Z,buy,1.16e-06,20122.0,0.023341519999999998
IDEX/BTC,1609334573177,2020-12-30T13:22:53.177Z,buy,1.17e-06,354.0,0.00041418
IDEX/BTC,1609334576191,2020-12-30T13:22:56.191Z,buy,1.17e-06,5875.0,0.0068737500000000005
IDEX/BTC,1609334619808,2020-12-30T13:23:39.808Z,sell,1.16e-06,88.0,0.00010208
IDEX/BTC,1609334619808,2020-12-30T13:23:39.808Z,sell,1.15e-06,318.0,0.0003657
IDEX/BTC,1609334684401,2020-12-30T13:24:44.401Z,buy,1.17e-06,5875.0,0.0068737500000000005
IDEX/BTC,1609334747878,2020-12-30T13:25:47.878Z,sell,1.15e-06,533.0,0.00061295
IDEX/BTC,1609334845900,2020-12-30T13:27:25.900Z,sell,1.16e-06,3818.0,0.00442888
IDEX/BTC,1609334845903,2020-12-30T13:27:25.903Z,sell,1.16e-06,1272.0,0.00147552
IDEX/BTC,1609334846149,2020-12-30T13:27:26.149Z,sell,1.16e-06,107.0,0.00012412
IDEX/BTC,1609334846149,2020-12-30T13:27:26.149Z,sell,1.16e-06,107.0,0.00012412
IDEX/BTC,1609335191724,2020-12-30T13:33:11.724Z,buy,1.16e-06,23472.0,0.027227519999999998
IDEX/BTC,1609335747218,2020-12-30T13:42:27.218Z,sell,1.16e-06,2241.0,0.00259956
IDEX/BTC,1609335747280,2020-12-30T13:42:27.280Z,sell,1.16e-06,2247.0,0.0026065199999999998
IDEX/BTC,1609335963410,2020-12-30T13:46:03.410Z,sell,1.15e-06,728.0,0.0008372
IDEX/BTC,1609335963646,2020-12-30T13:46:03.646Z,sell,1.15e-06,5845.0,0.00672175
IDEX/BTC,1609336025699,2020-12-30T13:47:05.699Z,sell,1.15e-06,4899.0,0.00563385
IDEX/BTC,1609336036508,2020-12-30T13:47:16.508Z,buy,1.15e-06,186.0,0.0002139
IDEX/BTC,1609336234823,2020-12-30T13:50:34.823Z,buy,1.15e-06,11044.0,0.0127006
IDEX/BTC,1609336285553,2020-12-30T13:51:25.553Z,buy,1.16e-06,32538.0,0.03774408
IDEX/BTC,1609336342037,2020-12-30T13:52:22.037Z,sell,1.16e-06,314.0,0.00036424
IDEX/BTC,1609336495945,2020-12-30T13:54:55.945Z,buy,1.16e-06,301.0,0.00034916
IDEX/BTC,1609337241303,2020-12-30T14:07:21.303Z,buy,1.16e-06,5040.0,0.0058464
IDEX/BTC,1609337494294,2020-12-30T14:11:34.294Z,sell,1.16e-06,5066.0,0.005876559999999999
IDEX/BTC,1609337521835,2020-12-30T14:12:01.835Z,buy,1.16e-06,207.0,0.00024011999999999997
IDEX/BTC,1609337949561,2020-12-30T14:19:09.561Z,sell,1.16e-06,284.0,0.00032943999999999996
IDEX/BTC,1609337949561,2020-12-30T14:19:09.561Z,sell,1.16e-06,284.0,0.00032943999999999996
IDEX/BTC,1609338719416,2020-12-30T14:31:59.416Z,sell,1.16e-06,4445.0,0.0051562
IDEX/BTC,1609338727386,2020-12-30T14:32:07.386Z,sell,1.16e-06,4154.0,0.00481864
IDEX/BTC,1609338920307,2020-12-30T14:35:20.307Z,sell,1.16e-06,6304.0,0.00731264
IDEX/BTC,1609339354503,2020-12-30T14:42:34.503Z,buy,1.16e-06,90.0,0.00010439999999999999
IDEX/BTC,1609339390827,2020-12-30T14:43:10.827Z,sell,1.15e-06,130.0,0.0001495
IDEX/BTC,1609339463668,2020-12-30T14:44:23.668Z,sell,1.15e-06,5126.0,0.0058949
IDEX/BTC,1609339491322,2020-12-30T14:44:51.322Z,buy,1.15e-06,104.0,0.00011960000000000001
IDEX/BTC,1609339532748,2020-12-30T14:45:32.748Z,sell,1.14e-06,9087.0,0.01035918
IDEX/BTC,1609339543179,2020-12-30T14:45:43.179Z,buy,1.15e-06,2224.0,0.0025576
IDEX/BTC,1609340076473,2020-12-30T14:54:36.473Z,buy,1.15e-06,10898.0,0.0125327
IDEX/BTC,1609340688273,2020-12-30T15:04:48.273Z,buy,1.16e-06,39284.0,0.045569439999999996
IDEX/BTC,1609340893947,2020-12-30T15:08:13.947Z,buy,1.16e-06,87.0,0.00010091999999999999
IDEX/BTC,1609340893953,2020-12-30T15:08:13.953Z,sell,1.16e-06,12331.0,0.01430396
IDEX/BTC,1609340893955,2020-12-30T15:08:13.955Z,sell,1.16e-06,12331.0,0.01430396
IDEX/BTC,1609340893958,2020-12-30T15:08:13.958Z,sell,1.16e-06,3983.0,0.00462028
IDEX/BTC,1609340893960,2020-12-30T15:08:13.960Z,sell,1.16e-06,8348.0,0.00968368
IDEX/BTC,1609340893993,2020-12-30T15:08:13.993Z,sell,1.15e-06,5481.0,0.00630315
IDEX/BTC,1609340893993,2020-12-30T15:08:13.993Z,sell,1.14e-06,5968.0,0.00680352
IDEX/BTC,1609340893993,2020-12-30T15:08:13.993Z,sell,1.13e-06,882.0,0.00099666
IDEX/BTC,1609340935311,2020-12-30T15:08:55.311Z,buy,1.14e-06,1002.0,0.00114228
IDEX/BTC,1609340948178,2020-12-30T15:09:08.178Z,buy,1.14e-06,88.0,0.00010032000000000002
IDEX/BTC,1609341059905,2020-12-30T15:10:59.905Z,buy,1.14e-06,117.0,0.00013338
IDEX/BTC,1609341059905,2020-12-30T15:10:59.905Z,buy,1.14e-06,117.0,0.00013338
IDEX/BTC,1609341781633,2020-12-30T15:23:01.633Z,sell,1.13e-06,966.0,0.00109158
IDEX/BTC,1609341915148,2020-12-30T15:25:15.148Z,buy,1.14e-06,637.0,0.0007261800000000001
IDEX/BTC,1609342063035,2020-12-30T15:27:43.035Z,buy,1.14e-06,24858.0,0.02833812
IDEX/BTC,1609342065703,2020-12-30T15:27:45.703Z,buy,1.15e-06,297.0,0.00034155
IDEX/BTC,1609342071164,2020-12-30T15:27:51.164Z,buy,1.16e-06,2542.0,0.0029487199999999997
IDEX/BTC,1609342401491,2020-12-30T15:33:21.491Z,buy,1.16e-06,9129.0,0.010589639999999999
IDEX/BTC,1609342558132,2020-12-30T15:35:58.132Z,buy,1.16e-06,6887.0,0.00798892
IDEX/BTC,1609342631079,2020-12-30T15:37:11.079Z,buy,1.16e-06,6066.0,0.007036559999999999
IDEX/BTC,1609342651240,2020-12-30T15:37:31.240Z,buy,1.16e-06,5323.0,0.006174679999999999
IDEX/BTC,1609342654074,2020-12-30T15:37:34.074Z,buy,1.16e-06,36623.0,0.042482679999999995
IDEX/BTC,1609342772370,2020-12-30T15:39:32.370Z,buy,1.17e-06,7208.0,0.00843336
IDEX/BTC,1609342841286,2020-12-30T15:40:41.286Z,buy,1.17e-06,7240.0,0.0084708
IDEX/BTC,1609342997728,2020-12-30T15:43:17.728Z,buy,1.17e-06,103.0,0.00012051
IDEX/BTC,1609343069742,2020-12-30T15:44:29.742Z,sell,1.16e-06,89.0,0.00010324
IDEX/BTC,1609343078871,2020-12-30T15:44:38.871Z,buy,1.17e-06,428.0,0.00050076
IDEX/BTC,1609343559446,2020-12-30T15:52:39.446Z,sell,1.15e-06,233.0,0.00026795
IDEX/BTC,1609344082538,2020-12-30T16:01:22.538Z,buy,1.16e-06,1294.0,0.00150104
IDEX/BTC,1609344083248,2020-12-30T16:01:23.248Z,buy,1.16e-06,278.0,0.00032248
IDEX/BTC,1609344083564,2020-12-30T16:01:23.564Z,buy,1.16e-06,863.0,0.00100108
IDEX/BTC,1609344087530,2020-12-30T16:01:27.530Z,buy,1.16e-06,862.0,0.0009999199999999998
IDEX/BTC,1609344087530,2020-12-30T16:01:27.530Z,buy,1.16e-06,862.0,0.0009999199999999998
IDEX/BTC,1609344843217,2020-12-30T16:14:03.217Z,sell,1.15e-06,4981.0,0.00572815
IDEX/BTC,1609344843222,2020-12-30T16:14:03.222Z,sell,1.15e-06,1.0,1.15e-06
IDEX/BTC,1609344843252,2020-12-30T16:14:03.252Z,sell,1.14e-06,3749.0,0.00427386
IDEX/BTC,1609344843261,2020-12-30T16:14:03.261Z,sell,1.14e-06,5240.0,0.005973600000000001
IDEX/BTC,1609344843261,2020-12-30T16:14:03.261Z,sell,1.13e-06,3557.0,0.00401941
IDEX/BTC,1609344873177,2020-12-30T16:14:33.177Z,sell,1.14e-06,5269.0,0.0060066600000000005
IDEX/BTC,1609344873178,2020-12-30T16:14:33.178Z,sell,1.14e-06,801.0,0.0009131400000000001
IDEX/BTC,1609344873178,2020-12-30T16:14:33.178Z,sell,1.13e-06,123222.0,0.13924086
IDEX/BTC,1609344873178,2020-12-30T16:14:33.178Z,sell,1.12e-06,3646.0,0.00408352
IDEX/BTC,1609344873204,2020-12-30T16:14:33.204Z,sell,1.12e-06,3739.0,0.00418768
IDEX/BTC,1609344885765,2020-12-30T16:14:45.765Z,sell,1.13e-06,1066.0,0.00120458
IDEX/BTC,1609344899855,2020-12-30T16:14:59.855Z,buy,1.14e-06,181.0,0.00020634
IDEX/BTC,1609344900298,2020-12-30T16:15:00.298Z,buy,1.15e-06,118.0,0.0001357
IDEX/BTC,1609344906814,2020-12-30T16:15:06.814Z,buy,1.15e-06,5957.0,0.00685055
IDEX/BTC,1609344935941,2020-12-30T16:15:35.941Z,sell,1.14e-06,533.0,0.00060762
IDEX/BTC,1609345013804,2020-12-30T16:16:53.804Z,buy,1.15e-06,5203.0,0.00598345
IDEX/BTC,1609345326688,2020-12-30T16:22:06.688Z,buy,1.15e-06,89.0,0.00010235
IDEX/BTC,1609345339875,2020-12-30T16:22:19.875Z,sell,1.14e-06,129.0,0.00014706000000000002
IDEX/BTC,1609345451255,2020-12-30T16:24:11.255Z,buy,1.15e-06,16100.0,0.018515
IDEX/BTC,1609345466074,2020-12-30T16:24:26.074Z,buy,1.16e-06,8634.0,0.010015439999999999
IDEX/BTC,1609345469726,2020-12-30T16:24:29.726Z,buy,1.17e-06,103.0,0.00012051
IDEX/BTC,1609345479916,2020-12-30T16:24:39.916Z,buy,1.17e-06,75553.0,0.08839701
IDEX/BTC,1609345483487,2020-12-30T16:24:43.487Z,buy,1.17e-06,3387.0,0.00396279
IDEX/BTC,1609345486239,2020-12-30T16:24:46.239Z,buy,1.17e-06,13263.0,0.01551771
IDEX/BTC,1609345486239,2020-12-30T16:24:46.239Z,buy,1.18e-06,101080.0,0.11927439999999999
IDEX/BTC,1609345488683,2020-12-30T16:24:48.683Z,sell,1.17e-06,103.0,0.00012051
IDEX/BTC,1609345488684,2020-12-30T16:24:48.684Z,sell,1.16e-06,574.0,0.0006658399999999999
IDEX/BTC,1609345489745,2020-12-30T16:24:49.745Z,sell,1.16e-06,574.0,0.0006658399999999999
IDEX/BTC,1609345489766,2020-12-30T16:24:49.766Z,sell,1.16e-06,91.0,0.00010555999999999999
IDEX/BTC,1609345490770,2020-12-30T16:24:50.770Z,buy,1.17e-06,1066.0,0.00124722
IDEX/BTC,1609345490770,2020-12-30T16:24:50.770Z,buy,1.18e-06,13537.0,0.01597366
IDEX/BTC,1609345493594,2020-12-30T16:24:53.594Z,buy,1.18e-06,8358.0,0.00986244
IDEX/BTC,1609345496149,2020-12-30T16:24:56.149Z,sell,1.16e-06,4787.0,0.005552919999999999
IDEX/BTC,1609345496167,2020-12-30T16:24:56.167Z,sell,1.16e-06,1409.0,0.0016344399999999998
IDEX/BTC,1609345496210,2020-12-30T16:24:56.210Z,sell,1.16e-06,472.0,0.0005475199999999999
IDEX/BTC,1609345496246,2020-12-30T16:24:56.246Z,buy,1.18e-06,53757.0,0.06343325999999999
IDEX/BTC,1609345496246,2020-12-30T16:24:56.246Z,buy,1.19e-06,4457.0,0.00530383
IDEX/BTC,1609345497268,2020-12-30T16:24:57.268Z,sell,1.17e-06,289.0,0.00033813
IDEX/BTC,1609345497374,2020-12-30T16:24:57.374Z,buy,1.19e-06,101.0,0.00012019
IDEX/BTC,1609345498381,2020-12-30T16:24:58.381Z,buy,1.17e-06,171.0,0.00020007
IDEX/BTC,1609345500734,2020-12-30T16:25:00.734Z,buy,1.17e-06,55.0,6.435e-05
IDEX/BTC,1609345500734,2020-12-30T16:25:00.734Z,buy,1.18e-06,289.0,0.00034102
IDEX/BTC,1609345501228,2020-12-30T16:25:01.228Z,sell,1.17e-06,295.0,0.00034515
IDEX/BTC,1609345504540,2020-12-30T16:25:04.540Z,buy,1.18e-06,2201.0,0.0025971799999999997
IDEX/BTC,1609345504540,2020-12-30T16:25:04.540Z,buy,1.19e-06,39815.0,0.04737985
IDEX/BTC,1609345505209,2020-12-30T16:25:05.209Z,sell,1.17e-06,301.0,0.00035217
IDEX/BTC,1609345509382,2020-12-30T16:25:09.382Z,buy,1.17e-06,4879.0,0.0057084300000000004
IDEX/BTC,1609345509382,2020-12-30T16:25:09.382Z,buy,1.18e-06,301.0,0.00035517999999999997
IDEX/BTC,1609345509382,2020-12-30T16:25:09.382Z,buy,1.19e-06,8847.0,0.01052793
IDEX/BTC,1609345510218,2020-12-30T16:25:10.218Z,sell,1.17e-06,308.0,0.00036036
IDEX/BTC,1609345511123,2020-12-30T16:25:11.123Z,sell,1.18e-06,87.0,0.00010266
IDEX/BTC,1609345511607,2020-12-30T16:25:11.607Z,sell,1.17e-06,88.0,0.00010296
IDEX/BTC,1609345511607,2020-12-30T16:25:11.607Z,sell,1.16e-06,488.0,0.00056608
IDEX/BTC,1609345513760,2020-12-30T16:25:13.760Z,buy,1.18e-06,308.0,0.00036344
IDEX/BTC,1609345513760,2020-12-30T16:25:13.760Z,buy,1.19e-06,7767.0,0.009242730000000001
IDEX/BTC,1609345514215,2020-12-30T16:25:14.215Z,sell,1.17e-06,314.0,0.00036738
IDEX/BTC,1609345516724,2020-12-30T16:25:16.724Z,buy,1.19e-06,3422.0,0.00407218
IDEX/BTC,1609345517148,2020-12-30T16:25:17.148Z,sell,1.17e-06,1586.0,0.00185562
IDEX/BTC,1609345517154,2020-12-30T16:25:17.154Z,sell,1.17e-06,3161.0,0.00369837
IDEX/BTC,1609345517154,2020-12-30T16:25:17.154Z,sell,1.17e-06,571.0,0.00066807
IDEX/BTC,1609345517170,2020-12-30T16:25:17.170Z,sell,1.17e-06,400.0,0.000468
IDEX/BTC,1609345519399,2020-12-30T16:25:19.399Z,buy,1.19e-06,979.0,0.00116501
IDEX/BTC,1609345522139,2020-12-30T16:25:22.139Z,buy,1.18e-06,91.0,0.00010737999999999999
IDEX/BTC,1609345522774,2020-12-30T16:25:22.774Z,buy,1.18e-06,483.0,0.00056994
IDEX/BTC,1609345522774,2020-12-30T16:25:22.774Z,buy,1.19e-06,5235.0,0.006229650000000001
IDEX/BTC,1609345526174,2020-12-30T16:25:26.174Z,buy,1.19e-06,5513.0,0.0065604700000000005
IDEX/BTC,1609345527225,2020-12-30T16:25:27.225Z,sell,1.18e-06,238.0,0.00028084
IDEX/BTC,1609345535217,2020-12-30T16:25:35.217Z,buy,1.18e-06,88.0,0.00010384
IDEX/BTC,1609345535217,2020-12-30T16:25:35.217Z,buy,1.19e-06,325.0,0.00038675
IDEX/BTC,1609345535217,2020-12-30T16:25:35.217Z,buy,1.2e-06,138088.0,0.16570559999999998
IDEX/BTC,1609345536775,2020-12-30T16:25:36.775Z,sell,1.19e-06,568.0,0.00067592
IDEX/BTC,1609345536785,2020-12-30T16:25:36.785Z,sell,1.19e-06,340.0,0.0004046
IDEX/BTC,1609345536785,2020-12-30T16:25:36.785Z,sell,1.18e-06,227.0,0.00026786
IDEX/BTC,1609345537306,2020-12-30T16:25:37.306Z,sell,1.19e-06,569.0,0.00067711
IDEX/BTC,1609345537314,2020-12-30T16:25:37.314Z,sell,1.19e-06,264.0,0.00031416
IDEX/BTC,1609345537314,2020-12-30T16:25:37.314Z,sell,1.18e-06,305.0,0.00035989999999999997
IDEX/BTC,1609345539781,2020-12-30T16:25:39.781Z,sell,1.18e-06,135.0,0.0001593
IDEX/BTC,1609345540081,2020-12-30T16:25:40.081Z,sell,1.17e-06,94176.0,0.11018592
IDEX/BTC,1609345540104,2020-12-30T16:25:40.104Z,sell,1.17e-06,2005.0,0.00234585
IDEX/BTC,1609345540455,2020-12-30T16:25:40.455Z,buy,1.18e-06,518.0,0.00061124
IDEX/BTC,1609345543114,2020-12-30T16:25:43.114Z,buy,1.18e-06,522.0,0.0006159599999999999
IDEX/BTC,1609345543114,2020-12-30T16:25:43.114Z,buy,1.19e-06,227.0,0.00027013
IDEX/BTC,1609345543114,2020-12-30T16:25:43.114Z,buy,1.2e-06,2296.0,0.0027551999999999997
IDEX/BTC,1609345543223,2020-12-30T16:25:43.223Z,sell,1.2e-06,149.0,0.00017879999999999998
IDEX/BTC,1609345545951,2020-12-30T16:25:45.951Z,sell,1.19e-06,167.0,0.00019873000000000002
IDEX/BTC,1609345545951,2020-12-30T16:25:45.951Z,sell,1.18e-06,261.0,0.00030797999999999996
IDEX/BTC,1609345553632,2020-12-30T16:25:53.632Z,sell,1.18e-06,2314.0,0.0027305199999999997
IDEX/BTC,1609345553647,2020-12-30T16:25:53.647Z,sell,1.18e-06,2513.0,0.00296534
IDEX/BTC,1609345554380,2020-12-30T16:25:54.380Z,buy,1.2e-06,442.0,0.0005304
IDEX/BTC,1609345554380,2020-12-30T16:25:54.380Z,buy,1.21e-06,79399.0,0.09607279
IDEX/BTC,1609345560812,2020-12-30T16:26:00.812Z,buy,1.2e-06,4827.0,0.0057924
IDEX/BTC,1609345563852,2020-12-30T16:26:03.852Z,buy,1.21e-06,4575.0,0.00553575
IDEX/BTC,1609345580840,2020-12-30T16:26:20.840Z,sell,1.19e-06,491.0,0.00058429
IDEX/BTC,1609345586606,2020-12-30T16:26:26.606Z,buy,1.19e-06,509.0,0.00060571
IDEX/BTC,1609345586606,2020-12-30T16:26:26.606Z,buy,1.2e-06,405.0,0.000486
IDEX/BTC,1609345593561,2020-12-30T16:26:33.561Z,sell,1.2e-06,85.0,0.000102
IDEX/BTC,1609345597765,2020-12-30T16:26:37.765Z,buy,1.2e-06,1742.0,0.0020904
IDEX/BTC,1609345608314,2020-12-30T16:26:48.314Z,buy,1.2e-06,2501.0,0.0030012
IDEX/BTC,1609345616271,2020-12-30T16:26:56.271Z,buy,1.2e-06,15811.0,0.0189732
IDEX/BTC,1609345626157,2020-12-30T16:27:06.157Z,buy,1.21e-06,457.0,0.0005529700000000001
IDEX/BTC,1609345632953,2020-12-30T16:27:12.953Z,sell,1.2e-06,408.0,0.0004896
IDEX/BTC,1609345640954,2020-12-30T16:27:20.954Z,sell,1.2e-06,392.0,0.0004704
IDEX/BTC,1609345640967,2020-12-30T16:27:20.967Z,sell,1.2e-06,3200.0,0.0038399999999999997
IDEX/BTC,1609345748130,2020-12-30T16:29:08.130Z,sell,1.2e-06,87.0,0.00010439999999999999
IDEX/BTC,1609345802268,2020-12-30T16:30:02.268Z,sell,1.2e-06,503.0,0.0006035999999999999
IDEX/BTC,1609345805083,2020-12-30T16:30:05.083Z,sell,1.2e-06,561.0,0.0006732
IDEX/BTC,1609345870448,2020-12-30T16:31:10.448Z,sell,1.2e-06,110.0,0.00013199999999999998
IDEX/BTC,1609345928135,2020-12-30T16:32:08.135Z,sell,1.2e-06,86.0,0.0001032
IDEX/BTC,1609345931591,2020-12-30T16:32:11.591Z,sell,1.2e-06,3739.0,0.0044868
IDEX/BTC,1609346048179,2020-12-30T16:34:08.179Z,sell,1.2e-06,85.0,0.000102
IDEX/BTC,1609346063230,2020-12-30T16:34:23.230Z,sell,1.2e-06,4080.0,0.004896
IDEX/BTC,1609346208706,2020-12-30T16:36:48.706Z,buy,1.21e-06,12321.0,0.01490841
IDEX/BTC,1609346254240,2020-12-30T16:37:34.240Z,sell,1.2e-06,408.0,0.0004896
IDEX/BTC,1609346274525,2020-12-30T16:37:54.525Z,buy,1.21e-06,1805.0,0.0021840500000000003
IDEX/BTC,1609346364100,2020-12-30T16:39:24.100Z,buy,1.22e-06,2951.0,0.00360022
IDEX/BTC,1609346408143,2020-12-30T16:40:08.143Z,sell,1.21e-06,175.0,0.00021175000000000002
IDEX/BTC,1609346412256,2020-12-30T16:40:12.256Z,buy,1.22e-06,252.0,0.00030743999999999997
IDEX/BTC,1609346412298,2020-12-30T16:40:12.298Z,sell,1.2e-06,256.0,0.0003072
IDEX/BTC,1609346500433,2020-12-30T16:41:40.433Z,sell,1.21e-06,359.0,0.00043439000000000005
IDEX/BTC,1609346500443,2020-12-30T16:41:40.443Z,sell,1.21e-06,42.0,5.0820000000000005e-05
IDEX/BTC,1609346500443,2020-12-30T16:41:40.443Z,sell,1.2e-06,359.0,0.00043079999999999995
IDEX/BTC,1609346523548,2020-12-30T16:42:03.548Z,buy,1.21e-06,401.0,0.00048521
IDEX/BTC,1609346533177,2020-12-30T16:42:13.177Z,buy,1.22e-06,324.0,0.00039527999999999997
IDEX/BTC,1609346709275,2020-12-30T16:45:09.275Z,sell,1.21e-06,398.0,0.00048158
IDEX/BTC,1609346709290,2020-12-30T16:45:09.290Z,sell,1.2e-06,398.0,0.00047759999999999995
IDEX/BTC,1609346714720,2020-12-30T16:45:14.720Z,buy,1.22e-06,22408.0,0.02733776
IDEX/BTC,1609346717814,2020-12-30T16:45:17.814Z,buy,1.21e-06,91.0,0.00011011
IDEX/BTC,1609346721532,2020-12-30T16:45:21.532Z,buy,1.21e-06,307.0,0.00037147
IDEX/BTC,1609346721532,2020-12-30T16:45:21.532Z,buy,1.22e-06,4246.0,0.00518012
IDEX/BTC,1609346721544,2020-12-30T16:45:21.544Z,sell,1.22e-06,3753.0,0.00457866
IDEX/BTC,1609346721551,2020-12-30T16:45:21.551Z,sell,1.22e-06,1053.0,0.00128466
IDEX/BTC,1609346725973,2020-12-30T16:45:25.973Z,sell,1.22e-06,537.0,0.00065514
IDEX/BTC,1609346961211,2020-12-30T16:49:21.211Z,sell,1.22e-06,4546.0,0.00554612
IDEX/BTC,1609347049411,2020-12-30T16:50:49.411Z,sell,1.22e-06,42934.0,0.05237948
IDEX/BTC,1609347049411,2020-12-30T16:50:49.411Z,sell,1.21e-06,5375.0,0.00650375
IDEX/BTC,1609347049411,2020-12-30T16:50:49.411Z,sell,1.2e-06,31134.0,0.0373608
IDEX/BTC,1609347087013,2020-12-30T16:51:27.013Z,buy,1.22e-06,85.0,0.0001037
IDEX/BTC,1609347096812,2020-12-30T16:51:36.812Z,sell,1.21e-06,7933.0,0.00959893
IDEX/BTC,1609347099651,2020-12-30T16:51:39.651Z,sell,1.21e-06,254.0,0.00030734
IDEX/BTC,1609347456692,2020-12-30T16:57:36.692Z,buy,1.22e-06,24129.0,0.02943738
IDEX/BTC,1609347456692,2020-12-30T16:57:36.692Z,buy,1.23e-06,768.0,0.0009446400000000001
IDEX/BTC,1609347461217,2020-12-30T16:57:41.217Z,sell,1.22e-06,3811.0,0.00464942
IDEX/BTC,1609347461217,2020-12-30T16:57:41.217Z,sell,1.21e-06,309.0,0.00037389000000000004
IDEX/BTC,1609347461314,2020-12-30T16:57:41.314Z,buy,1.21e-06,91.0,0.00011011
IDEX/BTC,1609347461809,2020-12-30T16:57:41.809Z,buy,1.21e-06,91.0,0.00011011
IDEX/BTC,1609347463819,2020-12-30T16:57:43.819Z,buy,1.21e-06,530.0,0.0006413
IDEX/BTC,1609347465922,2020-12-30T16:57:45.922Z,buy,1.23e-06,3595.0,0.004421850000000001
IDEX/BTC,1609347469194,2020-12-30T16:57:49.194Z,buy,1.22e-06,86.0,0.00010491999999999999
IDEX/BTC,1609347469194,2020-12-30T16:57:49.194Z,buy,1.24e-06,168.0,0.00020832
IDEX/BTC,1609347492434,2020-12-30T16:58:12.434Z,buy,1.23e-06,83.0,0.00010209000000000001
IDEX/BTC,1609347498691,2020-12-30T16:58:18.691Z,buy,1.23e-06,2418.0,0.00297414
IDEX/BTC,1609347501773,2020-12-30T16:58:21.773Z,buy,1.24e-06,233.0,0.00028892
IDEX/BTC,1609347601338,2020-12-30T17:00:01.338Z,sell,1.22e-06,1087.0,0.00132614
IDEX/BTC,1609347601338,2020-12-30T17:00:01.338Z,sell,1.21e-06,4777.0,0.00578017
IDEX/BTC,1609347605579,2020-12-30T17:00:05.579Z,sell,1.2e-06,254.0,0.0003048
IDEX/BTC,1609347626493,2020-12-30T17:00:26.493Z,sell,1.2e-06,173.0,0.00020759999999999998
IDEX/BTC,1609347627736,2020-12-30T17:00:27.736Z,buy,1.22e-06,99.0,0.00012077999999999999
IDEX/BTC,1609347631598,2020-12-30T17:00:31.598Z,sell,1.2e-06,344.0,0.0004128
IDEX/BTC,1609347667001,2020-12-30T17:01:07.001Z,buy,1.22e-06,100.0,0.000122
IDEX/BTC,1609347667001,2020-12-30T17:01:07.001Z,buy,1.22e-06,100.0,0.000122
IDEX/BTC,1609347700844,2020-12-30T17:01:40.844Z,sell,1.21e-06,88.0,0.00010648000000000001
IDEX/BTC,1609347704952,2020-12-30T17:01:44.952Z,sell,1.21e-06,488.0,0.00059048
IDEX/BTC,1609347709639,2020-12-30T17:01:49.639Z,buy,1.22e-06,4851.0,0.00591822
IDEX/BTC,1609347718797,2020-12-30T17:01:58.797Z,sell,1.21e-06,9.0,1.089e-05
IDEX/BTC,1609347718797,2020-12-30T17:01:58.797Z,sell,1.2e-06,257.0,0.00030839999999999996
IDEX/BTC,1609348025565,2020-12-30T17:07:05.565Z,sell,1.21e-06,4217.0,0.00510257
IDEX/BTC,1609348041121,2020-12-30T17:07:21.121Z,sell,1.2e-06,84540.0,0.101448
IDEX/BTC,1609348151143,2020-12-30T17:09:11.143Z,buy,1.21e-06,107.0,0.00012947000000000002
IDEX/BTC,1609349033690,2020-12-30T17:23:53.690Z,sell,1.2e-06,6604.0,0.0079248
IDEX/BTC,1609349033690,2020-12-30T17:23:53.690Z,sell,1.19e-06,23551.0,0.028025690000000002
IDEX/BTC,1609349097535,2020-12-30T17:24:57.535Z,buy,1.21e-06,16670.0,0.0201707
IDEX/BTC,1609349127680,2020-12-30T17:25:27.680Z,sell,1.2e-06,108.0,0.0001296
IDEX/BTC,1609349127686,2020-12-30T17:25:27.686Z,sell,1.2e-06,1373.0,0.0016476
IDEX/BTC,1609349329155,2020-12-30T17:28:49.155Z,buy,1.21e-06,174.0,0.00021054
IDEX/BTC,1609349719474,2020-12-30T17:35:19.474Z,sell,1.2e-06,854.0,0.0010248
IDEX/BTC,1609350946047,2020-12-30T17:55:46.047Z,sell,1.2e-06,84.0,0.0001008
IDEX/BTC,1609350977629,2020-12-30T17:56:17.629Z,sell,1.19e-06,112047.0,0.13333593
IDEX/BTC,1609351029120,2020-12-30T17:57:09.120Z,buy,1.21e-06,234.0,0.00028314000000000003
IDEX/BTC,1609351029120,2020-12-30T17:57:09.120Z,buy,1.21e-06,234.0,0.00028314000000000003
IDEX/BTC,1609351750553,2020-12-30T18:09:10.553Z,buy,1.21e-06,8744.0,0.010580240000000001
IDEX/BTC,1609351750561,2020-12-30T18:09:10.561Z,buy,1.21e-06,1153.0,0.00139513
IDEX/BTC,1609351790735,2020-12-30T18:09:50.735Z,buy,1.21e-06,2258.0,0.0027321800000000003
IDEX/BTC,1609352049360,2020-12-30T18:14:09.360Z,sell,1.2e-06,1292.0,0.0015504
IDEX/BTC,1609352320923,2020-12-30T18:18:40.923Z,buy,1.22e-06,2542.0,0.00310124
IDEX/BTC,1609352826970,2020-12-30T18:27:06.970Z,sell,1.2e-06,168.0,0.0002016
IDEX/BTC,1609352857287,2020-12-30T18:27:37.287Z,sell,1.2e-06,1119.0,0.0013428
IDEX/BTC,1609353117014,2020-12-30T18:31:57.014Z,sell,1.19e-06,2355.0,0.00280245
IDEX/BTC,1609354038563,2020-12-30T18:47:18.563Z,sell,1.19e-06,1012.0,0.00120428
IDEX/BTC,1609354386623,2020-12-30T18:53:06.623Z,sell,1.19e-06,1734.0,0.00206346
IDEX/BTC,1609354386623,2020-12-30T18:53:06.623Z,sell,1.19e-06,1734.0,0.00206346
IDEX/BTC,1609354857757,2020-12-30T19:00:57.757Z,sell,1.19e-06,844.0,0.00100436
IDEX/BTC,1609354890481,2020-12-30T19:01:30.481Z,sell,1.19e-06,104.0,0.00012376
IDEX/BTC,1609354956103,2020-12-30T19:02:36.103Z,sell,1.19e-06,975.0,0.00116025
IDEX/BTC,1609354974204,2020-12-30T19:02:54.204Z,sell,1.19e-06,554.0,0.0006592600000000001
IDEX/BTC,1609355096938,2020-12-30T19:04:56.938Z,sell,1.19e-06,134.0,0.00015946
IDEX/BTC,1609355420858,2020-12-30T19:10:20.858Z,sell,1.19e-06,10000.0,0.0119
IDEX/BTC,1609355489758,2020-12-30T19:11:29.758Z,buy,1.2e-06,14407.0,0.0172884
IDEX/BTC,1609355492230,2020-12-30T19:11:32.230Z,buy,1.21e-06,4358.0,0.005273180000000001
IDEX/BTC,1609355578613,2020-12-30T19:12:58.613Z,sell,1.2e-06,1133.0,0.0013595999999999999
IDEX/BTC,1609355578615,2020-12-30T19:12:58.615Z,sell,1.2e-06,2378.0,0.0028536
IDEX/BTC,1609355578619,2020-12-30T19:12:58.619Z,sell,1.2e-06,1606.0,0.0019272
IDEX/BTC,1609355830313,2020-12-30T19:17:10.313Z,sell,1.2e-06,90.0,0.000108
IDEX/BTC,1609356078753,2020-12-30T19:21:18.753Z,buy,1.2e-06,4331.0,0.0051972
IDEX/BTC,1609356722900,2020-12-30T19:32:02.900Z,buy,1.2e-06,4884.0,0.005860799999999999
IDEX/BTC,1609356974852,2020-12-30T19:36:14.852Z,buy,1.2e-06,1255.0,0.001506
IDEX/BTC,1609356974878,2020-12-30T19:36:14.878Z,buy,1.2e-06,1051.0,0.0012611999999999999
IDEX/BTC,1609356990397,2020-12-30T19:36:30.397Z,buy,1.2e-06,223.0,0.0002676
IDEX/BTC,1609356991311,2020-12-30T19:36:31.311Z,buy,1.2e-06,557.0,0.0006684
IDEX/BTC,1609356991333,2020-12-30T19:36:31.333Z,buy,1.2e-06,557.0,0.0006684
IDEX/BTC,1609356991351,2020-12-30T19:36:31.351Z,buy,1.2e-06,223.0,0.0002676
IDEX/BTC,1609357974263,2020-12-30T19:52:54.263Z,buy,1.2e-06,154.0,0.0001848
IDEX/BTC,1609357974263,2020-12-30T19:52:54.263Z,buy,1.2e-06,154.0,0.0001848
IDEX/BTC,1609358182944,2020-12-30T19:56:22.944Z,buy,1.2e-06,5164.0,0.0061968
IDEX/BTC,1609358445068,2020-12-30T20:00:45.068Z,sell,1.19e-06,1004.0,0.00119476
IDEX/BTC,1609358450151,2020-12-30T20:00:50.151Z,buy,1.2e-06,161.0,0.00019319999999999998
IDEX/BTC,1609358530079,2020-12-30T20:02:10.079Z,buy,1.2e-06,5689.0,0.0068268
IDEX/BTC,1609358681850,2020-12-30T20:04:41.850Z,buy,1.2e-06,4222.0,0.0050663999999999995
IDEX/BTC,1609360690789,2020-12-30T20:38:10.789Z,sell,1.19e-06,188.0,0.00022372
IDEX/BTC,1609360748890,2020-12-30T20:39:08.890Z,buy,1.2e-06,5875.0,0.00705
IDEX/BTC,1609360869107,2020-12-30T20:41:09.107Z,buy,1.2e-06,3921.0,0.0047052
IDEX/BTC,1609360871928,2020-12-30T20:41:11.928Z,buy,1.2e-06,397.0,0.0004764
IDEX/BTC,1609360872914,2020-12-30T20:41:12.914Z,sell,1.19e-06,397.0,0.00047243000000000003
IDEX/BTC,1609360903634,2020-12-30T20:41:43.634Z,buy,1.2e-06,197.0,0.0002364
IDEX/BTC,1609361130924,2020-12-30T20:45:30.924Z,buy,1.2e-06,383.0,0.0004596
IDEX/BTC,1609361131912,2020-12-30T20:45:31.912Z,sell,1.19e-06,383.0,0.00045577000000000004
IDEX/BTC,1609361377908,2020-12-30T20:49:37.908Z,buy,1.2e-06,4093.0,0.0049115999999999995
IDEX/BTC,1609361377908,2020-12-30T20:49:37.908Z,buy,1.2e-06,4093.0,0.0049115999999999995
IDEX/BTC,1609361623956,2020-12-30T20:53:43.956Z,sell,1.2e-06,47.0,5.6399999999999995e-05
IDEX/BTC,1609361623956,2020-12-30T20:53:43.956Z,sell,1.19e-06,99953.0,0.11894407
IDEX/BTC,1609362121909,2020-12-30T21:02:01.909Z,sell,1.19e-06,18312.0,0.02179128
IDEX/BTC,1609362187238,2020-12-30T21:03:07.238Z,buy,1.2e-06,2244.0,0.0026928
IDEX/BTC,1609362201204,2020-12-30T21:03:21.204Z,buy,1.2e-06,11777.0,0.0141324
IDEX/BTC,1609362248225,2020-12-30T21:04:08.225Z,sell,1.2e-06,85.0,0.000102
IDEX/BTC,1609362256152,2020-12-30T21:04:16.152Z,sell,1.2e-06,3907.0,0.0046884
IDEX/BTC,1609362309671,2020-12-30T21:05:09.671Z,sell,1.2e-06,177.0,0.00021239999999999999
IDEX/BTC,1609362358797,2020-12-30T21:05:58.797Z,sell,1.2e-06,3477.0,0.0041724
IDEX/BTC,1609362604626,2020-12-30T21:10:04.626Z,sell,1.2e-06,2723.0,0.0032676
IDEX/BTC,1609362653017,2020-12-30T21:10:53.017Z,buy,1.2e-06,1793.0,0.0021516
IDEX/BTC,1609362752842,2020-12-30T21:12:32.842Z,buy,1.21e-06,12253.0,0.014826130000000002
IDEX/BTC,1609362752842,2020-12-30T21:12:32.842Z,buy,1.22e-06,3146.0,0.00383812
IDEX/BTC,1609362761997,2020-12-30T21:12:41.997Z,buy,1.22e-06,99.0,0.00012077999999999999
IDEX/BTC,1609362850252,2020-12-30T21:14:10.252Z,sell,1.21e-06,91.0,0.00011011
IDEX/BTC,1609362871989,2020-12-30T21:14:31.989Z,buy,1.21e-06,89.0,0.00010769000000000001
IDEX/BTC,1609363099140,2020-12-30T21:18:19.140Z,buy,1.21e-06,4680.0,0.0056628
IDEX/BTC,1609363273746,2020-12-30T21:21:13.746Z,sell,1.21e-06,2371.0,0.00286891
IDEX/BTC,1609363349728,2020-12-30T21:22:29.728Z,sell,1.21e-06,4843.0,0.0058600300000000004
IDEX/BTC,1609363371068,2020-12-30T21:22:51.068Z,sell,1.21e-06,1124.0,0.00136004
IDEX/BTC,1609363371081,2020-12-30T21:22:51.081Z,sell,1.21e-06,1433.0,0.00173393
IDEX/BTC,1609363674931,2020-12-30T21:27:54.931Z,sell,1.21e-06,5237.0,0.00633677
IDEX/BTC,1609363692054,2020-12-30T21:28:12.054Z,sell,1.21e-06,1030.0,0.0012463
IDEX/BTC,1609363697049,2020-12-30T21:28:17.049Z,sell,1.21e-06,1738.0,0.00210298
IDEX/BTC,1609363706283,2020-12-30T21:28:26.283Z,buy,1.22e-06,9904.0,0.012082879999999999
IDEX/BTC,1609363706299,2020-12-30T21:28:26.299Z,buy,1.22e-06,2055.0,0.0025071
IDEX/BTC,1609363706590,2020-12-30T21:28:26.590Z,sell,1.21e-06,544.0,0.00065824
IDEX/BTC,1609363734965,2020-12-30T21:28:54.965Z,sell,1.21e-06,724.0,0.00087604
IDEX/BTC,1609363842688,2020-12-30T21:30:42.688Z,sell,1.21e-06,223.0,0.00026983000000000004
IDEX/BTC,1609363849898,2020-12-30T21:30:49.898Z,sell,1.21e-06,4373.0,0.00529133
IDEX/BTC,1609363935563,2020-12-30T21:32:15.563Z,sell,1.21e-06,5182.0,0.00627022
IDEX/BTC,1609364046493,2020-12-30T21:34:06.493Z,sell,1.21e-06,9461.0,0.011447810000000001
IDEX/BTC,1609364046493,2020-12-30T21:34:06.493Z,sell,1.2e-06,10403.0,0.0124836
IDEX/BTC,1609364048942,2020-12-30T21:34:08.942Z,buy,1.21e-06,220.0,0.0002662
IDEX/BTC,1609364053105,2020-12-30T21:34:13.105Z,sell,1.2e-06,3234.0,0.0038808
IDEX/BTC,1609364086967,2020-12-30T21:34:46.967Z,buy,1.21e-06,91.0,0.00011011
IDEX/BTC,1609364087488,2020-12-30T21:34:47.488Z,buy,1.21e-06,220.0,0.0002662
IDEX/BTC,1609364088265,2020-12-30T21:34:48.265Z,buy,1.21e-06,129.0,0.00015609
IDEX/BTC,1609364229300,2020-12-30T21:37:09.300Z,buy,1.21e-06,90.0,0.0001089
IDEX/BTC,1609364348648,2020-12-30T21:39:08.648Z,buy,1.21e-06,5219.0,0.00631499
IDEX/BTC,1609364832420,2020-12-30T21:47:12.420Z,buy,1.21e-06,15664.0,0.018953440000000002
IDEX/BTC,1609364832420,2020-12-30T21:47:12.420Z,buy,1.22e-06,2120.0,0.0025864
IDEX/BTC,1609364835844,2020-12-30T21:47:15.844Z,buy,1.22e-06,99.0,0.00012077999999999999
IDEX/BTC,1609364840843,2020-12-30T21:47:20.843Z,buy,1.22e-06,2154.0,0.00262788
IDEX/BTC,1609364840843,2020-12-30T21:47:20.843Z,buy,1.23e-06,7866.0,0.00967518
IDEX/BTC,1609364843575,2020-12-30T21:47:23.575Z,sell,1.22e-06,91.0,0.00011101999999999999
IDEX/BTC,1609364843575,2020-12-30T21:47:23.575Z,sell,1.21e-06,91.0,0.00011011
IDEX/BTC,1609364912100,2020-12-30T21:48:32.100Z,sell,1.21e-06,586.0,0.0007090600000000001
IDEX/BTC,1609364913232,2020-12-30T21:48:33.232Z,sell,1.21e-06,3637.0,0.00440077
IDEX/BTC,1609364913232,2020-12-30T21:48:33.232Z,sell,1.21e-06,3637.0,0.00440077
IDEX/BTC,1609365001594,2020-12-30T21:50:01.594Z,sell,1.21e-06,2877.0,0.00348117
IDEX/BTC,1609365019451,2020-12-30T21:50:19.451Z,sell,1.21e-06,2877.0,0.00348117
IDEX/BTC,1609365082925,2020-12-30T21:51:22.925Z,sell,1.21e-06,2877.0,0.00348117
IDEX/BTC,1609365118960,2020-12-30T21:51:58.960Z,sell,1.21e-06,8078.0,0.009774380000000001
IDEX/BTC,1609365141880,2020-12-30T21:52:21.880Z,sell,1.21e-06,2877.0,0.00348117
IDEX/BTC,1609365153688,2020-12-30T21:52:33.688Z,sell,1.21e-06,169.0,0.00020449000000000002
IDEX/BTC,1609365153689,2020-12-30T21:52:33.689Z,sell,1.21e-06,2877.0,0.00348117
IDEX/BTC,1609365153692,2020-12-30T21:52:33.692Z,sell,1.21e-06,551.0,0.00066671
IDEX/BTC,1609365165764,2020-12-30T21:52:45.764Z,sell,1.21e-06,475.0,0.0005747500000000001
IDEX/BTC,1609365177271,2020-12-30T21:52:57.271Z,sell,1.21e-06,1682.0,0.00203522
IDEX/BTC,1609365177272,2020-12-30T21:52:57.272Z,sell,1.21e-06,551.0,0.00066671
IDEX/BTC,1609365177275,2020-12-30T21:52:57.275Z,sell,1.21e-06,2877.0,0.00348117
IDEX/BTC,1609365177275,2020-12-30T21:52:57.275Z,sell,1.21e-06,2877.0,0.00348117
IDEX/BTC,1609365177276,2020-12-30T21:52:57.276Z,sell,1.21e-06,2326.0,0.00281446
IDEX/BTC,1609365177277,2020-12-30T21:52:57.277Z,sell,1.2e-06,1682.0,0.0020184
IDEX/BTC,1609365208800,2020-12-30T21:53:28.800Z,sell,1.2e-06,220.0,0.00026399999999999997
IDEX/BTC,1609365208810,2020-12-30T21:53:28.810Z,sell,1.2e-06,223.0,0.0002676
IDEX/BTC,1609365208812,2020-12-30T21:53:28.812Z,sell,1.2e-06,4745.0,0.005693999999999999
IDEX/BTC,1609365208821,2020-12-30T21:53:28.821Z,sell,1.2e-06,220.0,0.00026399999999999997
IDEX/BTC,1609365209632,2020-12-30T21:53:29.632Z,buy,1.22e-06,13852.0,0.016899439999999998
IDEX/BTC,1609365267405,2020-12-30T21:54:27.405Z,buy,1.22e-06,180.0,0.0002196
IDEX/BTC,1609365268029,2020-12-30T21:54:28.029Z,buy,1.22e-06,545.0,0.0006649
IDEX/BTC,1609365268050,2020-12-30T21:54:28.050Z,buy,1.22e-06,545.0,0.0006649
IDEX/BTC,1609365268065,2020-12-30T21:54:28.065Z,buy,1.22e-06,218.0,0.00026596
IDEX/BTC,1609365268084,2020-12-30T21:54:28.084Z,buy,1.22e-06,218.0,0.00026596
IDEX/BTC,1609365268106,2020-12-30T21:54:28.106Z,buy,1.22e-06,218.0,0.00026596
IDEX/BTC,1609365281926,2020-12-30T21:54:41.926Z,buy,1.22e-06,99.0,0.00012077999999999999
IDEX/BTC,1609365355510,2020-12-30T21:55:55.510Z,buy,1.22e-06,10000.0,0.012199999999999999
IDEX/BTC,1609365579872,2020-12-30T21:59:39.872Z,buy,1.22e-06,84.0,0.00010248
IDEX/BTC,1609366290764,2020-12-30T22:11:30.764Z,buy,1.22e-06,5476.0,0.00668072
IDEX/BTC,1609366334938,2020-12-30T22:12:14.938Z,buy,1.22e-06,4076.0,0.00497272
IDEX/BTC,1609366347748,2020-12-30T22:12:27.748Z,sell,1.21e-06,2471.0,0.00298991
IDEX/BTC,1609366352349,2020-12-30T22:12:32.349Z,sell,1.21e-06,2289.0,0.00276969
IDEX/BTC,1609366358952,2020-12-30T22:12:38.952Z,sell,1.21e-06,2289.0,0.00276969
IDEX/BTC,1609366364562,2020-12-30T22:12:44.562Z,sell,1.21e-06,2289.0,0.00276969
IDEX/BTC,1609366377304,2020-12-30T22:12:57.304Z,sell,1.21e-06,2289.0,0.00276969
IDEX/BTC,1609366395451,2020-12-30T22:13:15.451Z,sell,1.21e-06,2372.0,0.0028701200000000003
IDEX/BTC,1609366411282,2020-12-30T22:13:31.282Z,sell,1.21e-06,2289.0,0.00276969
IDEX/BTC,1609366421534,2020-12-30T22:13:41.534Z,sell,1.21e-06,2289.0,0.00276969
IDEX/BTC,1609366441403,2020-12-30T22:14:01.403Z,sell,1.21e-06,2289.0,0.00276969
IDEX/BTC,1609366575850,2020-12-30T22:16:15.850Z,sell,1.21e-06,545.0,0.00065945
IDEX/BTC,1609366575863,2020-12-30T22:16:15.863Z,sell,1.21e-06,545.0,0.00065945
IDEX/BTC,1609366575879,2020-12-30T22:16:15.879Z,sell,1.21e-06,218.0,0.00026378
IDEX/BTC,1609366575896,2020-12-30T22:16:15.896Z,sell,1.21e-06,218.0,0.00026378
IDEX/BTC,1609366575904,2020-12-30T22:16:15.904Z,sell,1.21e-06,218.0,0.00026378
IDEX/BTC,1609366575918,2020-12-30T22:16:15.918Z,sell,1.21e-06,218.0,0.00026378
IDEX/BTC,1609366582300,2020-12-30T22:16:22.300Z,sell,1.21e-06,327.0,0.00039567000000000004
IDEX/BTC,1609366603763,2020-12-30T22:16:43.763Z,sell,1.21e-06,3664.0,0.00443344
IDEX/BTC,1609366712712,2020-12-30T22:18:32.712Z,sell,1.21e-06,2977.0,0.00360217
IDEX/BTC,1609366744148,2020-12-30T22:19:04.148Z,sell,1.21e-06,2977.0,0.00360217
IDEX/BTC,1609366750910,2020-12-30T22:19:10.910Z,sell,1.21e-06,2977.0,0.00360217
IDEX/BTC,1609366790925,2020-12-30T22:19:50.925Z,sell,1.21e-06,2977.0,0.00360217
IDEX/BTC,1609366820726,2020-12-30T22:20:20.726Z,sell,1.21e-06,2977.0,0.00360217
IDEX/BTC,1609366842992,2020-12-30T22:20:42.992Z,sell,1.21e-06,2977.0,0.00360217
IDEX/BTC,1609366885593,2020-12-30T22:21:25.593Z,sell,1.21e-06,11908.0,0.01440868
IDEX/BTC,1609366885602,2020-12-30T22:21:25.602Z,buy,1.21e-06,550.0,0.0006655000000000001
IDEX/BTC,1609366885614,2020-12-30T22:21:25.614Z,buy,1.21e-06,550.0,0.0006655000000000001
IDEX/BTC,1609366885627,2020-12-30T22:21:25.627Z,buy,1.21e-06,220.0,0.0002662
IDEX/BTC,1609366885636,2020-12-30T22:21:25.636Z,buy,1.21e-06,220.0,0.0002662
IDEX/BTC,1609366891462,2020-12-30T22:21:31.462Z,buy,1.21e-06,8645.0,0.010460450000000001
IDEX/BTC,1609366912239,2020-12-30T22:21:52.239Z,sell,1.21e-06,2199.0,0.00266079
IDEX/BTC,1609367003945,2020-12-30T22:23:23.945Z,sell,1.21e-06,220.0,0.0002662
IDEX/BTC,1609367003964,2020-12-30T22:23:23.964Z,sell,1.21e-06,550.0,0.0006655000000000001
IDEX/BTC,1609367003977,2020-12-30T22:23:23.977Z,sell,1.21e-06,550.0,0.0006655000000000001
IDEX/BTC,1609367003994,2020-12-30T22:23:23.994Z,sell,1.21e-06,220.0,0.0002662
IDEX/BTC,1609367223325,2020-12-30T22:27:03.325Z,sell,1.21e-06,9238.0,0.01117798
IDEX/BTC,1609367223325,2020-12-30T22:27:03.325Z,sell,1.21e-06,9238.0,0.01117798
IDEX/BTC,1609368706082,2020-12-30T22:51:46.082Z,sell,1.21e-06,192.0,0.00023232
IDEX/BTC,1609369050399,2020-12-30T22:57:30.399Z,buy,1.22e-06,15310.0,0.0186782
IDEX/BTC,1609369050411,2020-12-30T22:57:30.411Z,sell,1.22e-06,907.0,0.00110654
IDEX/BTC,1609369050416,2020-12-30T22:57:30.416Z,sell,1.22e-06,1007.0,0.00122854
IDEX/BTC,1609369050439,2020-12-30T22:57:30.439Z,sell,1.22e-06,907.0,0.00110654
IDEX/BTC,1609369050464,2020-12-30T22:57:30.464Z,sell,1.22e-06,906.0,0.00110532
IDEX/BTC,1609369050489,2020-12-30T22:57:30.489Z,sell,1.22e-06,905.0,0.0011041
IDEX/BTC,1609369050490,2020-12-30T22:57:30.490Z,sell,1.22e-06,416.0,0.00050752
IDEX/BTC,1609369050494,2020-12-30T22:57:30.494Z,sell,1.22e-06,416.0,0.00050752
IDEX/BTC,1609369050510,2020-12-30T22:57:30.510Z,sell,1.22e-06,4046.0,0.00493612
IDEX/BTC,1609369050514,2020-12-30T22:57:30.514Z,sell,1.22e-06,429.0,0.0005233799999999999
IDEX/BTC,1609369050542,2020-12-30T22:57:30.542Z,sell,1.22e-06,1029.0,0.00125538
IDEX/BTC,1609369050552,2020-12-30T22:57:30.552Z,sell,1.22e-06,4196.0,0.00511912
IDEX/BTC,1609369050866,2020-12-30T22:57:30.866Z,buy,1.23e-06,216.0,0.00026568
IDEX/BTC,1609369050945,2020-12-30T22:57:30.945Z,buy,1.23e-06,216.0,0.00026568
IDEX/BTC,1609369053427,2020-12-30T22:57:33.427Z,buy,1.23e-06,98.0,0.00012054000000000001
IDEX/BTC,1609369121154,2020-12-30T22:58:41.154Z,sell,1.22e-06,176.0,0.00021472
IDEX/BTC,1609369121168,2020-12-30T22:58:41.168Z,buy,1.22e-06,543.0,0.00066246
IDEX/BTC,1609369121180,2020-12-30T22:58:41.180Z,buy,1.22e-06,543.0,0.00066246
IDEX/BTC,1609369121192,2020-12-30T22:58:41.192Z,buy,1.22e-06,217.0,0.00026474
IDEX/BTC,1609369121199,2020-12-30T22:58:41.199Z,buy,1.22e-06,217.0,0.00026474
IDEX/BTC,1609369276531,2020-12-30T23:01:16.531Z,buy,1.22e-06,12149.0,0.01482178
IDEX/BTC,1609369429639,2020-12-30T23:03:49.639Z,sell,1.22e-06,6051.0,0.00738222
IDEX/BTC,1609369536508,2020-12-30T23:05:36.508Z,buy,1.22e-06,3949.0,0.00481778
IDEX/BTC,1609369620660,2020-12-30T23:07:00.660Z,sell,1.22e-06,4634.0,0.00565348
IDEX/BTC,1609370368080,2020-12-30T23:19:28.080Z,sell,1.22e-06,174.0,0.00021228
IDEX/BTC,1609370368080,2020-12-30T23:19:28.080Z,sell,1.22e-06,174.0,0.00021228
IDEX/BTC,1609370989231,2020-12-30T23:29:49.231Z,sell,1.22e-06,4758.0,0.00580476
IDEX/BTC,1609370996419,2020-12-30T23:29:56.419Z,sell,1.22e-06,1158.0,0.0014127599999999999
IDEX/BTC,1609371001243,2020-12-30T23:30:01.243Z,sell,1.22e-06,702.0,0.00085644
IDEX/BTC,1609371005933,2020-12-30T23:30:05.933Z,sell,1.22e-06,550.0,0.0006709999999999999
IDEX/BTC,1609371094556,2020-12-30T23:31:34.556Z,sell,1.22e-06,4097.0,0.0049983399999999996
IDEX/BTC,1609371246866,2020-12-30T23:34:06.866Z,sell,1.22e-06,2791.0,0.00340502
IDEX/BTC,1609371246866,2020-12-30T23:34:06.866Z,sell,1.21e-06,1159.0,0.00140239
IDEX/BTC,1609371375228,2020-12-30T23:36:15.228Z,sell,1.22e-06,253.0,0.00030866
IDEX/BTC,1609371594945,2020-12-30T23:39:54.945Z,sell,1.22e-06,3680.0,0.0044896
IDEX/BTC,1609373478481,2020-12-31T00:11:18.481Z,sell,1.22e-06,6950.0,0.008479
IDEX/BTC,1609373478516,2020-12-31T00:11:18.516Z,sell,1.22e-06,3050.0,0.003721
IDEX/BTC,1609373592286,2020-12-31T00:13:12.286Z,sell,1.22e-06,4192.0,0.00511424
IDEX/BTC,1609373721284,2020-12-31T00:15:21.284Z,sell,1.22e-06,2223.0,0.00271206
IDEX/BTC,1609373721368,2020-12-31T00:15:21.368Z,sell,1.22e-06,363.0,0.00044286
IDEX/BTC,1609373728659,2020-12-31T00:15:28.659Z,sell,1.22e-06,2792.0,0.00340624
IDEX/BTC,1609373728678,2020-12-31T00:15:28.678Z,sell,1.22e-06,2726.0,0.00332572
IDEX/BTC,1609373738771,2020-12-31T00:15:38.771Z,sell,1.22e-06,9894.0,0.01207068
IDEX/BTC,1609373738771,2020-12-31T00:15:38.771Z,sell,1.21e-06,9864.0,0.01193544
IDEX/BTC,1609373738771,2020-12-31T00:15:38.771Z,sell,1.22e-06,9894.0,0.01207068
IDEX/BTC,1609373738771,2020-12-31T00:15:38.771Z,sell,1.21e-06,9864.0,0.01193544
IDEX/BTC,1609376507528,2020-12-31T01:01:47.528Z,buy,1.22e-06,3218.0,0.00392596
IDEX/BTC,1609376508618,2020-12-31T01:01:48.618Z,buy,1.22e-06,1422.0,0.0017348399999999999
IDEX/BTC,1609376952232,2020-12-31T01:09:12.232Z,buy,1.22e-06,3218.0,0.00392596
IDEX/BTC,1609376953251,2020-12-31T01:09:13.251Z,buy,1.22e-06,2300.0,0.002806
IDEX/BTC,1609376953251,2020-12-31T01:09:13.251Z,buy,1.22e-06,2300.0,0.002806
IDEX/BTC,1609377994675,2020-12-31T01:26:34.675Z,buy,1.23e-06,17859.0,0.02196657
IDEX/BTC,1609378028119,2020-12-31T01:27:08.119Z,sell,1.23e-06,82.0,0.00010086
IDEX/BTC,1609378413181,2020-12-31T01:33:33.181Z,sell,1.23e-06,1046.0,0.00128658
IDEX/BTC,1609378585830,2020-12-31T01:36:25.830Z,sell,1.23e-06,1412.0,0.0017367600000000002
IDEX/BTC,1609378734499,2020-12-31T01:38:54.499Z,sell,1.23e-06,204.0,0.00025092
IDEX/BTC,1609378756278,2020-12-31T01:39:16.278Z,sell,1.23e-06,2744.0,0.00337512
IDEX/BTC,1609378772697,2020-12-31T01:39:32.697Z,sell,1.23e-06,2744.0,0.00337512
IDEX/BTC,1609378784848,2020-12-31T01:39:44.848Z,sell,1.23e-06,1349.0,0.00165927
IDEX/BTC,1609378799799,2020-12-31T01:39:59.799Z,sell,1.22e-06,63548.0,0.07752856
IDEX/BTC,1609378838897,2020-12-31T01:40:38.897Z,sell,1.22e-06,5822.0,0.00710284
IDEX/BTC,1609378849034,2020-12-31T01:40:49.034Z,sell,1.22e-06,5740.0,0.0070028
IDEX/BTC,1609378859812,2020-12-31T01:40:59.812Z,sell,1.22e-06,5740.0,0.0070028
IDEX/BTC,1609378870231,2020-12-31T01:41:10.231Z,sell,1.22e-06,5740.0,0.0070028
IDEX/BTC,1609378880174,2020-12-31T01:41:20.174Z,sell,1.22e-06,5740.0,0.0070028
IDEX/BTC,1609378889576,2020-12-31T01:41:29.576Z,sell,1.22e-06,5740.0,0.0070028
IDEX/BTC,1609378898169,2020-12-31T01:41:38.169Z,sell,1.22e-06,2484.0,0.00303048
IDEX/BTC,1609380408517,2020-12-31T02:06:48.517Z,sell,1.22e-06,3610.0,0.0044042
IDEX/BTC,1609380517049,2020-12-31T02:08:37.049Z,buy,1.23e-06,98.0,0.00012054000000000001
IDEX/BTC,1609380517049,2020-12-31T02:08:37.049Z,buy,1.23e-06,98.0,0.00012054000000000001
IDEX/BTC,1609380932613,2020-12-31T02:15:32.613Z,buy,1.23e-06,14905.0,0.018333150000000003
IDEX/BTC,1609381293612,2020-12-31T02:21:33.612Z,buy,1.24e-06,7073.0,0.00877052
IDEX/BTC,1609381878319,2020-12-31T02:31:18.319Z,sell,1.23e-06,2759.0,0.0033935700000000003
IDEX/BTC,1609382362646,2020-12-31T02:39:22.646Z,sell,1.23e-06,4511.0,0.00554853
IDEX/BTC,1609382442979,2020-12-31T02:40:42.979Z,buy,1.24e-06,282.0,0.00034968
IDEX/BTC,1609382452965,2020-12-31T02:40:52.965Z,sell,1.23e-06,322.0,0.00039606000000000005
IDEX/BTC,1609382484818,2020-12-31T02:41:24.818Z,buy,1.24e-06,324.0,0.00040176
IDEX/BTC,1609382494737,2020-12-31T02:41:34.737Z,sell,1.23e-06,364.0,0.00044772000000000003
IDEX/BTC,1609383376894,2020-12-31T02:56:16.894Z,sell,1.23e-06,1455.0,0.00178965
IDEX/BTC,1609383376894,2020-12-31T02:56:16.894Z,sell,1.23e-06,1455.0,0.00178965
IDEX/BTC,1609383376894,2020-12-31T02:56:16.894Z,sell,1.23e-06,1455.0,0.00178965
IDEX/BTC,1609383376894,2020-12-31T02:56:16.894Z,sell,1.23e-06,1455.0,0.00178965
IDEX/BTC,1609383376894,2020-12-31T02:56:16.894Z,sell,1.23e-06,1455.0,0.00178965
IDEX/BTC,1609383376894,2020-12-31T02:56:16.894Z,sell,1.23e-06,1455.0,0.00178965
IDEX/BTC,1609383376894,2020-12-31T02:56:16.894Z,sell,1.23e-06,1455.0,0.00178965
IDEX/BTC,1609383376894,2020-12-31T02:56:16.894Z,sell,1.23e-06,1455.0,0.00178965
IDEX/BTC,1609383376903,2020-12-31T02:56:16.903Z,sell,1.23e-06,438.0,0.00053874
IDEX/BTC,1609383376922,2020-12-31T02:56:16.922Z,sell,1.23e-06,733.0,0.0009015900000000001
IDEX/BTC,1609383376926,2020-12-31T02:56:16.926Z,sell,1.23e-06,103.0,0.00012669
IDEX/BTC,1609383542126,2020-12-31T02:59:02.126Z,sell,1.23e-06,977.0,0.0012017100000000001
IDEX/BTC,1609383542132,2020-12-31T02:59:02.132Z,sell,1.23e-06,977.0,0.0012017100000000001
IDEX/BTC,1609383542140,2020-12-31T02:59:02.140Z,sell,1.23e-06,3109.0,0.00382407
IDEX/BTC,1609383542158,2020-12-31T02:59:02.158Z,sell,1.23e-06,2132.0,0.0026223600000000002
IDEX/BTC,1609383542166,2020-12-31T02:59:02.166Z,sell,1.23e-06,1087.0,0.00133701
IDEX/BTC,1609383542169,2020-12-31T02:59:02.169Z,sell,1.23e-06,2022.0,0.00248706
IDEX/BTC,1609383542169,2020-12-31T02:59:02.169Z,sell,1.23e-06,2022.0,0.00248706
IDEX/BTC,1609384167133,2020-12-31T03:09:27.133Z,sell,1.22e-06,118.0,0.00014396
IDEX/BTC,1609384188574,2020-12-31T03:09:48.574Z,sell,1.22e-06,723.0,0.0008820599999999999
IDEX/BTC,1609384391124,2020-12-31T03:13:11.124Z,sell,1.22e-06,19066.0,0.02326052
IDEX/BTC,1609384541837,2020-12-31T03:15:41.837Z,sell,1.22e-06,216.0,0.00026352
IDEX/BTC,1609384541840,2020-12-31T03:15:41.840Z,sell,1.22e-06,19726.0,0.02406572
IDEX/BTC,1609384557467,2020-12-31T03:15:57.467Z,sell,1.22e-06,4821.0,0.00588162
IDEX/BTC,1609384571500,2020-12-31T03:16:11.500Z,sell,1.22e-06,13579.0,0.01656638
IDEX/BTC,1609384618005,2020-12-31T03:16:58.005Z,sell,1.22e-06,8198.0,0.01000156
IDEX/BTC,1609384618042,2020-12-31T03:16:58.042Z,sell,1.22e-06,1010.0,0.0012322
IDEX/BTC,1609384634272,2020-12-31T03:17:14.272Z,sell,1.22e-06,3422.0,0.00417484
IDEX/BTC,1609384634391,2020-12-31T03:17:14.391Z,sell,1.22e-06,1951.0,0.0023802199999999997
IDEX/BTC,1609384684975,2020-12-31T03:18:04.975Z,sell,1.22e-06,15549.0,0.01896978
IDEX/BTC,1609384684986,2020-12-31T03:18:04.986Z,sell,1.21e-06,5601.0,0.0067772100000000005
IDEX/BTC,1609384699444,2020-12-31T03:18:19.444Z,sell,1.22e-06,933.0,0.0011382599999999999
