symbol,timestamp,datetime,side,price,amount,btc_volume
IDEX/BTC,1610730265579,2021-01-15T17:04:25.579Z,buy,9.1e-07,16570.0,0.015078699999999999
IDEX/BTC,1610730643793,2021-01-15T17:10:43.793Z,buy,9.1e-07,1605.0,0.00146055
IDEX/BTC,1610730763454,2021-01-15T17:12:43.454Z,buy,9.1e-07,1081.0,0.00098371
IDEX/BTC,1610730763756,2021-01-15T17:12:43.756Z,buy,9.1e-07,540.0,0.0004914
IDEX/BTC,1610731043282,2021-01-15T17:17:23.282Z,buy,9.1e-07,6187.0,0.0056301699999999994
IDEX/BTC,1610731733633,2021-01-15T17:28:53.633Z,buy,9.1e-07,3081.0,0.00280371
IDEX/BTC,1610731743476,2021-01-15T17:29:03.476Z,sell,9e-07,143.0,0.00012869999999999998
IDEX/BTC,1610731777755,2021-01-15T17:29:37.755Z,sell,9e-07,692.0,0.0006228
IDEX/BTC,1610731785605,2021-01-15T17:29:45.605Z,sell,9e-07,253.0,0.00022769999999999998
IDEX/BTC,1610732648615,2021-01-15T17:44:08.615Z,buy,9.1e-07,6210.0,0.0056511
IDEX/BTC,1610732811720,2021-01-15T17:46:51.720Z,buy,9.2e-07,43582.0,0.040095439999999996
IDEX/BTC,1610732812746,2021-01-15T17:46:52.746Z,buy,9.3e-07,2925.0,0.00272025
IDEX/BTC,1610732886298,2021-01-15T17:48:06.298Z,buy,9.3e-07,11624.0,0.01081032
IDEX/BTC,1610732893528,2021-01-15T17:48:13.528Z,buy,9.3e-07,1913.0,0.0017790899999999999
IDEX/BTC,1610732932452,2021-01-15T17:48:52.452Z,sell,9.3e-07,295.0,0.00027435
IDEX/BTC,1610732933455,2021-01-15T17:48:53.455Z,sell,9.3e-07,279.0,0.00025947
IDEX/BTC,1610732934480,2021-01-15T17:48:54.480Z,sell,9.3e-07,279.0,0.00025947
IDEX/BTC,1610732944903,2021-01-15T17:49:04.903Z,sell,9.3e-07,1255.0,0.00116715
IDEX/BTC,1610732947087,2021-01-15T17:49:07.087Z,sell,9.3e-07,1950.0,0.0018135
IDEX/BTC,1610732961840,2021-01-15T17:49:21.840Z,sell,9.3e-07,912.0,0.00084816
IDEX/BTC,1610733087331,2021-01-15T17:51:27.331Z,buy,9.3e-07,1165.0,0.00108345
IDEX/BTC,1610733558950,2021-01-15T17:59:18.950Z,sell,9.2e-07,3607.0,0.0033184399999999998
IDEX/BTC,1610733558950,2021-01-15T17:59:18.950Z,sell,9.2e-07,3607.0,0.0033184399999999998
IDEX/BTC,1610733620447,2021-01-15T18:00:20.447Z,sell,9.2e-07,7339.0,0.00675188
IDEX/BTC,1610733620447,2021-01-15T18:00:20.447Z,sell,9.1e-07,1221.0,0.00111111
IDEX/BTC,1610733909146,2021-01-15T18:05:09.146Z,sell,9.1e-07,528.0,0.00048048
IDEX/BTC,1610734143974,2021-01-15T18:09:03.974Z,buy,9.3e-07,467.0,0.00043431
IDEX/BTC,1610734150140,2021-01-15T18:09:10.140Z,buy,9.3e-07,13000.0,0.01209
IDEX/BTC,1610734239435,2021-01-15T18:10:39.435Z,sell,9.1e-07,4536.0,0.00412776
IDEX/BTC,1610734822849,2021-01-15T18:20:22.849Z,sell,9.1e-07,2400.0,0.0021839999999999997
IDEX/BTC,1610735108003,2021-01-15T18:25:08.003Z,sell,9.1e-07,2549.0,0.00231959
IDEX/BTC,1610735123679,2021-01-15T18:25:23.679Z,sell,9.1e-07,1460.0,0.0013285999999999999
IDEX/BTC,1610735123679,2021-01-15T18:25:23.679Z,sell,9.1e-07,3055.0,0.00278005
IDEX/BTC,1610735216591,2021-01-15T18:26:56.591Z,sell,9e-07,30661.0,0.0275949
IDEX/BTC,1610735216842,2021-01-15T18:26:56.842Z,buy,9.1e-07,6301.0,0.00573391
IDEX/BTC,1610736125394,2021-01-15T18:42:05.394Z,buy,9.1e-07,2070.0,0.0018836999999999999
IDEX/BTC,1610736246062,2021-01-15T18:44:06.062Z,sell,9e-07,1855.0,0.0016695
IDEX/BTC,1610736316733,2021-01-15T18:45:16.733Z,buy,9.1e-07,2301.0,0.00209391
IDEX/BTC,1610736368093,2021-01-15T18:46:08.093Z,buy,9.1e-07,654.0,0.00059514
IDEX/BTC,1610736368209,2021-01-15T18:46:08.209Z,buy,9.1e-07,347.0,0.00031577
IDEX/BTC,1610736368216,2021-01-15T18:46:08.216Z,buy,9.1e-07,347.0,0.00031577
IDEX/BTC,1610736368369,2021-01-15T18:46:08.369Z,buy,9.1e-07,347.0,0.00031577
IDEX/BTC,1610736552918,2021-01-15T18:49:12.918Z,buy,9.1e-07,629.0,0.00057239
IDEX/BTC,1610736552936,2021-01-15T18:49:12.936Z,buy,9.1e-07,628.0,0.00057148
IDEX/BTC,1610736584436,2021-01-15T18:49:44.436Z,buy,9.1e-07,522.0,0.00047502
IDEX/BTC,1610736584436,2021-01-15T18:49:44.436Z,buy,9.1e-07,522.0,0.00047502
IDEX/BTC,1610737267245,2021-01-15T19:01:07.245Z,sell,9e-07,4035.0,0.0036314999999999997
IDEX/BTC,1610737389539,2021-01-15T19:03:09.539Z,sell,9e-07,5977.0,0.0053793
IDEX/BTC,1610737514378,2021-01-15T19:05:14.378Z,buy,9e-07,2488.0,0.0022392
IDEX/BTC,1610737533615,2021-01-15T19:05:33.615Z,buy,9e-07,748.0,0.0006732
IDEX/BTC,1610737533630,2021-01-15T19:05:33.630Z,buy,9e-07,605.0,0.0005445
IDEX/BTC,1610737610799,2021-01-15T19:06:50.799Z,buy,9e-07,628.0,0.0005652
IDEX/BTC,1610737610809,2021-01-15T19:06:50.809Z,buy,9e-07,646.0,0.0005813999999999999
IDEX/BTC,1610737611876,2021-01-15T19:06:51.876Z,buy,9e-07,2593.0,0.0023336999999999998
IDEX/BTC,1610737656432,2021-01-15T19:07:36.432Z,buy,9e-07,329.0,0.0002961
IDEX/BTC,1610737656433,2021-01-15T19:07:36.433Z,buy,9e-07,331.0,0.0002979
IDEX/BTC,1610737658306,2021-01-15T19:07:38.306Z,buy,9e-07,4974.0,0.0044766
IDEX/BTC,1610737839757,2021-01-15T19:10:39.757Z,sell,9e-07,583.0,0.0005247
IDEX/BTC,1610737839901,2021-01-15T19:10:39.901Z,sell,9e-07,747.0,0.0006722999999999999
IDEX/BTC,1610737840061,2021-01-15T19:10:40.061Z,sell,9e-07,747.0,0.0006722999999999999
IDEX/BTC,1610737840075,2021-01-15T19:10:40.075Z,sell,9e-07,748.0,0.0006732
IDEX/BTC,1610737840091,2021-01-15T19:10:40.091Z,sell,9e-07,583.0,0.0005247
IDEX/BTC,1610737840102,2021-01-15T19:10:40.102Z,sell,9e-07,583.0,0.0005247
IDEX/BTC,1610737840566,2021-01-15T19:10:40.566Z,sell,9e-07,347.0,0.0003123
IDEX/BTC,1610737857490,2021-01-15T19:10:57.490Z,sell,9e-07,1257.0,0.0011313
IDEX/BTC,1610737988059,2021-01-15T19:13:08.059Z,buy,9e-07,7531.0,0.0067779
IDEX/BTC,1610738157802,2021-01-15T19:15:57.802Z,buy,9e-07,5818.0,0.0052362
IDEX/BTC,1610738347590,2021-01-15T19:19:07.590Z,buy,9e-07,8739.0,0.0078651
IDEX/BTC,1610738397182,2021-01-15T19:19:57.182Z,buy,9e-07,7586.0,0.0068274
IDEX/BTC,1610738397209,2021-01-15T19:19:57.209Z,buy,9e-07,598.0,0.0005382
IDEX/BTC,1610738397468,2021-01-15T19:19:57.468Z,buy,9e-07,747.0,0.0006722999999999999
IDEX/BTC,1610738397477,2021-01-15T19:19:57.477Z,buy,9e-07,177.0,0.0001593
IDEX/BTC,1610738442806,2021-01-15T19:20:42.806Z,buy,9e-07,5320.0,0.004788
IDEX/BTC,1610738522826,2021-01-15T19:22:02.826Z,buy,9e-07,10000.0,0.009
IDEX/BTC,1610738658792,2021-01-15T19:24:18.792Z,buy,9e-07,27.0,2.4299999999999998e-05
IDEX/BTC,1610738838022,2021-01-15T19:27:18.022Z,sell,9e-07,5502.0,0.0049518
IDEX/BTC,1610739200276,2021-01-15T19:33:20.276Z,buy,9e-07,1255.0,0.0011294999999999999
IDEX/BTC,1610739201854,2021-01-15T19:33:21.854Z,buy,9e-07,1550.0,0.001395
IDEX/BTC,1610739336186,2021-01-15T19:35:36.186Z,buy,9e-07,14000.0,0.0126
IDEX/BTC,1610739397810,2021-01-15T19:36:37.810Z,buy,9e-07,153.0,0.00013769999999999999
IDEX/BTC,1610739646704,2021-01-15T19:40:46.704Z,sell,9e-07,387.0,0.0003483
IDEX/BTC,1610739646715,2021-01-15T19:40:46.715Z,buy,9e-07,389.0,0.0003501
IDEX/BTC,1610739646717,2021-01-15T19:40:46.717Z,buy,9e-07,387.0,0.0003483
IDEX/BTC,1610739647090,2021-01-15T19:40:47.090Z,buy,9e-07,2105.0,0.0018945
IDEX/BTC,1610739647093,2021-01-15T19:40:47.093Z,buy,9e-07,2114.0,0.0019026
IDEX/BTC,1610739761602,2021-01-15T19:42:41.602Z,sell,8.9e-07,192.0,0.00017088
IDEX/BTC,1610739855848,2021-01-15T19:44:15.848Z,buy,9e-07,398.0,0.0003582
IDEX/BTC,1610739895010,2021-01-15T19:44:55.010Z,buy,9e-07,4544.0,0.0040896
IDEX/BTC,1610739930212,2021-01-15T19:45:30.212Z,buy,9e-07,563.0,0.0005067
IDEX/BTC,1610739930212,2021-01-15T19:45:30.212Z,buy,9e-07,563.0,0.0005067
IDEX/BTC,1610740231474,2021-01-15T19:50:31.474Z,buy,9e-07,18512.0,0.0166608
IDEX/BTC,1610740293797,2021-01-15T19:51:33.797Z,buy,9e-07,3525.0,0.0031725
IDEX/BTC,1610740395305,2021-01-15T19:53:15.305Z,buy,9e-07,393.0,0.0003537
IDEX/BTC,1610740684697,2021-01-15T19:58:04.697Z,buy,9e-07,669.0,0.0006020999999999999
IDEX/BTC,1610740684860,2021-01-15T19:58:04.860Z,buy,9e-07,670.0,0.000603
IDEX/BTC,1610740685017,2021-01-15T19:58:05.017Z,buy,9e-07,7089.0,0.0063801
IDEX/BTC,1610740685296,2021-01-15T19:58:05.296Z,buy,9e-07,5718.0,0.0051462
IDEX/BTC,1610740685365,2021-01-15T19:58:05.365Z,buy,9e-07,177.0,0.0001593
IDEX/BTC,1610740761238,2021-01-15T19:59:21.238Z,buy,9e-07,563.0,0.0005067
IDEX/BTC,1610741794375,2021-01-15T20:16:34.375Z,buy,9.1e-07,593.0,0.00053963
IDEX/BTC,1610741823177,2021-01-15T20:17:03.177Z,buy,9.1e-07,18429.0,0.01677039
IDEX/BTC,1610742003622,2021-01-15T20:20:03.622Z,buy,9.1e-07,837.0,0.00076167
IDEX/BTC,1610742222067,2021-01-15T20:23:42.067Z,buy,9.1e-07,4738.0,0.00431158
IDEX/BTC,1610742507939,2021-01-15T20:28:27.939Z,buy,9.1e-07,7600.0,0.006915999999999999
IDEX/BTC,1610742570365,2021-01-15T20:29:30.365Z,sell,9e-07,32926.0,0.029633399999999997
IDEX/BTC,1610742974756,2021-01-15T20:36:14.756Z,buy,9.1e-07,9510.0,0.0086541
IDEX/BTC,1610742974756,2021-01-15T20:36:14.756Z,buy,9.1e-07,4496.0,0.00409136
IDEX/BTC,1610743011861,2021-01-15T20:36:51.861Z,buy,9.2e-07,37102.0,0.03413384
IDEX/BTC,1610743011861,2021-01-15T20:36:51.861Z,buy,9.3e-07,45060.0,0.0419058
IDEX/BTC,1610743027333,2021-01-15T20:37:07.333Z,buy,9.3e-07,16929.0,0.01574397
IDEX/BTC,1610743073095,2021-01-15T20:37:53.095Z,sell,9.2e-07,1027.0,0.00094484
IDEX/BTC,1610743077524,2021-01-15T20:37:57.524Z,buy,9.3e-07,38984.0,0.03625512
IDEX/BTC,1610743091423,2021-01-15T20:38:11.423Z,sell,9.2e-07,5518.0,0.00507656
IDEX/BTC,1610743121415,2021-01-15T20:38:41.415Z,sell,9.2e-07,13171.0,0.01211732
IDEX/BTC,1610743352420,2021-01-15T20:42:32.420Z,buy,9.3e-07,24909.0,0.02316537
IDEX/BTC,1610743352453,2021-01-15T20:42:32.453Z,sell,9.3e-07,3719.0,0.00345867
IDEX/BTC,1610743352454,2021-01-15T20:42:32.454Z,sell,9.3e-07,3754.0,0.00349122
IDEX/BTC,1610743352493,2021-01-15T20:42:32.493Z,sell,9.3e-07,9379.0,0.00872247
IDEX/BTC,1610743352613,2021-01-15T20:42:32.613Z,sell,9.3e-07,350.0,0.0003255
IDEX/BTC,1610743352638,2021-01-15T20:42:32.638Z,sell,9.3e-07,1671.0,0.00155403
IDEX/BTC,1610743352678,2021-01-15T20:42:32.678Z,sell,9.3e-07,167.0,0.00015531
IDEX/BTC,1610743372311,2021-01-15T20:42:52.311Z,sell,9.3e-07,616.0,0.00057288
IDEX/BTC,1610743374839,2021-01-15T20:42:54.839Z,sell,9.3e-07,1255.0,0.00116715
IDEX/BTC,1610743388844,2021-01-15T20:43:08.844Z,sell,9.3e-07,1874.0,0.00174282
IDEX/BTC,1610743388881,2021-01-15T20:43:08.881Z,sell,9.3e-07,1313.0,0.00122109
IDEX/BTC,1610743391001,2021-01-15T20:43:11.001Z,sell,9.3e-07,380.0,0.00035339999999999997
IDEX/BTC,1610743391028,2021-01-15T20:43:11.028Z,sell,9.2e-07,380.0,0.0003496
IDEX/BTC,1610743391028,2021-01-15T20:43:11.028Z,sell,9.2e-07,380.0,0.0003496
IDEX/BTC,1610743652180,2021-01-15T20:47:32.180Z,sell,9.2e-07,18648.0,0.01715616
IDEX/BTC,1610743759065,2021-01-15T20:49:19.065Z,buy,9.3e-07,15770.0,0.0146661
IDEX/BTC,1610743759072,2021-01-15T20:49:19.072Z,sell,9.3e-07,1825.0,0.00169725
IDEX/BTC,1610743759080,2021-01-15T20:49:19.080Z,sell,9.3e-07,608.0,0.00056544
IDEX/BTC,1610743771463,2021-01-15T20:49:31.463Z,sell,9.3e-07,1528.0,0.00142104
IDEX/BTC,1610743790744,2021-01-15T20:49:50.744Z,sell,9.3e-07,388.0,0.00036084
IDEX/BTC,1610743928199,2021-01-15T20:52:08.199Z,sell,9.3e-07,109.0,0.00010137
IDEX/BTC,1610743975489,2021-01-15T20:52:55.489Z,buy,9.4e-07,3053.0,0.00286982
IDEX/BTC,1610743986042,2021-01-15T20:53:06.042Z,sell,9.3e-07,1813.0,0.00168609
IDEX/BTC,1610743986047,2021-01-15T20:53:06.047Z,sell,9.3e-07,586.0,0.00054498
IDEX/BTC,1610743990343,2021-01-15T20:53:10.343Z,sell,9.3e-07,388.0,0.00036084
IDEX/BTC,1610744007784,2021-01-15T20:53:27.784Z,sell,9.3e-07,1116.0,0.00103788
IDEX/BTC,1610744746089,2021-01-15T21:05:46.089Z,sell,9.3e-07,7230.0,0.0067239
IDEX/BTC,1610744763131,2021-01-15T21:06:03.131Z,sell,9.2e-07,68678.0,0.06318376
IDEX/BTC,1610744795757,2021-01-15T21:06:35.757Z,sell,9.3e-07,3451.0,0.00320943
IDEX/BTC,1610744882360,2021-01-15T21:08:02.360Z,sell,9.2e-07,920.0,0.0008464
IDEX/BTC,1610745286987,2021-01-15T21:14:46.987Z,sell,9.2e-07,62409.0,0.05741628
IDEX/BTC,1610745306043,2021-01-15T21:15:06.043Z,sell,9.2e-07,4361.0,0.00401212
IDEX/BTC,1610745332840,2021-01-15T21:15:32.840Z,sell,9.2e-07,264.0,0.00024288
IDEX/BTC,1610745524707,2021-01-15T21:18:44.707Z,buy,9.3e-07,1156.0,0.00107508
IDEX/BTC,1610745750817,2021-01-15T21:22:30.817Z,buy,9.3e-07,2001.0,0.00186093
IDEX/BTC,1610746337564,2021-01-15T21:32:17.564Z,sell,9.2e-07,3376.0,0.00310592
IDEX/BTC,1610746840547,2021-01-15T21:40:40.547Z,buy,9.2e-07,14104.0,0.01297568
IDEX/BTC,1610746859954,2021-01-15T21:40:59.954Z,sell,9.1e-07,4758.0,0.00432978
IDEX/BTC,1610746859954,2021-01-15T21:40:59.954Z,sell,9.1e-07,4758.0,0.00432978
IDEX/BTC,1610747028068,2021-01-15T21:43:48.068Z,buy,9.2e-07,5182.0,0.0047674399999999995
IDEX/BTC,1610747153996,2021-01-15T21:45:53.996Z,buy,9.2e-07,6335.0,0.0058281999999999995
IDEX/BTC,1610747154005,2021-01-15T21:45:54.005Z,sell,9.2e-07,330.0,0.0003036
IDEX/BTC,1610747154005,2021-01-15T21:45:54.005Z,sell,9.2e-07,586.0,0.00053912
IDEX/BTC,1610747172003,2021-01-15T21:46:12.003Z,sell,9.2e-07,449.0,0.00041307999999999997
IDEX/BTC,1610747192698,2021-01-15T21:46:32.698Z,sell,9.2e-07,200.0,0.000184
IDEX/BTC,1610747212408,2021-01-15T21:46:52.408Z,sell,9.1e-07,17204.0,0.01565564
IDEX/BTC,1610747376006,2021-01-15T21:49:36.006Z,buy,9.2e-07,5558.0,0.00511336
IDEX/BTC,1610748292606,2021-01-15T22:04:52.606Z,buy,9.3e-07,22297.0,0.02073621
IDEX/BTC,1610748292611,2021-01-15T22:04:52.611Z,sell,9.3e-07,11178.0,0.01039554
IDEX/BTC,1610748292614,2021-01-15T22:04:52.614Z,sell,9.3e-07,388.0,0.00036084
IDEX/BTC,1610748292619,2021-01-15T22:04:52.619Z,sell,9.3e-07,388.0,0.00036084
IDEX/BTC,1610748292641,2021-01-15T22:04:52.641Z,sell,9.3e-07,386.0,0.00035898
IDEX/BTC,1610748292641,2021-01-15T22:04:52.641Z,sell,9.3e-07,385.0,0.00035805
IDEX/BTC,1610748340216,2021-01-15T22:05:40.216Z,buy,9.3e-07,3642.0,0.00338706
IDEX/BTC,1610748368133,2021-01-15T22:06:08.133Z,sell,9.3e-07,109.0,0.00010137
IDEX/BTC,1610748400316,2021-01-15T22:06:40.316Z,sell,9.3e-07,1800.0,0.001674
IDEX/BTC,1610748472046,2021-01-15T22:07:52.046Z,buy,9.4e-07,1214.0,0.00114116
IDEX/BTC,1610748680750,2021-01-15T22:11:20.750Z,buy,9.3e-07,5621.0,0.00522753
IDEX/BTC,1610748680750,2021-01-15T22:11:20.750Z,sell,9.2e-07,411.0,0.00037812
IDEX/BTC,1610748685909,2021-01-15T22:11:25.909Z,sell,9.2e-07,15441.0,0.01420572
IDEX/BTC,1610748685909,2021-01-15T22:11:25.909Z,sell,9.1e-07,1129.0,0.00102739
IDEX/BTC,1610748705563,2021-01-15T22:11:45.563Z,sell,9.1e-07,16574.0,0.01508234
IDEX/BTC,1610748717023,2021-01-15T22:11:57.023Z,sell,9.1e-07,19042.0,0.01732822
IDEX/BTC,1610748839327,2021-01-15T22:13:59.327Z,sell,9.2e-07,6673.0,0.00613916
IDEX/BTC,1610748950798,2021-01-15T22:15:50.798Z,buy,9.2e-07,902.0,0.00082984
IDEX/BTC,1610749001779,2021-01-15T22:16:41.779Z,buy,9.2e-07,6923.0,0.00636916
IDEX/BTC,1610749713738,2021-01-15T22:28:33.738Z,buy,9.2e-07,2511.0,0.00231012
IDEX/BTC,1610749713739,2021-01-15T22:28:33.739Z,buy,9.2e-07,1606.0,0.00147752
IDEX/BTC,1610749832517,2021-01-15T22:30:32.517Z,sell,9.1e-07,777.0,0.00070707
IDEX/BTC,1610749832521,2021-01-15T22:30:32.521Z,sell,9.1e-07,1553.0,0.00141323
IDEX/BTC,1610749989166,2021-01-15T22:33:09.166Z,buy,9.2e-07,11628.0,0.01069776
IDEX/BTC,1610750225001,2021-01-15T22:37:05.001Z,sell,9.2e-07,3875.0,0.003565
IDEX/BTC,1610750225001,2021-01-15T22:37:05.001Z,sell,9.2e-07,3875.0,0.003565
IDEX/BTC,1610750475169,2021-01-15T22:41:15.169Z,sell,9.2e-07,3826.0,0.0035199199999999997
IDEX/BTC,1610750603642,2021-01-15T22:43:23.642Z,buy,9.3e-07,17913.0,0.01665909
IDEX/BTC,1610750603642,2021-01-15T22:43:23.642Z,buy,9.4e-07,48259.0,0.04536346
IDEX/BTC,1610750606215,2021-01-15T22:43:26.215Z,sell,9.3e-07,5276.0,0.00490668
IDEX/BTC,1610750609119,2021-01-15T22:43:29.119Z,buy,9.3e-07,379.0,0.00035247
IDEX/BTC,1610750609119,2021-01-15T22:43:29.119Z,buy,9.4e-07,13185.0,0.0123939
IDEX/BTC,1610750612785,2021-01-15T22:43:32.785Z,buy,9.4e-07,411.0,0.00038634
IDEX/BTC,1610750722833,2021-01-15T22:45:22.833Z,sell,9.3e-07,500.0,0.00046499999999999997
IDEX/BTC,1610750722833,2021-01-15T22:45:22.833Z,sell,9.2e-07,4365.0,0.0040158
IDEX/BTC,1610750805119,2021-01-15T22:46:45.119Z,sell,9.3e-07,5973.0,0.00555489
IDEX/BTC,1610750836504,2021-01-15T22:47:16.504Z,sell,9.2e-07,4798.0,0.00441416
IDEX/BTC,1610750990613,2021-01-15T22:49:50.613Z,buy,9.3e-07,5194.0,0.00483042
IDEX/BTC,1610751558223,2021-01-15T22:59:18.223Z,buy,9.3e-07,3049.0,0.00283557
IDEX/BTC,1610752251850,2021-01-15T23:10:51.850Z,buy,9.3e-07,378.0,0.00035154
IDEX/BTC,1610752251857,2021-01-15T23:10:51.857Z,buy,9.3e-07,378.0,0.00035154
IDEX/BTC,1610752509028,2021-01-15T23:15:09.028Z,sell,9.2e-07,33455.0,0.0307786
IDEX/BTC,1610752699154,2021-01-15T23:18:19.154Z,buy,9.3e-07,497.0,0.00046221
IDEX/BTC,1610752719903,2021-01-15T23:18:39.903Z,sell,9.2e-07,3504.0,0.00322368
IDEX/BTC,1610752969379,2021-01-15T23:22:49.379Z,sell,9.2e-07,8825.0,0.008119
IDEX/BTC,1610753119179,2021-01-15T23:25:19.179Z,sell,9.2e-07,5098.0,0.00469016
IDEX/BTC,1610753153179,2021-01-15T23:25:53.179Z,buy,9.2e-07,10314.0,0.00948888
IDEX/BTC,1610753366768,2021-01-15T23:29:26.768Z,sell,9.2e-07,5676.0,0.00522192
IDEX/BTC,1610753495151,2021-01-15T23:31:35.151Z,sell,9.2e-07,3049.0,0.0028050799999999997
IDEX/BTC,1610753495151,2021-01-15T23:31:35.151Z,sell,9.2e-07,3049.0,0.0028050799999999997
IDEX/BTC,1610754053577,2021-01-15T23:40:53.577Z,sell,9.2e-07,1459.0,0.00134228
IDEX/BTC,1610754053577,2021-01-15T23:40:53.577Z,sell,9.2e-07,2818.0,0.00259256
IDEX/BTC,1610754053578,2021-01-15T23:40:53.578Z,sell,9.2e-07,1415.0,0.0013017999999999999
IDEX/BTC,1610754228835,2021-01-15T23:43:48.835Z,buy,9.3e-07,413.0,0.00038409
IDEX/BTC,1610754229319,2021-01-15T23:43:49.319Z,buy,9.3e-07,402.0,0.00037386
IDEX/BTC,1610754230264,2021-01-15T23:43:50.264Z,buy,9.3e-07,397.0,0.00036920999999999997
IDEX/BTC,1610754292308,2021-01-15T23:44:52.308Z,buy,9.3e-07,342.0,0.00031806
IDEX/BTC,1610754293221,2021-01-15T23:44:53.221Z,buy,9.3e-07,386.0,0.00035898
IDEX/BTC,1610754293716,2021-01-15T23:44:53.716Z,buy,9.3e-07,404.0,0.00037572
IDEX/BTC,1610754294621,2021-01-15T23:44:54.621Z,buy,9.3e-07,419.0,0.00038967
IDEX/BTC,1610754295110,2021-01-15T23:44:55.110Z,buy,9.3e-07,411.0,0.00038223
IDEX/BTC,1610754295602,2021-01-15T23:44:55.602Z,buy,9.3e-07,409.0,0.00038037
IDEX/BTC,1610754296105,2021-01-15T23:44:56.105Z,buy,9.3e-07,383.0,0.00035619
IDEX/BTC,1610754296595,2021-01-15T23:44:56.595Z,buy,9.3e-07,391.0,0.00036363
IDEX/BTC,1610754308307,2021-01-15T23:45:08.307Z,buy,9.3e-07,346.0,0.00032177999999999997
IDEX/BTC,1610754349123,2021-01-15T23:45:49.123Z,buy,9.3e-07,387.0,0.00035991
IDEX/BTC,1610754349609,2021-01-15T23:45:49.609Z,buy,9.3e-07,381.0,0.00035433
IDEX/BTC,1610754350094,2021-01-15T23:45:50.094Z,buy,9.3e-07,364.0,0.00033852
IDEX/BTC,1610754367471,2021-01-15T23:46:07.471Z,buy,9.3e-07,383.0,0.00035619
IDEX/BTC,1610754367960,2021-01-15T23:46:07.960Z,buy,9.3e-07,360.0,0.0003348
IDEX/BTC,1610754368448,2021-01-15T23:46:08.448Z,buy,9.3e-07,419.0,0.00038967
IDEX/BTC,1610754370388,2021-01-15T23:46:10.388Z,buy,9.3e-07,405.0,0.00037665
IDEX/BTC,1610754370876,2021-01-15T23:46:10.876Z,buy,9.3e-07,417.0,0.00038781
IDEX/BTC,1610754371581,2021-01-15T23:46:11.581Z,buy,9.3e-07,397.0,0.00036920999999999997
IDEX/BTC,1610754372069,2021-01-15T23:46:12.069Z,buy,9.3e-07,396.0,0.00036828
IDEX/BTC,1610754372560,2021-01-15T23:46:12.560Z,buy,9.3e-07,393.0,0.00036549
IDEX/BTC,1610754397226,2021-01-15T23:46:37.226Z,buy,9.3e-07,411.0,0.00038223
IDEX/BTC,1610754397720,2021-01-15T23:46:37.720Z,buy,9.3e-07,406.0,0.00037758
IDEX/BTC,1610754398208,2021-01-15T23:46:38.208Z,buy,9.3e-07,380.0,0.00035339999999999997
IDEX/BTC,1610754398692,2021-01-15T23:46:38.692Z,buy,9.3e-07,398.0,0.00037014
IDEX/BTC,1610754399175,2021-01-15T23:46:39.175Z,buy,9.3e-07,403.0,0.00037479
IDEX/BTC,1610754399665,2021-01-15T23:46:39.665Z,buy,9.3e-07,426.0,0.00039618
IDEX/BTC,1610754400160,2021-01-15T23:46:40.160Z,buy,9.3e-07,366.0,0.00034038
IDEX/BTC,1610754400836,2021-01-15T23:46:40.836Z,buy,9.3e-07,385.0,0.00035805
IDEX/BTC,1610754401320,2021-01-15T23:46:41.320Z,buy,9.3e-07,391.0,0.00036363
IDEX/BTC,1610754401812,2021-01-15T23:46:41.812Z,buy,9.3e-07,360.0,0.0003348
IDEX/BTC,1610754402314,2021-01-15T23:46:42.314Z,buy,9.3e-07,242.0,0.00022506
IDEX/BTC,1610754410140,2021-01-15T23:46:50.140Z,buy,9.3e-07,421.0,0.00039153
IDEX/BTC,1610754410629,2021-01-15T23:46:50.629Z,buy,9.3e-07,411.0,0.00038223
IDEX/BTC,1610754559848,2021-01-15T23:49:19.848Z,buy,9.3e-07,298.0,0.00027714
IDEX/BTC,1610754672708,2021-01-15T23:51:12.708Z,buy,9.3e-07,404.0,0.00037572
IDEX/BTC,1610754673212,2021-01-15T23:51:13.212Z,buy,9.3e-07,283.0,0.00026319
IDEX/BTC,1610754673709,2021-01-15T23:51:13.709Z,buy,9.3e-07,226.0,0.00021018
IDEX/BTC,1610754674195,2021-01-15T23:51:14.195Z,buy,9.3e-07,278.0,0.00025854
IDEX/BTC,1610754674686,2021-01-15T23:51:14.686Z,buy,9.3e-07,289.0,0.00026877
IDEX/BTC,1610754675171,2021-01-15T23:51:15.171Z,buy,9.3e-07,240.0,0.0002232
IDEX/BTC,1610754775249,2021-01-15T23:52:55.249Z,sell,9.2e-07,22101.0,0.02033292
IDEX/BTC,1610754791969,2021-01-15T23:53:11.969Z,sell,9.2e-07,109.0,0.00010028
IDEX/BTC,1610754799922,2021-01-15T23:53:19.922Z,sell,9.2e-07,1278.0,0.0011757599999999999
IDEX/BTC,1610754841714,2021-01-15T23:54:01.714Z,sell,9.2e-07,5537.0,0.00509404
IDEX/BTC,1610754841714,2021-01-15T23:54:01.714Z,sell,9.1e-07,42041.0,0.038257309999999996
IDEX/BTC,1610755009078,2021-01-15T23:56:49.078Z,buy,9.2e-07,588.0,0.0005409599999999999
IDEX/BTC,1610755064793,2021-01-15T23:57:44.793Z,buy,9.2e-07,28156.0,0.02590352
IDEX/BTC,1610755064793,2021-01-15T23:57:44.793Z,buy,9.2e-07,11250.0,0.01035
IDEX/BTC,1610755064833,2021-01-15T23:57:44.833Z,sell,9.1e-07,3099.0,0.00282009
IDEX/BTC,1610755084088,2021-01-15T23:58:04.088Z,sell,9.2e-07,5041.0,0.00463772
IDEX/BTC,1610755210459,2021-01-16T00:00:10.459Z,sell,9.2e-07,1502.0,0.00138184
IDEX/BTC,1610755331761,2021-01-16T00:02:11.761Z,buy,9.2e-07,5813.0,0.00534796
IDEX/BTC,1610755520885,2021-01-16T00:05:20.885Z,sell,9.1e-07,389.0,0.00035399
IDEX/BTC,1610755823864,2021-01-16T00:10:23.864Z,sell,9.1e-07,2074.0,0.00188734
IDEX/BTC,1610756042836,2021-01-16T00:14:02.836Z,buy,9.2e-07,3173.0,0.00291916
IDEX/BTC,1610756476665,2021-01-16T00:21:16.665Z,buy,9.2e-07,109.0,0.00010028
IDEX/BTC,1610756478428,2021-01-16T00:21:18.428Z,buy,9.2e-07,692.0,0.00063664
IDEX/BTC,1610756505167,2021-01-16T00:21:45.167Z,buy,9.2e-07,375.0,0.000345
IDEX/BTC,1610756523294,2021-01-16T00:22:03.294Z,buy,9.2e-07,698.0,0.00064216
IDEX/BTC,1610756880249,2021-01-16T00:28:00.249Z,buy,9.2e-07,30157.0,0.02774444
IDEX/BTC,1610756961926,2021-01-16T00:29:21.926Z,sell,9.1e-07,338.0,0.00030758
IDEX/BTC,1610757021934,2021-01-16T00:30:21.934Z,buy,9.2e-07,28805.0,0.0265006
IDEX/BTC,1610757021934,2021-01-16T00:30:21.934Z,buy,9.2e-07,28805.0,0.0265006
IDEX/BTC,1610757347658,2021-01-16T00:35:47.658Z,sell,9.1e-07,28120.0,0.0255892
IDEX/BTC,1610758561449,2021-01-16T00:56:01.449Z,sell,9.1e-07,1131.0,0.00102921
IDEX/BTC,1610758899839,2021-01-16T01:01:39.839Z,sell,9.1e-07,3169.0,0.00288379
IDEX/BTC,1610759095276,2021-01-16T01:04:55.276Z,buy,9.2e-07,837.0,0.0007700399999999999
IDEX/BTC,1610760022927,2021-01-16T01:20:22.927Z,buy,9.2e-07,5768.0,0.00530656
IDEX/BTC,1610760022927,2021-01-16T01:20:22.927Z,buy,9.2e-07,5768.0,0.00530656
IDEX/BTC,1610760672110,2021-01-16T01:31:12.110Z,buy,9.2e-07,32955.0,0.030318599999999998
IDEX/BTC,1610760672110,2021-01-16T01:31:12.110Z,buy,9.2e-07,13599.0,0.012511079999999999
IDEX/BTC,1610760672110,2021-01-16T01:31:12.110Z,buy,9.3e-07,19356.0,0.01800108
IDEX/BTC,1610760672110,2021-01-16T01:31:12.110Z,buy,9.3e-07,1.0,9.3e-07
IDEX/BTC,1610760905100,2021-01-16T01:35:05.100Z,buy,9.3e-07,579.0,0.00053847
IDEX/BTC,1610760905324,2021-01-16T01:35:05.324Z,buy,9.3e-07,579.0,0.00053847
IDEX/BTC,1610760905405,2021-01-16T01:35:05.405Z,buy,9.3e-07,579.0,0.00053847
IDEX/BTC,1610760912268,2021-01-16T01:35:12.268Z,buy,9.3e-07,579.0,0.00053847
IDEX/BTC,1610761423169,2021-01-16T01:43:43.169Z,buy,9.3e-07,34527.0,0.03211011
IDEX/BTC,1610761456695,2021-01-16T01:44:16.695Z,buy,9.4e-07,24833.0,0.02334302
IDEX/BTC,1610761456705,2021-01-16T01:44:16.705Z,sell,9.4e-07,736.0,0.00069184
IDEX/BTC,1610761475583,2021-01-16T01:44:35.583Z,buy,9.5e-07,21111.0,0.02005545
IDEX/BTC,1610761475622,2021-01-16T01:44:35.622Z,sell,9.5e-07,3121.0,0.00296495
IDEX/BTC,1610761502885,2021-01-16T01:45:02.885Z,sell,9.4e-07,50895.0,0.0478413
IDEX/BTC,1610761503008,2021-01-16T01:45:03.008Z,buy,9.4e-07,714.0,0.00067116
IDEX/BTC,1610761503017,2021-01-16T01:45:03.017Z,buy,9.4e-07,3119.0,0.00293186
IDEX/BTC,1610761523374,2021-01-16T01:45:23.374Z,sell,9.3e-07,110.0,0.00010229999999999999
IDEX/BTC,1610761541675,2021-01-16T01:45:41.675Z,sell,9.3e-07,5316.0,0.00494388
IDEX/BTC,1610762054131,2021-01-16T01:54:14.131Z,sell,9.3e-07,736.0,0.00068448
IDEX/BTC,1610762054133,2021-01-16T01:54:14.133Z,sell,9.3e-07,8029.0,0.00746697
IDEX/BTC,1610762054143,2021-01-16T01:54:14.143Z,sell,9.3e-07,714.0,0.00066402
IDEX/BTC,1610762054147,2021-01-16T01:54:14.147Z,sell,9.3e-07,1515.0,0.00140895
IDEX/BTC,1610762061178,2021-01-16T01:54:21.178Z,buy,9.3e-07,722.0,0.00067146
IDEX/BTC,1610762061191,2021-01-16T01:54:21.191Z,buy,9.3e-07,573.0,0.00053289
IDEX/BTC,1610763574563,2021-01-16T02:19:34.563Z,buy,9.4e-07,142.0,0.00013348
IDEX/BTC,1610763574563,2021-01-16T02:19:34.563Z,buy,9.4e-07,142.0,0.00013348
IDEX/BTC,1610763631616,2021-01-16T02:20:31.616Z,buy,9.4e-07,565.0,0.0005311
IDEX/BTC,1610763632015,2021-01-16T02:20:32.015Z,buy,9.4e-07,564.0,0.00053016
IDEX/BTC,1610763632596,2021-01-16T02:20:32.596Z,buy,9.4e-07,1577.0,0.00148238
IDEX/BTC,1610763710736,2021-01-16T02:21:50.736Z,buy,9.4e-07,565.0,0.0005311
IDEX/BTC,1610764110955,2021-01-16T02:28:30.955Z,buy,9.4e-07,147.0,0.00013818
IDEX/BTC,1610764690295,2021-01-16T02:38:10.295Z,buy,9.4e-07,1255.0,0.0011797
IDEX/BTC,1610764692334,2021-01-16T02:38:12.334Z,buy,9.4e-07,375.0,0.0003525
IDEX/BTC,1610764850191,2021-01-16T02:40:50.191Z,buy,9.4e-07,3788.0,0.00356072
IDEX/BTC,1610765058999,2021-01-16T02:44:18.999Z,buy,9.4e-07,572.0,0.00053768
IDEX/BTC,1610765443868,2021-01-16T02:50:43.868Z,buy,9.4e-07,370.0,0.0003478
IDEX/BTC,1610765529252,2021-01-16T02:52:09.252Z,buy,9.4e-07,13288.0,0.01249072
IDEX/BTC,1610765629155,2021-01-16T02:53:49.155Z,sell,9.4e-07,1522.0,0.00143068
IDEX/BTC,1610765816284,2021-01-16T02:56:56.284Z,sell,9.4e-07,44161.0,0.04151134
IDEX/BTC,1610765816361,2021-01-16T02:56:56.361Z,buy,9.4e-07,13956.0,0.01311864
IDEX/BTC,1610765819154,2021-01-16T02:56:59.154Z,sell,9.3e-07,8326.0,0.00774318
IDEX/BTC,1610765828160,2021-01-16T02:57:08.160Z,buy,9.4e-07,607.0,0.00057058
IDEX/BTC,1610765830654,2021-01-16T02:57:10.654Z,buy,9.4e-07,309.0,0.00029046
IDEX/BTC,1610766372684,2021-01-16T03:06:12.684Z,sell,9.3e-07,3389.0,0.00315177
IDEX/BTC,1610766882973,2021-01-16T03:14:42.973Z,buy,9.4e-07,376.0,0.00035344
IDEX/BTC,1610766882973,2021-01-16T03:14:42.973Z,buy,9.4e-07,376.0,0.00035344
IDEX/BTC,1610767261124,2021-01-16T03:21:01.124Z,buy,9.4e-07,3768.0,0.00354192
IDEX/BTC,1610767472337,2021-01-16T03:24:32.337Z,sell,9.3e-07,579.0,0.00053847
IDEX/BTC,1610767475667,2021-01-16T03:24:35.667Z,sell,9.3e-07,572.0,0.0005319599999999999
IDEX/BTC,1610767475730,2021-01-16T03:24:35.730Z,sell,9.3e-07,579.0,0.00053847
IDEX/BTC,1610767475770,2021-01-16T03:24:35.770Z,sell,9.3e-07,722.0,0.00067146
IDEX/BTC,1610769684351,2021-01-16T04:01:24.351Z,buy,9.3e-07,350.0,0.0003255
IDEX/BTC,1610770167030,2021-01-16T04:09:27.030Z,buy,9.3e-07,5377.0,0.00500061
IDEX/BTC,1610770168750,2021-01-16T04:09:28.750Z,buy,9.3e-07,216.0,0.00020088
IDEX/BTC,1610770291589,2021-01-16T04:11:31.589Z,buy,9.3e-07,1479.0,0.00137547
IDEX/BTC,1610770415845,2021-01-16T04:13:35.845Z,buy,9.3e-07,6441.0,0.00599013
IDEX/BTC,1610770425963,2021-01-16T04:13:45.963Z,buy,9.3e-07,42176.0,0.03922368
IDEX/BTC,1610770425963,2021-01-16T04:13:45.963Z,buy,9.3e-07,42176.0,0.03922368
IDEX/BTC,1610770666877,2021-01-16T04:17:46.877Z,sell,9.3e-07,4490.0,0.0041757
IDEX/BTC,1610770787917,2021-01-16T04:19:47.917Z,sell,9.3e-07,10729.0,0.00997797
IDEX/BTC,1610771808292,2021-01-16T04:36:48.292Z,sell,9.3e-07,2105.0,0.00195765
IDEX/BTC,1610771889053,2021-01-16T04:38:09.053Z,sell,9.3e-07,4788.0,0.00445284
IDEX/BTC,1610772594771,2021-01-16T04:49:54.771Z,sell,9.3e-07,3410.0,0.0031713
IDEX/BTC,1610773989824,2021-01-16T05:13:09.824Z,sell,9.3e-07,135.0,0.00012555
IDEX/BTC,1610773989824,2021-01-16T05:13:09.824Z,sell,9.3e-07,135.0,0.00012555
IDEX/BTC,1610774052841,2021-01-16T05:14:12.841Z,sell,9.3e-07,7892.0,0.00733956
IDEX/BTC,1610774144626,2021-01-16T05:15:44.626Z,sell,9.3e-07,16758.0,0.01558494
IDEX/BTC,1610774291195,2021-01-16T05:18:11.195Z,buy,9.3e-07,1255.0,0.00116715
IDEX/BTC,1610774451127,2021-01-16T05:20:51.127Z,buy,9.3e-07,274.0,0.00025482
IDEX/BTC,1610774453774,2021-01-16T05:20:53.774Z,buy,9.3e-07,179.0,0.00016647
IDEX/BTC,1610774582701,2021-01-16T05:23:02.701Z,buy,9.3e-07,1809.0,0.00168237
IDEX/BTC,1610774582724,2021-01-16T05:23:02.724Z,buy,9.3e-07,732.0,0.00068076
IDEX/BTC,1610774952985,2021-01-16T05:29:12.985Z,buy,9.3e-07,189.0,0.00017577
IDEX/BTC,1610775004609,2021-01-16T05:30:04.609Z,buy,9.3e-07,190.0,0.00017669999999999999
IDEX/BTC,1610775187572,2021-01-16T05:33:07.572Z,buy,9.3e-07,2904.0,0.0027007199999999998
IDEX/BTC,1610775187715,2021-01-16T05:33:07.715Z,buy,9.3e-07,2904.0,0.0027007199999999998
IDEX/BTC,1610775306859,2021-01-16T05:35:06.859Z,buy,9.3e-07,4462.0,0.00414966
IDEX/BTC,1610776794483,2021-01-16T05:59:54.483Z,buy,9.3e-07,8463.0,0.00787059
IDEX/BTC,1610776794483,2021-01-16T05:59:54.483Z,buy,9.4e-07,34480.0,0.0324112
IDEX/BTC,1610776794483,2021-01-16T05:59:54.483Z,buy,9.5e-07,10763.0,0.01022485
IDEX/BTC,1610776794483,2021-01-16T05:59:54.483Z,buy,9.6e-07,23395.0,0.0224592
IDEX/BTC,1610776794483,2021-01-16T05:59:54.483Z,buy,9.7e-07,25991.0,0.02521127
IDEX/BTC,1610776796436,2021-01-16T05:59:56.436Z,sell,9.4e-07,1217.0,0.00114398
IDEX/BTC,1610776796439,2021-01-16T05:59:56.439Z,sell,9.4e-07,1217.0,0.00114398
IDEX/BTC,1610776796440,2021-01-16T05:59:56.440Z,sell,9.4e-07,1737.0,0.00163278
IDEX/BTC,1610776796443,2021-01-16T05:59:56.443Z,sell,9.4e-07,1217.0,0.00114398
IDEX/BTC,1610776797706,2021-01-16T05:59:57.706Z,buy,9.5e-07,500.0,0.000475
IDEX/BTC,1610776798687,2021-01-16T05:59:58.687Z,buy,9.5e-07,5302.0,0.0050369
IDEX/BTC,1610776799425,2021-01-16T05:59:59.425Z,sell,9.6e-07,193.0,0.00018528
IDEX/BTC,1610776799853,2021-01-16T05:59:59.853Z,buy,9.5e-07,193.0,0.00018335
IDEX/BTC,1610776799961,2021-01-16T05:59:59.961Z,buy,9.5e-07,5315.0,0.00504925
IDEX/BTC,1610776816762,2021-01-16T06:00:16.762Z,buy,9.5e-07,500.0,0.000475
IDEX/BTC,1610776817770,2021-01-16T06:00:17.770Z,buy,9.5e-07,500.0,0.000475
IDEX/BTC,1610776850502,2021-01-16T06:00:50.502Z,sell,9.4e-07,1608.0,0.00151152
IDEX/BTC,1610776852054,2021-01-16T06:00:52.054Z,sell,9.4e-07,275.0,0.0002585
IDEX/BTC,1610776853873,2021-01-16T06:00:53.873Z,sell,9.4e-07,179.0,0.00016826
IDEX/BTC,1610776855773,2021-01-16T06:00:55.773Z,sell,9.4e-07,3920.0,0.0036848
IDEX/BTC,1610776855773,2021-01-16T06:00:55.773Z,sell,9.3e-07,1034.0,0.0009616199999999999
IDEX/BTC,1610776870050,2021-01-16T06:01:10.050Z,buy,9.4e-07,1037.0,0.00097478
IDEX/BTC,1610776885185,2021-01-16T06:01:25.185Z,buy,9.4e-07,7796.0,0.00732824
IDEX/BTC,1610776885185,2021-01-16T06:01:25.185Z,buy,9.5e-07,828.0,0.0007866
IDEX/BTC,1610777005851,2021-01-16T06:03:25.851Z,sell,9.4e-07,106.0,9.964e-05
IDEX/BTC,1610777102731,2021-01-16T06:05:02.731Z,sell,9.4e-07,3971.0,0.00373274
IDEX/BTC,1610777588853,2021-01-16T06:13:08.853Z,sell,9.4e-07,136.0,0.00012784
IDEX/BTC,1610777588853,2021-01-16T06:13:08.853Z,sell,9.4e-07,136.0,0.00012784
IDEX/BTC,1610777816933,2021-01-16T06:16:56.933Z,sell,9.4e-07,1639.0,0.00154066
IDEX/BTC,1610778226760,2021-01-16T06:23:46.760Z,sell,9.4e-07,5616.0,0.00527904
IDEX/BTC,1610778570183,2021-01-16T06:29:30.183Z,sell,9.4e-07,5923.0,0.00556762
IDEX/BTC,1610778646193,2021-01-16T06:30:46.193Z,sell,9.4e-07,2235.0,0.0021009
IDEX/BTC,1610778646198,2021-01-16T06:30:46.198Z,sell,9.4e-07,326.0,0.00030644
IDEX/BTC,1610778646203,2021-01-16T06:30:46.203Z,sell,9.4e-07,325.0,0.0003055
IDEX/BTC,1610778663550,2021-01-16T06:31:03.550Z,sell,9.4e-07,323.0,0.00030362
IDEX/BTC,1610778670279,2021-01-16T06:31:10.279Z,sell,9.4e-07,323.0,0.00030362
IDEX/BTC,1610778670327,2021-01-16T06:31:10.327Z,sell,9.4e-07,8073.0,0.00758862
IDEX/BTC,1610779008881,2021-01-16T06:36:48.881Z,sell,9.4e-07,14947.0,0.01405018
IDEX/BTC,1610779049621,2021-01-16T06:37:29.621Z,sell,9.4e-07,3943.0,0.00370642
IDEX/BTC,1610779066508,2021-01-16T06:37:46.508Z,sell,9.4e-07,6984.0,0.00656496
IDEX/BTC,1610779154497,2021-01-16T06:39:14.497Z,buy,9.4e-07,2568.0,0.00241392
IDEX/BTC,1610779296662,2021-01-16T06:41:36.662Z,buy,9.4e-07,5233.0,0.00491902
IDEX/BTC,1610779296875,2021-01-16T06:41:36.875Z,sell,9.4e-07,776.0,0.00072944
IDEX/BTC,1610779590036,2021-01-16T06:46:30.036Z,buy,9.4e-07,3582.0,0.00336708
IDEX/BTC,1610779733137,2021-01-16T06:48:53.137Z,buy,9.4e-07,320.0,0.0003008
IDEX/BTC,1610779833447,2021-01-16T06:50:33.447Z,buy,9.4e-07,321.0,0.00030174
IDEX/BTC,1610780083371,2021-01-16T06:54:43.371Z,sell,9.4e-07,3683.0,0.00346202
IDEX/BTC,1610780524548,2021-01-16T07:02:04.548Z,buy,9.5e-07,2868.0,0.0027246
IDEX/BTC,1610780882704,2021-01-16T07:08:02.704Z,sell,9.4e-07,320.0,0.0003008
IDEX/BTC,1610781098201,2021-01-16T07:11:38.201Z,sell,9.4e-07,3402.0,0.00319788
IDEX/BTC,1610781108403,2021-01-16T07:11:48.403Z,sell,9.4e-07,44356.0,0.04169464
IDEX/BTC,1610781108403,2021-01-16T07:11:48.403Z,sell,9.4e-07,44356.0,0.04169464
IDEX/BTC,1610781940559,2021-01-16T07:25:40.559Z,sell,9.3e-07,1562.0,0.00145266
IDEX/BTC,1610782075564,2021-01-16T07:27:55.564Z,buy,9.4e-07,3793.0,0.00356542
IDEX/BTC,1610782075564,2021-01-16T07:27:55.564Z,buy,9.5e-07,8226.0,0.0078147
IDEX/BTC,1610782075564,2021-01-16T07:27:55.564Z,buy,9.6e-07,120451.0,0.11563295999999999
IDEX/BTC,1610782075564,2021-01-16T07:27:55.564Z,buy,9.7e-07,43284.0,0.04198548
IDEX/BTC,1610782075564,2021-01-16T07:27:55.564Z,buy,9.8e-07,25416.0,0.024907679999999998
IDEX/BTC,1610782077344,2021-01-16T07:27:57.344Z,buy,9.5e-07,193.0,0.00018335
IDEX/BTC,1610782077510,2021-01-16T07:27:57.510Z,buy,9.5e-07,193.0,0.00018335
IDEX/BTC,1610782078011,2021-01-16T07:27:58.011Z,buy,9.5e-07,193.0,0.00018335
IDEX/BTC,1610782078613,2021-01-16T07:27:58.613Z,buy,9.5e-07,2097.0,0.00199215
IDEX/BTC,1610782081072,2021-01-16T07:28:01.072Z,buy,9.7e-07,5328.0,0.00516816
IDEX/BTC,1610782082310,2021-01-16T07:28:02.310Z,sell,9.6e-07,193.0,0.00018528
IDEX/BTC,1610782083757,2021-01-16T07:28:03.757Z,buy,9.7e-07,193.0,0.00018721000000000002
IDEX/BTC,1610782083764,2021-01-16T07:28:03.764Z,sell,9.7e-07,307.0,0.00029779000000000003
IDEX/BTC,1610782084491,2021-01-16T07:28:04.491Z,sell,9.6e-07,335.0,0.00032159999999999996
IDEX/BTC,1610782156881,2021-01-16T07:29:16.881Z,buy,9.7e-07,1892.0,0.0018352400000000001
IDEX/BTC,1610782156882,2021-01-16T07:29:16.882Z,buy,9.7e-07,59.0,5.723e-05
IDEX/BTC,1610782577400,2021-01-16T07:36:17.400Z,buy,9.7e-07,15643.0,0.01517371
IDEX/BTC,1610782628083,2021-01-16T07:37:08.083Z,sell,9.7e-07,105.0,0.00010185000000000001
IDEX/BTC,1610782774234,2021-01-16T07:39:34.234Z,sell,9.7e-07,4526.0,0.00439022
IDEX/BTC,1610782809695,2021-01-16T07:40:09.695Z,sell,9.7e-07,7873.0,0.00763681
IDEX/BTC,1610782821609,2021-01-16T07:40:21.609Z,sell,9.7e-07,2912.0,0.0028246400000000002
IDEX/BTC,1610782828008,2021-01-16T07:40:28.008Z,sell,9.7e-07,977.0,0.0009476900000000001
IDEX/BTC,1610783116278,2021-01-16T07:45:16.278Z,sell,9.7e-07,5443.0,0.00527971
IDEX/BTC,1610783116332,2021-01-16T07:45:16.332Z,buy,9.7e-07,1255.0,0.00121735
IDEX/BTC,1610783136962,2021-01-16T07:45:36.962Z,sell,9.6e-07,732.0,0.0007027199999999999
IDEX/BTC,1610783138278,2021-01-16T07:45:38.278Z,sell,9.6e-07,42452.0,0.04075392
IDEX/BTC,1610783144802,2021-01-16T07:45:44.802Z,sell,9.6e-07,320.0,0.0003072
IDEX/BTC,1610783144987,2021-01-16T07:45:44.987Z,sell,9.6e-07,215.0,0.00020639999999999998
IDEX/BTC,1610783320025,2021-01-16T07:48:40.025Z,sell,9.6e-07,744.0,0.0007142399999999999
IDEX/BTC,1610783837906,2021-01-16T07:57:17.906Z,sell,9.6e-07,36000.0,0.034559999999999994
IDEX/BTC,1610783887225,2021-01-16T07:58:07.225Z,buy,9.7e-07,7034.0,0.00682298
IDEX/BTC,1610783887225,2021-01-16T07:58:07.225Z,buy,9.7e-07,7034.0,0.00682298
IDEX/BTC,1610783998698,2021-01-16T07:59:58.698Z,buy,9.7e-07,2915.0,0.0028275500000000003
IDEX/BTC,1610784279290,2021-01-16T08:04:39.290Z,sell,9.6e-07,10000.0,0.0096
IDEX/BTC,1610784423084,2021-01-16T08:07:03.084Z,sell,9.6e-07,5000.0,0.0048
IDEX/BTC,1610784461123,2021-01-16T08:07:41.123Z,sell,9.6e-07,112.0,0.00010751999999999999
IDEX/BTC,1610784461123,2021-01-16T08:07:41.123Z,sell,9.6e-07,112.0,0.00010751999999999999
IDEX/BTC,1610784775401,2021-01-16T08:12:55.401Z,buy,9.6e-07,3738.0,0.00358848
IDEX/BTC,1610785048815,2021-01-16T08:17:28.815Z,buy,9.6e-07,10416.0,0.009999359999999999
IDEX/BTC,1610785086097,2021-01-16T08:18:06.097Z,sell,9.5e-07,21905.0,0.020809750000000002
IDEX/BTC,1610785148095,2021-01-16T08:19:08.095Z,buy,9.5e-07,106.0,0.0001007
IDEX/BTC,1610785277765,2021-01-16T08:21:17.765Z,sell,9.4e-07,39343.0,0.03698242
IDEX/BTC,1610785278980,2021-01-16T08:21:18.980Z,sell,9.5e-07,5283.0,0.00501885
IDEX/BTC,1610785279678,2021-01-16T08:21:19.678Z,sell,9.5e-07,193.0,0.00018335
IDEX/BTC,1610785286113,2021-01-16T08:21:26.113Z,buy,9.5e-07,389.0,0.00036955
IDEX/BTC,1610785286120,2021-01-16T08:21:26.120Z,buy,9.5e-07,111.0,0.00010545
IDEX/BTC,1610785295075,2021-01-16T08:21:35.075Z,buy,9.6e-07,1042.0,0.0010003199999999999
IDEX/BTC,1610786214544,2021-01-16T08:36:54.544Z,buy,9.5e-07,10658.0,0.0101251
IDEX/BTC,1610786341046,2021-01-16T08:39:01.046Z,sell,9.4e-07,739.0,0.00069466
IDEX/BTC,1610786373357,2021-01-16T08:39:33.357Z,sell,9.4e-07,193.0,0.00018142
IDEX/BTC,1610786376321,2021-01-16T08:39:36.321Z,sell,9.4e-07,11352.0,0.01067088
IDEX/BTC,1610786428136,2021-01-16T08:40:28.136Z,sell,9.3e-07,2866.0,0.00266538
IDEX/BTC,1610786504020,2021-01-16T08:41:44.020Z,sell,9.3e-07,5897.0,0.00548421
IDEX/BTC,1610786509610,2021-01-16T08:41:49.610Z,sell,9.3e-07,2318.0,0.00215574
IDEX/BTC,1610786686008,2021-01-16T08:44:46.008Z,sell,9.3e-07,299.0,0.00027807
IDEX/BTC,1610786686012,2021-01-16T08:44:46.012Z,sell,9.3e-07,300.0,0.000279
IDEX/BTC,1610786989917,2021-01-16T08:49:49.917Z,sell,9.3e-07,305.0,0.00028365
IDEX/BTC,1610787167445,2021-01-16T08:52:47.445Z,sell,9.3e-07,1892.0,0.00175956
IDEX/BTC,1610787167452,2021-01-16T08:52:47.452Z,sell,9.2e-07,11360.0,0.010451199999999999
IDEX/BTC,1610787169131,2021-01-16T08:52:49.131Z,sell,9.3e-07,300.0,0.000279
IDEX/BTC,1610787343930,2021-01-16T08:55:43.930Z,buy,9.3e-07,3231.0,0.00300483
IDEX/BTC,1610787509966,2021-01-16T08:58:29.966Z,sell,9.2e-07,2727.0,0.00250884
IDEX/BTC,1610787742333,2021-01-16T09:02:22.333Z,buy,9.3e-07,2419.0,0.00224967
IDEX/BTC,1610787882316,2021-01-16T09:04:42.316Z,buy,9.4e-07,13098.0,0.01231212
IDEX/BTC,1610787883538,2021-01-16T09:04:43.538Z,buy,9.3e-07,3734.0,0.00347262
IDEX/BTC,1610787883538,2021-01-16T09:04:43.538Z,buy,9.3e-07,3734.0,0.00347262
IDEX/BTC,1610788800535,2021-01-16T09:20:00.535Z,buy,9.4e-07,292.0,0.00027448
IDEX/BTC,1610789182917,2021-01-16T09:26:22.917Z,sell,9.3e-07,4147.0,0.00385671
IDEX/BTC,1610789316386,2021-01-16T09:28:36.386Z,sell,9.3e-07,3231.0,0.00300483
IDEX/BTC,1610789701766,2021-01-16T09:35:01.766Z,buy,9.4e-07,9879.0,0.00928626
IDEX/BTC,1610789701766,2021-01-16T09:35:01.766Z,buy,9.5e-07,11264.0,0.0107008
IDEX/BTC,1610789701766,2021-01-16T09:35:01.766Z,buy,9.6e-07,30913.0,0.029676479999999998
IDEX/BTC,1610789710512,2021-01-16T09:35:10.512Z,buy,9.6e-07,323.0,0.00031007999999999996
IDEX/BTC,1610789728858,2021-01-16T09:35:28.858Z,sell,9.5e-07,922.0,0.0008759
IDEX/BTC,1610789755816,2021-01-16T09:35:55.816Z,sell,9.5e-07,3265.0,0.00310175
IDEX/BTC,1610789831776,2021-01-16T09:37:11.776Z,sell,9.5e-07,1808.0,0.0017176000000000001
IDEX/BTC,1610790362235,2021-01-16T09:46:02.235Z,buy,9.5e-07,341.0,0.00032395
IDEX/BTC,1610790829396,2021-01-16T09:53:49.396Z,buy,9.5e-07,391.0,0.00037145
IDEX/BTC,1610790829396,2021-01-16T09:53:49.396Z,buy,9.5e-07,391.0,0.00037145
IDEX/BTC,1610791810752,2021-01-16T10:10:10.752Z,sell,9.4e-07,6449.0,0.00606206
IDEX/BTC,1610791824004,2021-01-16T10:10:24.004Z,buy,9.5e-07,8784.0,0.0083448
IDEX/BTC,1610791878274,2021-01-16T10:11:18.274Z,sell,9.4e-07,1369.0,0.00128686
IDEX/BTC,1610792129010,2021-01-16T10:15:29.010Z,buy,9.5e-07,380.0,0.000361
IDEX/BTC,1610792267783,2021-01-16T10:17:47.783Z,buy,9.5e-07,10697.0,0.01016215
IDEX/BTC,1610792267783,2021-01-16T10:17:47.783Z,buy,9.6e-07,114743.0,0.11015327999999999
IDEX/BTC,1610792285410,2021-01-16T10:18:05.410Z,buy,9.5e-07,11692.0,0.0111074
IDEX/BTC,1610792836221,2021-01-16T10:27:16.221Z,buy,9.5e-07,3777.0,0.00358815
IDEX/BTC,1610792843710,2021-01-16T10:27:23.710Z,buy,9.5e-07,3168.0,0.0030096
IDEX/BTC,1610792843719,2021-01-16T10:27:23.719Z,sell,9.5e-07,1255.0,0.00119225
IDEX/BTC,1610792843727,2021-01-16T10:27:23.727Z,sell,9.5e-07,223.0,0.00021185
IDEX/BTC,1610793207336,2021-01-16T10:33:27.336Z,buy,9.5e-07,3490.0,0.0033155
IDEX/BTC,1610793363187,2021-01-16T10:36:03.187Z,sell,9.5e-07,4387.0,0.00416765
IDEX/BTC,1610793593573,2021-01-16T10:39:53.573Z,sell,9.5e-07,523.0,0.00049685
IDEX/BTC,1610793712753,2021-01-16T10:41:52.753Z,buy,9.5e-07,400.0,0.00038
IDEX/BTC,1610793842465,2021-01-16T10:44:02.465Z,buy,9.5e-07,2808.0,0.0026676
IDEX/BTC,1610793969740,2021-01-16T10:46:09.740Z,sell,9.5e-07,59669.0,0.05668555
IDEX/BTC,1610794092923,2021-01-16T10:48:12.923Z,sell,9.5e-07,3527.0,0.00335065
IDEX/BTC,1610794092932,2021-01-16T10:48:12.932Z,buy,9.5e-07,1042.0,0.0009899
IDEX/BTC,1610794092932,2021-01-16T10:48:12.932Z,buy,9.5e-07,1042.0,0.0009899
IDEX/BTC,1610794976956,2021-01-16T11:02:56.956Z,sell,9.5e-07,2055.0,0.00195225
IDEX/BTC,1610795182559,2021-01-16T11:06:22.559Z,sell,9.5e-07,1640.0,0.001558
IDEX/BTC,1610795217965,2021-01-16T11:06:57.965Z,buy,9.6e-07,1831.0,0.00175776
IDEX/BTC,1610795453489,2021-01-16T11:10:53.489Z,sell,9.5e-07,52326.0,0.0497097
IDEX/BTC,1610795689276,2021-01-16T11:14:49.276Z,sell,9.5e-07,158539.0,0.15061205
IDEX/BTC,1610796268955,2021-01-16T11:24:28.955Z,sell,9.4e-07,19700.0,0.018518
IDEX/BTC,1610796273394,2021-01-16T11:24:33.394Z,sell,9.4e-07,264.0,0.00024816
IDEX/BTC,1610796273394,2021-01-16T11:24:33.394Z,sell,9.3e-07,4502.0,0.00418686
IDEX/BTC,1610796277549,2021-01-16T11:24:37.549Z,sell,9.3e-07,1143.0,0.00106299
IDEX/BTC,1610796284645,2021-01-16T11:24:44.645Z,sell,9.4e-07,283.0,0.00026602
IDEX/BTC,1610796432920,2021-01-16T11:27:12.920Z,sell,9.4e-07,6092.0,0.00572648
IDEX/BTC,1610796443910,2021-01-16T11:27:23.910Z,sell,9.3e-07,21000.0,0.01953
IDEX/BTC,1610796563578,2021-01-16T11:29:23.578Z,buy,9.4e-07,242.0,0.00022748
IDEX/BTC,1610796606005,2021-01-16T11:30:06.005Z,buy,9.4e-07,244.0,0.00022936
IDEX/BTC,1610797008533,2021-01-16T11:36:48.533Z,buy,9.4e-07,2306.0,0.00216764
IDEX/BTC,1610797587446,2021-01-16T11:46:27.446Z,buy,9.4e-07,266.0,0.00025004
IDEX/BTC,1610797587446,2021-01-16T11:46:27.446Z,buy,9.4e-07,266.0,0.00025004
IDEX/BTC,1610797978773,2021-01-16T11:52:58.773Z,buy,9.4e-07,1255.0,0.0011797
IDEX/BTC,1610797979098,2021-01-16T11:52:59.098Z,buy,9.4e-07,529.0,0.00049726
IDEX/BTC,1610798093993,2021-01-16T11:54:53.993Z,buy,9.4e-07,1731.0,0.00162714
IDEX/BTC,1610798093993,2021-01-16T11:54:53.993Z,buy,9.4e-07,2821.0,0.00265174
IDEX/BTC,1610798124798,2021-01-16T11:55:24.798Z,buy,9.4e-07,1105.0,0.0010387
IDEX/BTC,1610798223619,2021-01-16T11:57:03.619Z,buy,9.4e-07,401.0,0.00037694
IDEX/BTC,1610798447459,2021-01-16T12:00:47.459Z,sell,9.4e-07,7906.0,0.00743164
IDEX/BTC,1610798475554,2021-01-16T12:01:15.554Z,buy,9.4e-07,3222.0,0.00302868
IDEX/BTC,1610798723702,2021-01-16T12:05:23.702Z,buy,9.4e-07,844.0,0.00079336
IDEX/BTC,1610798973743,2021-01-16T12:09:33.743Z,sell,9.4e-07,1506.0,0.00141564
IDEX/BTC,1610798991051,2021-01-16T12:09:51.051Z,sell,9.3e-07,363.0,0.00033758999999999997
IDEX/BTC,1610798991051,2021-01-16T12:09:51.051Z,sell,9.3e-07,3777.0,0.0035126099999999998
IDEX/BTC,1610799222845,2021-01-16T12:13:42.845Z,buy,9.4e-07,2278.0,0.00214132
IDEX/BTC,1610799308572,2021-01-16T12:15:08.572Z,sell,9.4e-07,108.0,0.00010152
IDEX/BTC,1610799413502,2021-01-16T12:16:53.502Z,buy,9.5e-07,107.0,0.00010165
IDEX/BTC,1610799514453,2021-01-16T12:18:34.453Z,buy,9.5e-07,5000.0,0.00475
IDEX/BTC,1610799826132,2021-01-16T12:23:46.132Z,sell,9.4e-07,18739.0,0.01761466
IDEX/BTC,1610799826664,2021-01-16T12:23:46.664Z,sell,9.3e-07,17676.0,0.01643868
IDEX/BTC,1610799979778,2021-01-16T12:26:19.778Z,buy,9.5e-07,2196.0,0.0020862
IDEX/BTC,1610800328381,2021-01-16T12:32:08.381Z,buy,9.5e-07,126.0,0.0001197
IDEX/BTC,1610800333530,2021-01-16T12:32:13.530Z,sell,9.4e-07,851.0,0.00079994
IDEX/BTC,1610800542616,2021-01-16T12:35:42.616Z,sell,9.4e-07,5238.0,0.00492372
IDEX/BTC,1610800940779,2021-01-16T12:42:20.779Z,buy,9.4e-07,7188.0,0.00675672
IDEX/BTC,1610800940791,2021-01-16T12:42:20.791Z,sell,9.4e-07,602.0,0.00056588
IDEX/BTC,1610800940798,2021-01-16T12:42:20.798Z,sell,9.4e-07,235.0,0.0002209
IDEX/BTC,1610800940801,2021-01-16T12:42:20.801Z,sell,9.4e-07,338.0,0.00031772
IDEX/BTC,1610800940806,2021-01-16T12:42:20.806Z,sell,9.4e-07,338.0,0.00031772
IDEX/BTC,1610800940813,2021-01-16T12:42:20.813Z,sell,9.4e-07,2054.0,0.00193076
IDEX/BTC,1610800940813,2021-01-16T12:42:20.813Z,sell,9.4e-07,640.0,0.0006016
IDEX/BTC,1610800940813,2021-01-16T12:42:20.813Z,sell,9.4e-07,2054.0,0.00193076
IDEX/BTC,1610800940813,2021-01-16T12:42:20.813Z,sell,9.4e-07,640.0,0.0006016
IDEX/BTC,1610801631301,2021-01-16T12:53:51.301Z,buy,9.4e-07,6113.0,0.00574622
IDEX/BTC,1610802037679,2021-01-16T13:00:37.679Z,buy,9.4e-07,510.0,0.0004794
IDEX/BTC,1610802238296,2021-01-16T13:03:58.296Z,buy,9.4e-07,715.0,0.0006721
IDEX/BTC,1610802238308,2021-01-16T13:03:58.308Z,buy,9.4e-07,714.0,0.00067116
IDEX/BTC,1610802238319,2021-01-16T13:03:58.319Z,buy,9.4e-07,572.0,0.00053768
IDEX/BTC,1610802238333,2021-01-16T13:03:58.333Z,buy,9.4e-07,572.0,0.00053768
IDEX/BTC,1610802238349,2021-01-16T13:03:58.349Z,buy,9.4e-07,572.0,0.00053768
IDEX/BTC,1610802238358,2021-01-16T13:03:58.358Z,buy,9.4e-07,572.0,0.00053768
IDEX/BTC,1610802258238,2021-01-16T13:04:18.238Z,buy,9.4e-07,2840.0,0.0026696
IDEX/BTC,1610802410185,2021-01-16T13:06:50.185Z,buy,9.4e-07,2446.0,0.00229924
IDEX/BTC,1610803330863,2021-01-16T13:22:10.863Z,sell,9.4e-07,10071.0,0.00946674
IDEX/BTC,1610803392944,2021-01-16T13:23:12.944Z,sell,9.4e-07,5494.0,0.00516436
IDEX/BTC,1610803794673,2021-01-16T13:29:54.673Z,sell,9.4e-07,367.0,0.00034498
IDEX/BTC,1610803794673,2021-01-16T13:29:54.673Z,sell,9.3e-07,1133.0,0.00105369
IDEX/BTC,1610803905527,2021-01-16T13:31:45.527Z,buy,9.4e-07,143.0,0.00013442
IDEX/BTC,1610803981265,2021-01-16T13:33:01.265Z,buy,9.4e-07,3357.0,0.00315558
IDEX/BTC,1610803983066,2021-01-16T13:33:03.066Z,sell,9.4e-07,7649.0,0.00719006
IDEX/BTC,1610803983066,2021-01-16T13:33:03.066Z,sell,9.3e-07,16433.0,0.01528269
IDEX/BTC,1610804148705,2021-01-16T13:35:48.705Z,buy,9.5e-07,526.0,0.0004997000000000001
IDEX/BTC,1610804148705,2021-01-16T13:35:48.705Z,buy,9.5e-07,526.0,0.0004997000000000001
IDEX/BTC,1610804735135,2021-01-16T13:45:35.135Z,buy,9.5e-07,113980.0,0.108281
IDEX/BTC,1610804781227,2021-01-16T13:46:21.227Z,buy,9.6e-07,17620.0,0.0169152
IDEX/BTC,1610804791470,2021-01-16T13:46:31.470Z,sell,9.5e-07,3899.0,0.00370405
IDEX/BTC,1610805007594,2021-01-16T13:50:07.594Z,buy,9.6e-07,23309.0,0.02237664
IDEX/BTC,1610805075838,2021-01-16T13:51:15.838Z,sell,9.5e-07,2636.0,0.0025042
IDEX/BTC,1610805075869,2021-01-16T13:51:15.869Z,sell,9.5e-07,1655.0,0.00157225
IDEX/BTC,1610805360132,2021-01-16T13:56:00.132Z,sell,9.5e-07,13393.0,0.01272335
IDEX/BTC,1610805425614,2021-01-16T13:57:05.614Z,buy,9.5e-07,1052.0,0.0009994000000000001
IDEX/BTC,1610805811976,2021-01-16T14:03:31.976Z,buy,9.5e-07,480.0,0.000456
IDEX/BTC,1610805813456,2021-01-16T14:03:33.456Z,buy,9.5e-07,1516.0,0.0014402
IDEX/BTC,1610805813898,2021-01-16T14:03:33.898Z,buy,9.5e-07,1516.0,0.0014402
IDEX/BTC,1610805953638,2021-01-16T14:05:53.638Z,sell,9.4e-07,10300.0,0.009682
IDEX/BTC,1610806639076,2021-01-16T14:17:19.076Z,sell,9.4e-07,10038.0,0.00943572
IDEX/BTC,1610806639076,2021-01-16T14:17:19.076Z,sell,9.3e-07,29026.0,0.02699418
IDEX/BTC,1610806753770,2021-01-16T14:19:13.770Z,buy,9.4e-07,5389.0,0.00506566
IDEX/BTC,1610806989728,2021-01-16T14:23:09.728Z,buy,9.4e-07,460.0,0.0004324
IDEX/BTC,1610807173198,2021-01-16T14:26:13.198Z,buy,9.4e-07,645.0,0.0006063
IDEX/BTC,1610807563999,2021-01-16T14:32:43.999Z,buy,9.4e-07,1814.0,0.00170516
IDEX/BTC,1610807563999,2021-01-16T14:32:43.999Z,buy,9.4e-07,1814.0,0.00170516
IDEX/BTC,1610807928642,2021-01-16T14:38:48.642Z,sell,9.4e-07,570.0,0.0005358
IDEX/BTC,1610808057605,2021-01-16T14:40:57.605Z,sell,9.4e-07,2180.0,0.0020492
IDEX/BTC,1610808368848,2021-01-16T14:46:08.848Z,sell,9.4e-07,24035.0,0.0225929
IDEX/BTC,1610808381884,2021-01-16T14:46:21.884Z,sell,9.4e-07,1064.0,0.00100016
IDEX/BTC,1610808381930,2021-01-16T14:46:21.930Z,sell,9.3e-07,1064.0,0.00098952
IDEX/BTC,1610808454836,2021-01-16T14:47:34.836Z,sell,9.3e-07,143387.0,0.13334991
IDEX/BTC,1610808568960,2021-01-16T14:49:28.960Z,buy,9.3e-07,2936.0,0.00273048
IDEX/BTC,1610808657877,2021-01-16T14:50:57.877Z,buy,9.3e-07,36836.0,0.03425748
IDEX/BTC,1610808674897,2021-01-16T14:51:14.897Z,buy,9.3e-07,2795.0,0.00259935
IDEX/BTC,1610808674902,2021-01-16T14:51:14.902Z,buy,9.3e-07,1047.0,0.00097371
IDEX/BTC,1610808937695,2021-01-16T14:55:37.695Z,buy,9.3e-07,2754.0,0.00256122
IDEX/BTC,1610809239321,2021-01-16T15:00:39.321Z,sell,9.3e-07,15000.0,0.01395
IDEX/BTC,1610809278472,2021-01-16T15:01:18.472Z,sell,9.3e-07,163493.0,0.15204849
IDEX/BTC,1610809716029,2021-01-16T15:08:36.029Z,sell,9.3e-07,22457.0,0.02088501
IDEX/BTC,1610809923197,2021-01-16T15:12:03.197Z,sell,9.3e-07,61045.0,0.05677185
IDEX/BTC,1610810272508,2021-01-16T15:17:52.508Z,sell,9.3e-07,1599.0,0.00148707
IDEX/BTC,1610810497119,2021-01-16T15:21:37.119Z,sell,9.3e-07,1034.0,0.0009616199999999999
IDEX/BTC,1610810497119,2021-01-16T15:21:37.119Z,sell,9.3e-07,1034.0,0.0009616199999999999
IDEX/BTC,1610811364944,2021-01-16T15:36:04.944Z,sell,9.3e-07,608.0,0.00056544
IDEX/BTC,1610811402755,2021-01-16T15:36:42.755Z,sell,9.3e-07,316.0,0.00029388
IDEX/BTC,1610811475410,2021-01-16T15:37:55.410Z,sell,9.3e-07,315.0,0.00029295
IDEX/BTC,1610811475439,2021-01-16T15:37:55.439Z,sell,9.3e-07,342.0,0.00031806
IDEX/BTC,1610811475461,2021-01-16T15:37:55.461Z,sell,9.3e-07,198.0,0.00018414
IDEX/BTC,1610811543965,2021-01-16T15:39:03.965Z,sell,9.3e-07,286.0,0.00026597999999999997
IDEX/BTC,1610811817344,2021-01-16T15:43:37.344Z,buy,9.4e-07,20333.0,0.01911302
IDEX/BTC,1610811848080,2021-01-16T15:44:08.080Z,sell,9.4e-07,108.0,0.00010152
IDEX/BTC,1610811924643,2021-01-16T15:45:24.643Z,sell,9.4e-07,107.0,0.00010058
IDEX/BTC,1610812025273,2021-01-16T15:47:05.273Z,buy,9.5e-07,631.0,0.00059945
IDEX/BTC,1610812073009,2021-01-16T15:47:53.009Z,buy,9.5e-07,474.0,0.0004503
IDEX/BTC,1610812221715,2021-01-16T15:50:21.715Z,buy,9.5e-07,110.0,0.0001045
IDEX/BTC,1610812238701,2021-01-16T15:50:38.701Z,sell,9.4e-07,150.0,0.000141
IDEX/BTC,1610812434204,2021-01-16T15:53:54.204Z,buy,9.5e-07,1584.0,0.0015048
IDEX/BTC,1610812549855,2021-01-16T15:55:49.855Z,sell,9.4e-07,93133.0,0.08754502
IDEX/BTC,1610812670044,2021-01-16T15:57:50.044Z,buy,9.4e-07,1374.0,0.00129156
IDEX/BTC,1610813207177,2021-01-16T16:06:47.177Z,sell,9.3e-07,14693.0,0.01366449
IDEX/BTC,1610813374151,2021-01-16T16:09:34.151Z,sell,9.3e-07,22815.0,0.02121795
IDEX/BTC,1610813399677,2021-01-16T16:09:59.677Z,sell,9.3e-07,5730.0,0.0053289
IDEX/BTC,1610813399777,2021-01-16T16:09:59.777Z,sell,9.3e-07,5730.0,0.0053289
IDEX/BTC,1610813399805,2021-01-16T16:09:59.805Z,sell,9.3e-07,28563.0,0.026563589999999998
IDEX/BTC,1610813948647,2021-01-16T16:19:08.647Z,sell,9.3e-07,97488.0,0.09066384
IDEX/BTC,1610813949855,2021-01-16T16:19:09.855Z,buy,9.3e-07,292.0,0.00027156
IDEX/BTC,1610813950673,2021-01-16T16:19:10.673Z,buy,9.3e-07,1167.0,0.00108531
IDEX/BTC,1610813951476,2021-01-16T16:19:11.476Z,buy,9.3e-07,453.0,0.00042129
IDEX/BTC,1610813951536,2021-01-16T16:19:11.536Z,buy,9.3e-07,1774.0,0.00164982
IDEX/BTC,1610813951817,2021-01-16T16:19:11.817Z,buy,9.3e-07,1774.0,0.00164982
IDEX/BTC,1610813952414,2021-01-16T16:19:12.414Z,buy,9.3e-07,1321.0,0.00122853
IDEX/BTC,1610813952460,2021-01-16T16:19:12.460Z,buy,9.3e-07,7096.0,0.00659928
IDEX/BTC,1610813952476,2021-01-16T16:19:12.476Z,buy,9.3e-07,2721.0,0.00253053
IDEX/BTC,1610813952787,2021-01-16T16:19:12.787Z,buy,9.3e-07,7096.0,0.00659928
IDEX/BTC,1610813953365,2021-01-16T16:19:13.365Z,buy,9.3e-07,7096.0,0.00659928
IDEX/BTC,1610813954336,2021-01-16T16:19:14.336Z,buy,9.3e-07,748.0,0.00069564
IDEX/BTC,1610813992897,2021-01-16T16:19:52.897Z,buy,9.3e-07,944.0,0.00087792
IDEX/BTC,1610814052032,2021-01-16T16:20:52.032Z,buy,9.3e-07,4436.0,0.00412548
IDEX/BTC,1610814052032,2021-01-16T16:20:52.032Z,buy,9.3e-07,4436.0,0.00412548
IDEX/BTC,1610814377156,2021-01-16T16:26:17.156Z,buy,9.3e-07,5057.0,0.00470301
IDEX/BTC,1610814396335,2021-01-16T16:26:36.335Z,sell,9.2e-07,82381.0,0.07579052
IDEX/BTC,1610814512121,2021-01-16T16:28:32.121Z,sell,9.2e-07,322.0,0.00029623999999999997
IDEX/BTC,1610814636687,2021-01-16T16:30:36.687Z,sell,9.2e-07,654.0,0.0006016799999999999
IDEX/BTC,1610814998964,2021-01-16T16:36:38.964Z,sell,9.2e-07,323.0,0.00029716
IDEX/BTC,1610815011683,2021-01-16T16:36:51.683Z,buy,9.3e-07,150.0,0.0001395
IDEX/BTC,1610815031484,2021-01-16T16:37:11.484Z,buy,9.3e-07,3000.0,0.00279
IDEX/BTC,1610815031497,2021-01-16T16:37:11.497Z,sell,9.3e-07,727.0,0.00067611
IDEX/BTC,1610815031509,2021-01-16T16:37:11.509Z,sell,9.3e-07,727.0,0.00067611
IDEX/BTC,1610815031522,2021-01-16T16:37:11.522Z,sell,9.3e-07,580.0,0.0005394
IDEX/BTC,1610815031530,2021-01-16T16:37:11.530Z,sell,9.3e-07,324.0,0.00030132
IDEX/BTC,1610815059062,2021-01-16T16:37:39.062Z,sell,9.3e-07,322.0,0.00029946
IDEX/BTC,1610815121281,2021-01-16T16:38:41.281Z,sell,9.3e-07,321.0,0.00029853
IDEX/BTC,1610815154002,2021-01-16T16:39:14.002Z,sell,9.3e-07,321.0,0.00029853
IDEX/BTC,1610815170312,2021-01-16T16:39:30.312Z,sell,9.3e-07,5028.0,0.00467604
IDEX/BTC,1610815170366,2021-01-16T16:39:30.366Z,sell,9.2e-07,1350.0,0.001242
IDEX/BTC,1610815170366,2021-01-16T16:39:30.366Z,sell,9.2e-07,1171.0,0.0010773199999999999
IDEX/BTC,1610815196900,2021-01-16T16:39:56.900Z,sell,9.2e-07,323.0,0.00029716
IDEX/BTC,1610815226284,2021-01-16T16:40:26.284Z,sell,9.2e-07,18109.0,0.01666028
IDEX/BTC,1610815238733,2021-01-16T16:40:38.733Z,sell,9.2e-07,323.0,0.00029716
IDEX/BTC,1610815382725,2021-01-16T16:43:02.725Z,buy,9.3e-07,3549.0,0.00330057
IDEX/BTC,1610815413454,2021-01-16T16:43:33.454Z,sell,9.2e-07,29246.0,0.02690632
IDEX/BTC,1610815435403,2021-01-16T16:43:55.403Z,buy,9.3e-07,17807.0,0.01656051
IDEX/BTC,1610815511829,2021-01-16T16:45:11.829Z,buy,9.3e-07,235.0,0.00021855
IDEX/BTC,1610815654398,2021-01-16T16:47:34.398Z,buy,9.3e-07,222.0,0.00020646
IDEX/BTC,1610815762062,2021-01-16T16:49:22.062Z,buy,9.3e-07,8606.0,0.00800358
IDEX/BTC,1610815936898,2021-01-16T16:52:16.898Z,buy,9.3e-07,3549.0,0.00330057
IDEX/BTC,1610816020337,2021-01-16T16:53:40.337Z,sell,9.2e-07,1897.0,0.00174524
IDEX/BTC,1610816020347,2021-01-16T16:53:40.347Z,sell,9.2e-07,632.0,0.00058144
IDEX/BTC,1610816020359,2021-01-16T16:53:40.359Z,sell,9.2e-07,7467.0,0.00686964
IDEX/BTC,1610816092806,2021-01-16T16:54:52.806Z,sell,9.2e-07,8003.0,0.0073627599999999994
IDEX/BTC,1610816172119,2021-01-16T16:56:12.119Z,sell,9.2e-07,9369.0,0.00861948
IDEX/BTC,1610816185052,2021-01-16T16:56:25.052Z,buy,9.3e-07,5604.0,0.0052117199999999995
IDEX/BTC,1610816228289,2021-01-16T16:57:08.289Z,buy,9.3e-07,23255.0,0.02162715
IDEX/BTC,1610816229045,2021-01-16T16:57:09.045Z,buy,9.3e-07,21290.0,0.0197997
IDEX/BTC,1610816229045,2021-01-16T16:57:09.045Z,buy,9.4e-07,631.0,0.00059314
IDEX/BTC,1610816229808,2021-01-16T16:57:09.808Z,buy,9.3e-07,13264.0,0.012335519999999999
IDEX/BTC,1610816229808,2021-01-16T16:57:09.808Z,buy,9.4e-07,16474.0,0.01548556
IDEX/BTC,1610816274692,2021-01-16T16:57:54.692Z,buy,9.4e-07,27641.0,0.02598254
IDEX/BTC,1610816275601,2021-01-16T16:57:55.601Z,buy,9.4e-07,23425.0,0.0220195
IDEX/BTC,1610816393254,2021-01-16T16:59:53.254Z,buy,9.4e-07,28761.0,0.02703534
IDEX/BTC,1610816394052,2021-01-16T16:59:54.052Z,buy,9.4e-07,26160.0,0.0245904
IDEX/BTC,1610816394815,2021-01-16T16:59:54.815Z,buy,9.4e-07,21124.0,0.01985656
IDEX/BTC,1610816395551,2021-01-16T16:59:55.551Z,buy,9.4e-07,1723.0,0.00161962
IDEX/BTC,1610816395551,2021-01-16T16:59:55.551Z,buy,9.5e-07,24346.0,0.0231287
IDEX/BTC,1610816396333,2021-01-16T16:59:56.333Z,buy,9.5e-07,15430.0,0.0146585
IDEX/BTC,1610816396333,2021-01-16T16:59:56.333Z,buy,9.6e-07,10221.0,0.009812159999999999
IDEX/BTC,1610816397060,2021-01-16T16:59:57.060Z,buy,9.6e-07,30543.0,0.029321279999999998
IDEX/BTC,1610816398270,2021-01-16T16:59:58.270Z,sell,9.5e-07,4521.0,0.00429495
IDEX/BTC,1610816398277,2021-01-16T16:59:58.277Z,sell,9.5e-07,578.0,0.0005491
IDEX/BTC,1610816398278,2021-01-16T16:59:58.278Z,sell,9.5e-07,203.0,0.00019285
IDEX/BTC,1610816399107,2021-01-16T16:59:59.107Z,buy,9.5e-07,193.0,0.00018335
IDEX/BTC,1610816411733,2021-01-16T17:00:11.733Z,buy,9.5e-07,500.0,0.000475
IDEX/BTC,1610816455384,2021-01-16T17:00:55.384Z,buy,9.5e-07,12728.0,0.012091600000000001
IDEX/BTC,1610816455384,2021-01-16T17:00:55.384Z,buy,9.6e-07,11718.0,0.011249279999999999
IDEX/BTC,1610816456154,2021-01-16T17:00:56.154Z,buy,9.6e-07,27557.0,0.026454719999999998
IDEX/BTC,1610816456951,2021-01-16T17:00:56.951Z,buy,9.6e-07,5989.0,0.00574944
IDEX/BTC,1610816456951,2021-01-16T17:00:56.951Z,buy,9.7e-07,20729.0,0.02010713
IDEX/BTC,1610816457776,2021-01-16T17:00:57.776Z,buy,9.7e-07,17840.0,0.017304800000000002
IDEX/BTC,1610816458207,2021-01-16T17:00:58.207Z,sell,9.5e-07,3567.0,0.00338865
IDEX/BTC,1610816458228,2021-01-16T17:00:58.228Z,sell,9.4e-07,1693.0,0.00159142
IDEX/BTC,1610816458323,2021-01-16T17:00:58.323Z,sell,9.5e-07,1544.0,0.0014668
IDEX/BTC,1610816461773,2021-01-16T17:01:01.773Z,sell,9.6e-07,193.0,0.00018528
IDEX/BTC,1610816476165,2021-01-16T17:01:16.165Z,sell,9.6e-07,723.0,0.0006940799999999999
IDEX/BTC,1610816476174,2021-01-16T17:01:16.174Z,sell,9.6e-07,723.0,0.0006940799999999999
IDEX/BTC,1610816476187,2021-01-16T17:01:16.187Z,sell,9.6e-07,723.0,0.0006940799999999999
IDEX/BTC,1610816476197,2021-01-16T17:01:16.197Z,sell,9.6e-07,565.0,0.0005424
IDEX/BTC,1610816476210,2021-01-16T17:01:16.210Z,sell,9.6e-07,578.0,0.00055488
IDEX/BTC,1610816476222,2021-01-16T17:01:16.222Z,sell,9.6e-07,579.0,0.0005558399999999999
IDEX/BTC,1610816588119,2021-01-16T17:03:08.119Z,sell,9.6e-07,108.0,0.00010368
IDEX/BTC,1610816688982,2021-01-16T17:04:48.982Z,sell,9.6e-07,1816.0,0.0017433599999999998
IDEX/BTC,1610816741912,2021-01-16T17:05:41.912Z,sell,9.5e-07,947.0,0.00089965
IDEX/BTC,1610816994733,2021-01-16T17:09:54.733Z,buy,9.6e-07,107.0,0.00010271999999999999
IDEX/BTC,1610816994733,2021-01-16T17:09:54.733Z,buy,9.7e-07,893.0,0.0008662100000000001
IDEX/BTC,1610817092782,2021-01-16T17:11:32.782Z,buy,9.7e-07,132.0,0.00012804
IDEX/BTC,1610817093070,2021-01-16T17:11:33.070Z,buy,9.7e-07,360.0,0.00034920000000000003
IDEX/BTC,1610817093329,2021-01-16T17:11:33.329Z,buy,9.7e-07,776.0,0.00075272
IDEX/BTC,1610817095154,2021-01-16T17:11:35.154Z,buy,9.7e-07,484.0,0.00046948000000000004
IDEX/BTC,1610817096186,2021-01-16T17:11:36.186Z,buy,9.7e-07,162.0,0.00015714
IDEX/BTC,1610817096206,2021-01-16T17:11:36.206Z,buy,9.7e-07,111.0,0.00010767
IDEX/BTC,1610817596341,2021-01-16T17:19:56.341Z,buy,9.6e-07,8880.0,0.008524799999999999
IDEX/BTC,1610817599175,2021-01-16T17:19:59.175Z,sell,9.5e-07,2429.0,0.0023075500000000002
IDEX/BTC,1610817621849,2021-01-16T17:20:21.849Z,sell,9.5e-07,1844.0,0.0017518
IDEX/BTC,1610817621849,2021-01-16T17:20:21.849Z,sell,9.5e-07,1844.0,0.0017518
IDEX/BTC,1610817654381,2021-01-16T17:20:54.381Z,sell,9.5e-07,524.0,0.0004978
IDEX/BTC,1610818009845,2021-01-16T17:26:49.845Z,sell,9.5e-07,3907.0,0.00371165
IDEX/BTC,1610818523001,2021-01-16T17:35:23.001Z,sell,9.5e-07,76672.0,0.0728384
IDEX/BTC,1610818617197,2021-01-16T17:36:57.197Z,buy,9.5e-07,1405.0,0.00133475
IDEX/BTC,1610818617210,2021-01-16T17:36:57.210Z,buy,9.5e-07,1408.0,0.0013376
IDEX/BTC,1610819824181,2021-01-16T17:57:04.181Z,buy,9.5e-07,5631.0,0.00534945
IDEX/BTC,1610819978949,2021-01-16T17:59:38.949Z,buy,9.5e-07,105.0,9.975e-05
IDEX/BTC,1610820000377,2021-01-16T18:00:00.377Z,buy,9.5e-07,15426.0,0.0146547
IDEX/BTC,1610820202368,2021-01-16T18:03:22.368Z,buy,9.5e-07,18683.0,0.01774885
IDEX/BTC,1610820331567,2021-01-16T18:05:31.567Z,buy,9.5e-07,3782.0,0.0035929
IDEX/BTC,1610820501902,2021-01-16T18:08:21.902Z,buy,9.5e-07,6841.0,0.00649895
IDEX/BTC,1610820731269,2021-01-16T18:12:11.269Z,sell,9.4e-07,18664.0,0.01754416
IDEX/BTC,1610820900622,2021-01-16T18:15:00.622Z,sell,9.4e-07,19797.0,0.01860918
IDEX/BTC,1610820900622,2021-01-16T18:15:00.622Z,sell,9.4e-07,19797.0,0.01860918
IDEX/BTC,1610821323172,2021-01-16T18:22:03.172Z,sell,9.4e-07,12450.0,0.011703
IDEX/BTC,1610822614434,2021-01-16T18:43:34.434Z,sell,9.3e-07,867.0,0.00080631
IDEX/BTC,1610822685924,2021-01-16T18:44:45.924Z,sell,9.3e-07,1178.0,0.0010955399999999999
IDEX/BTC,1610823140313,2021-01-16T18:52:20.313Z,buy,9.4e-07,112.0,0.00010528
IDEX/BTC,1610823263911,2021-01-16T18:54:23.911Z,sell,9.3e-07,27505.0,0.02557965
IDEX/BTC,1610823389698,2021-01-16T18:56:29.698Z,buy,9.4e-07,1445.0,0.0013583
IDEX/BTC,1610823400585,2021-01-16T18:56:40.585Z,sell,9.3e-07,4152.0,0.00386136
IDEX/BTC,1610823521413,2021-01-16T18:58:41.413Z,buy,9.4e-07,901.0,0.00084694
IDEX/BTC,1610823558141,2021-01-16T18:59:18.141Z,buy,9.4e-07,173.0,0.00016262
IDEX/BTC,1610823559763,2021-01-16T18:59:19.763Z,buy,9.4e-07,178.0,0.00016732
IDEX/BTC,1610823704468,2021-01-16T19:01:44.468Z,buy,9.4e-07,897.0,0.00084318
IDEX/BTC,1610823716300,2021-01-16T19:01:56.300Z,buy,9.4e-07,288.0,0.00027072
IDEX/BTC,1610823721548,2021-01-16T19:02:01.548Z,buy,9.4e-07,265.0,0.0002491
IDEX/BTC,1610823780802,2021-01-16T19:03:00.802Z,sell,9.3e-07,310.0,0.0002883
IDEX/BTC,1610823850702,2021-01-16T19:04:10.702Z,sell,9.3e-07,254.0,0.00023621999999999998
IDEX/BTC,1610823859686,2021-01-16T19:04:19.686Z,sell,9.3e-07,245.0,0.00022785
IDEX/BTC,1610824241353,2021-01-16T19:10:41.353Z,buy,9.4e-07,2080.0,0.0019552
IDEX/BTC,1610824241354,2021-01-16T19:10:41.354Z,buy,9.4e-07,5060.0,0.0047564
IDEX/BTC,1610824418056,2021-01-16T19:13:38.056Z,buy,9.4e-07,1943.0,0.00182642
IDEX/BTC,1610824418062,2021-01-16T19:13:38.062Z,buy,9.4e-07,2377.0,0.00223438
IDEX/BTC,1610824494360,2021-01-16T19:14:54.360Z,buy,9.4e-07,3137.0,0.00294878
IDEX/BTC,1610824494360,2021-01-16T19:14:54.360Z,buy,9.4e-07,3137.0,0.00294878
IDEX/BTC,1610825098810,2021-01-16T19:24:58.810Z,buy,9.4e-07,715.0,0.0006721
IDEX/BTC,1610825210124,2021-01-16T19:26:50.124Z,buy,9.4e-07,7876.0,0.00740344
IDEX/BTC,1610825349574,2021-01-16T19:29:09.574Z,buy,9.4e-07,1402.0,0.00131788
IDEX/BTC,1610825568373,2021-01-16T19:32:48.373Z,buy,9.5e-07,175878.0,0.1670841
IDEX/BTC,1610825568378,2021-01-16T19:32:48.378Z,sell,9.5e-07,7232.0,0.0068704000000000005
IDEX/BTC,1610825568379,2021-01-16T19:32:48.379Z,sell,9.5e-07,7232.0,0.0068704000000000005
IDEX/BTC,1610825568385,2021-01-16T19:32:48.385Z,sell,9.5e-07,721.0,0.00068495
IDEX/BTC,1610825568388,2021-01-16T19:32:48.388Z,sell,9.5e-07,7981.0,0.0075819500000000005
IDEX/BTC,1610825757561,2021-01-16T19:35:57.561Z,buy,9.5e-07,700.0,0.000665
IDEX/BTC,1610825768704,2021-01-16T19:36:08.704Z,buy,9.5e-07,31.0,2.945e-05
IDEX/BTC,1610825784512,2021-01-16T19:36:24.512Z,sell,9.5e-07,1269.0,0.0012055500000000001
IDEX/BTC,1610825788599,2021-01-16T19:36:28.599Z,buy,9.5e-07,2031.0,0.00192945
IDEX/BTC,1610825788599,2021-01-16T19:36:28.599Z,buy,9.6e-07,67707.0,0.06499872
IDEX/BTC,1610825790632,2021-01-16T19:36:30.632Z,buy,9.7e-07,172020.0,0.16685940000000002
IDEX/BTC,1610825820902,2021-01-16T19:37:00.902Z,sell,9.6e-07,2047.0,0.00196512
IDEX/BTC,1610825862259,2021-01-16T19:37:42.259Z,buy,9.7e-07,5794.0,0.00562018
IDEX/BTC,1610825879037,2021-01-16T19:37:59.037Z,sell,9.7e-07,4841.0,0.00469577
IDEX/BTC,1610825879043,2021-01-16T19:37:59.043Z,sell,9.7e-07,2080.0,0.0020176
IDEX/BTC,1610825888116,2021-01-16T19:38:08.116Z,sell,9.7e-07,106.0,0.00010282000000000001
IDEX/BTC,1610825895095,2021-01-16T19:38:15.095Z,buy,9.8e-07,126394.0,0.12386612
IDEX/BTC,1610825923121,2021-01-16T19:38:43.121Z,buy,9.8e-07,7175.0,0.0070314999999999996
IDEX/BTC,1610825925138,2021-01-16T19:38:45.138Z,buy,9.8e-07,4047.0,0.0039660599999999996
IDEX/BTC,1610825961198,2021-01-16T19:39:21.198Z,buy,9.8e-07,3915.0,0.0038366999999999997
IDEX/BTC,1610826074256,2021-01-16T19:41:14.256Z,sell,9.7e-07,4042.0,0.00392074
IDEX/BTC,1610826141592,2021-01-16T19:42:21.592Z,sell,9.7e-07,431.0,0.00041807
IDEX/BTC,1610826159608,2021-01-16T19:42:39.608Z,buy,9.8e-07,4270.0,0.0041846
IDEX/BTC,1610826206123,2021-01-16T19:43:26.123Z,buy,9.9e-07,143573.0,0.14213727
IDEX/BTC,1610826215444,2021-01-16T19:43:35.444Z,sell,9.8e-07,2394.0,0.0023461199999999997
IDEX/BTC,1610826230285,2021-01-16T19:43:50.285Z,buy,9.9e-07,73013.0,0.07228287
IDEX/BTC,1610826230292,2021-01-16T19:43:50.292Z,sell,9.9e-07,14797.0,0.01464903
IDEX/BTC,1610826234718,2021-01-16T19:43:54.718Z,buy,9.9e-07,6030.0,0.0059697000000000005
IDEX/BTC,1610826234724,2021-01-16T19:43:54.724Z,sell,9.9e-07,1727.0,0.00170973
IDEX/BTC,1610826234728,2021-01-16T19:43:54.728Z,sell,9.9e-07,243.0,0.00024057
IDEX/BTC,1610826234803,2021-01-16T19:43:54.803Z,buy,9.9e-07,6918.0,0.00684882
IDEX/BTC,1610826234812,2021-01-16T19:43:54.812Z,sell,9.9e-07,1082.0,0.0010711800000000001
IDEX/BTC,1610826234820,2021-01-16T19:43:54.820Z,sell,9.8e-07,1082.0,0.00106036
IDEX/BTC,1610826238776,2021-01-16T19:43:58.776Z,buy,9.9e-07,5539.0,0.00548361
IDEX/BTC,1610826238791,2021-01-16T19:43:58.791Z,sell,9.9e-07,461.0,0.00045639000000000004
IDEX/BTC,1610826238803,2021-01-16T19:43:58.803Z,sell,9.8e-07,389.0,0.00038122
IDEX/BTC,1610826309244,2021-01-16T19:45:09.244Z,buy,1e-06,2143.0,0.002143
IDEX/BTC,1610826343023,2021-01-16T19:45:43.023Z,sell,9.9e-07,1105.0,0.00109395
IDEX/BTC,1610826348646,2021-01-16T19:45:48.646Z,sell,9.9e-07,4787.0,0.00473913
IDEX/BTC,1610826482917,2021-01-16T19:48:02.917Z,sell,9.9e-07,1334.0,0.00132066
IDEX/BTC,1610826483190,2021-01-16T19:48:03.190Z,sell,9.9e-07,104.0,0.00010296
IDEX/BTC,1610826543799,2021-01-16T19:49:03.799Z,sell,9.9e-07,9813.0,0.00971487
IDEX/BTC,1610826553507,2021-01-16T19:49:13.507Z,buy,9.9e-07,8279.0,0.00819621
IDEX/BTC,1610826581073,2021-01-16T19:49:41.073Z,sell,9.8e-07,9793.0,0.009597139999999999
IDEX/BTC,1610826581073,2021-01-16T19:49:41.073Z,sell,9.7e-07,14791.0,0.01434727
IDEX/BTC,1610826581073,2021-01-16T19:49:41.073Z,sell,9.6e-07,18762.0,0.01801152
IDEX/BTC,1610826581073,2021-01-16T19:49:41.073Z,sell,9.5e-07,38118.0,0.0362121
IDEX/BTC,1610826581073,2021-01-16T19:49:41.073Z,sell,9.5e-07,5452.0,0.0051794
IDEX/BTC,1610826581106,2021-01-16T19:49:41.106Z,sell,9.5e-07,1178.0,0.0011191
IDEX/BTC,1610826584708,2021-01-16T19:49:44.708Z,buy,9.6e-07,193.0,0.00018528
IDEX/BTC,1610826584708,2021-01-16T19:49:44.708Z,buy,9.8e-07,92.0,9.015999999999999e-05
IDEX/BTC,1610826586280,2021-01-16T19:49:46.280Z,sell,9.6e-07,3536.0,0.0033945599999999996
IDEX/BTC,1610826598117,2021-01-16T19:49:58.117Z,buy,9.6e-07,1760.0,0.0016895999999999999
IDEX/BTC,1610826598121,2021-01-16T19:49:58.121Z,buy,9.7e-07,3565.0,0.0034580500000000003
IDEX/BTC,1610826598840,2021-01-16T19:49:58.840Z,buy,9.7e-07,1937.0,0.00187889
IDEX/BTC,1610826598907,2021-01-16T19:49:58.907Z,sell,9.7e-07,890.0,0.0008633
IDEX/BTC,1610826599106,2021-01-16T19:49:59.106Z,sell,9.7e-07,500.0,0.000485
IDEX/BTC,1610826599600,2021-01-16T19:49:59.600Z,sell,9.7e-07,500.0,0.000485
IDEX/BTC,1610826601059,2021-01-16T19:50:01.059Z,sell,9.7e-07,1583.0,0.0015355100000000001
IDEX/BTC,1610826601059,2021-01-16T19:50:01.059Z,sell,9.6e-07,1712.0,0.0016435199999999999
IDEX/BTC,1610826648142,2021-01-16T19:50:48.142Z,buy,9.8e-07,102.0,9.996e-05
IDEX/BTC,1610826655347,2021-01-16T19:50:55.347Z,buy,9.8e-07,7248.0,0.00710304
IDEX/BTC,1610826703381,2021-01-16T19:51:43.381Z,buy,9.8e-07,30378.0,0.02977044
IDEX/BTC,1610826717475,2021-01-16T19:51:57.475Z,buy,9.8e-07,3536.0,0.00346528
IDEX/BTC,1610827001391,2021-01-16T19:56:41.391Z,sell,9.8e-07,480.0,0.00047039999999999994
IDEX/BTC,1610827048198,2021-01-16T19:57:28.198Z,buy,9.9e-07,80947.0,0.08013753
IDEX/BTC,1610827091898,2021-01-16T19:58:11.898Z,sell,9.9e-07,3943.0,0.0039035700000000003
IDEX/BTC,1610827095702,2021-01-16T19:58:15.702Z,buy,1e-06,11654.0,0.011654
IDEX/BTC,1610827107471,2021-01-16T19:58:27.471Z,buy,1e-06,15242.0,0.015241999999999999
IDEX/BTC,1610827200741,2021-01-16T20:00:00.741Z,buy,1e-06,12655.0,0.012655
IDEX/BTC,1610827264138,2021-01-16T20:01:04.138Z,buy,1e-06,22907.0,0.022907
IDEX/BTC,1610827290686,2021-01-16T20:01:30.686Z,buy,1e-06,9487.0,0.009486999999999999
IDEX/BTC,1610827298634,2021-01-16T20:01:38.634Z,buy,1e-06,22301.0,0.022300999999999998
IDEX/BTC,1610827303710,2021-01-16T20:01:43.710Z,buy,1.01e-06,920.0,0.0009292
IDEX/BTC,1610827333819,2021-01-16T20:02:13.819Z,buy,1.01e-06,5382.0,0.00543582
IDEX/BTC,1610827340871,2021-01-16T20:02:20.871Z,buy,1.01e-06,3928.0,0.00396728
IDEX/BTC,1610827343278,2021-01-16T20:02:23.278Z,buy,1.01e-06,19819.0,0.02001719
IDEX/BTC,1610827357296,2021-01-16T20:02:37.296Z,buy,1.02e-06,484.0,0.00049368
IDEX/BTC,1610827358784,2021-01-16T20:02:38.784Z,buy,1.02e-06,20739.0,0.02115378
IDEX/BTC,1610827358796,2021-01-16T20:02:38.796Z,sell,1.02e-06,3001.0,0.00306102
IDEX/BTC,1610827359221,2021-01-16T20:02:39.221Z,buy,1.02e-06,1778.0,0.0018135599999999999
IDEX/BTC,1610827359221,2021-01-16T20:02:39.221Z,buy,1.03e-06,3268.0,0.0033660400000000003
IDEX/BTC,1610827390819,2021-01-16T20:03:10.819Z,buy,1.03e-06,50630.0,0.052148900000000005
IDEX/BTC,1610827401021,2021-01-16T20:03:21.021Z,buy,1.03e-06,480.0,0.0004944000000000001
IDEX/BTC,1610827403975,2021-01-16T20:03:23.975Z,buy,1.03e-06,40033.0,0.041233990000000005
IDEX/BTC,1610827404525,2021-01-16T20:03:24.525Z,buy,1.03e-06,42452.0,0.043725560000000004
IDEX/BTC,1610827404531,2021-01-16T20:03:24.531Z,sell,1.03e-06,3426.0,0.0035287800000000005
IDEX/BTC,1610827404532,2021-01-16T20:03:24.532Z,sell,1.03e-06,9189.0,0.009464670000000001
IDEX/BTC,1610827404535,2021-01-16T20:03:24.535Z,sell,1.03e-06,1638.0,0.0016871400000000002
IDEX/BTC,1610827404576,2021-01-16T20:03:24.576Z,buy,1.04e-06,3379.0,0.00351416
IDEX/BTC,1610827405519,2021-01-16T20:03:25.519Z,sell,1.03e-06,125.0,0.00012875
IDEX/BTC,1610827410273,2021-01-16T20:03:30.273Z,buy,1.04e-06,139.0,0.00014456
IDEX/BTC,1610827413884,2021-01-16T20:03:33.884Z,buy,1.04e-06,1110.0,0.0011544
IDEX/BTC,1610827416858,2021-01-16T20:03:36.858Z,sell,1.04e-06,139.0,0.00014456
IDEX/BTC,1610827417544,2021-01-16T20:03:37.544Z,sell,1.04e-06,123.0,0.00012792
IDEX/BTC,1610827417544,2021-01-16T20:03:37.544Z,sell,1.03e-06,54216.0,0.05584248000000001
IDEX/BTC,1610827421269,2021-01-16T20:03:41.269Z,sell,1.03e-06,500.0,0.000515
IDEX/BTC,1610827431128,2021-01-16T20:03:51.128Z,sell,1.02e-06,9364.0,0.00955128
IDEX/BTC,1610827438868,2021-01-16T20:03:58.868Z,buy,1.03e-06,410.0,0.0004223
IDEX/BTC,1610827467569,2021-01-16T20:04:27.569Z,sell,1.02e-06,10593.0,0.01080486
IDEX/BTC,1610827470100,2021-01-16T20:04:30.100Z,buy,1.02e-06,2015.0,0.0020553
IDEX/BTC,1610827470857,2021-01-16T20:04:30.857Z,buy,1.02e-06,291.0,0.00029682
IDEX/BTC,1610827495012,2021-01-16T20:04:55.012Z,buy,1.02e-06,993.0,0.00101286
IDEX/BTC,1610827519155,2021-01-16T20:05:19.155Z,sell,1.01e-06,125.0,0.00012625
IDEX/BTC,1610827537925,2021-01-16T20:05:37.925Z,buy,1.02e-06,626.0,0.00063852
IDEX/BTC,1610827602334,2021-01-16T20:06:42.334Z,buy,1.02e-06,831.0,0.00084762
IDEX/BTC,1610827613434,2021-01-16T20:06:53.434Z,buy,1.02e-06,744.0,0.00075888
IDEX/BTC,1610827642245,2021-01-16T20:07:22.245Z,buy,1.02e-06,1293.0,0.00131886
IDEX/BTC,1610827649924,2021-01-16T20:07:29.924Z,sell,1.01e-06,3924.0,0.003963240000000001
IDEX/BTC,1610827652138,2021-01-16T20:07:32.138Z,sell,1.01e-06,14451.0,0.01459551
IDEX/BTC,1610827652138,2021-01-16T20:07:32.138Z,sell,1e-06,13363.0,0.013363
IDEX/BTC,1610827653017,2021-01-16T20:07:33.017Z,buy,1.01e-06,673.0,0.00067973
IDEX/BTC,1610827653956,2021-01-16T20:07:33.956Z,sell,1e-06,139.0,0.000139
IDEX/BTC,1610827656319,2021-01-16T20:07:36.319Z,sell,1e-06,4649.0,0.0046489999999999995
IDEX/BTC,1610827656510,2021-01-16T20:07:36.510Z,buy,1e-06,576.0,0.000576
IDEX/BTC,1610827869912,2021-01-16T20:11:09.912Z,sell,1e-06,122.0,0.000122
IDEX/BTC,1610827910667,2021-01-16T20:11:50.667Z,sell,1e-06,15044.0,0.015044
IDEX/BTC,1610827911153,2021-01-16T20:11:51.153Z,sell,1e-06,673.0,0.000673
IDEX/BTC,1610827911433,2021-01-16T20:11:51.433Z,buy,1e-06,11969.0,0.011968999999999999
IDEX/BTC,1610827911433,2021-01-16T20:11:51.433Z,buy,1.01e-06,349.0,0.00035249
IDEX/BTC,1610827911473,2021-01-16T20:11:51.473Z,buy,1.01e-06,2964.0,0.00299364
IDEX/BTC,1610827918460,2021-01-16T20:11:58.460Z,buy,1.01e-06,8768.0,0.008855680000000001
IDEX/BTC,1610827925550,2021-01-16T20:12:05.550Z,buy,1.02e-06,5238.0,0.00534276
IDEX/BTC,1610827935175,2021-01-16T20:12:15.175Z,buy,1.02e-06,2935.0,0.0029936999999999997
IDEX/BTC,1610827935185,2021-01-16T20:12:15.185Z,buy,1.02e-06,3374.0,0.00344148
IDEX/BTC,1610827940419,2021-01-16T20:12:20.419Z,buy,1.01e-06,422.0,0.00042622000000000005
IDEX/BTC,1610827940420,2021-01-16T20:12:20.420Z,buy,1.01e-06,422.0,0.00042622000000000005
IDEX/BTC,1610827940420,2021-01-16T20:12:20.420Z,buy,1.01e-06,4754.0,0.00480154
IDEX/BTC,1610827940420,2021-01-16T20:12:20.420Z,buy,1.02e-06,422.0,0.00043044
IDEX/BTC,1610827940420,2021-01-16T20:12:20.420Z,buy,1.02e-06,422.0,0.00043044
IDEX/BTC,1610827940420,2021-01-16T20:12:20.420Z,buy,1.02e-06,422.0,0.00043044
IDEX/BTC,1610827940420,2021-01-16T20:12:20.420Z,buy,1.02e-06,422.0,0.00043044
IDEX/BTC,1610827940420,2021-01-16T20:12:20.420Z,buy,1.02e-06,422.0,0.00043044
IDEX/BTC,1610827940420,2021-01-16T20:12:20.420Z,buy,1.02e-06,422.0,0.00043044
IDEX/BTC,1610827940420,2021-01-16T20:12:20.420Z,buy,1.02e-06,422.0,0.00043044
IDEX/BTC,1610827940420,2021-01-16T20:12:20.420Z,buy,1.02e-06,422.0,0.00043044
IDEX/BTC,1610827940420,2021-01-16T20:12:20.420Z,buy,1.02e-06,422.0,0.00043044
IDEX/BTC,1610827940420,2021-01-16T20:12:20.420Z,buy,1.02e-06,422.0,0.00043044
IDEX/BTC,1610827940421,2021-01-16T20:12:20.421Z,buy,1.02e-06,422.0,0.00043044
IDEX/BTC,1610827940421,2021-01-16T20:12:20.421Z,buy,1.02e-06,422.0,0.00043044
IDEX/BTC,1610827940421,2021-01-16T20:12:20.421Z,buy,1.02e-06,422.0,0.00043044
IDEX/BTC,1610827940421,2021-01-16T20:12:20.421Z,buy,1.02e-06,422.0,0.00043044
IDEX/BTC,1610827940422,2021-01-16T20:12:20.422Z,buy,1.02e-06,422.0,0.00043044
IDEX/BTC,1610827940422,2021-01-16T20:12:20.422Z,buy,1.02e-06,422.0,0.00043044
IDEX/BTC,1610827940422,2021-01-16T20:12:20.422Z,buy,1.02e-06,422.0,0.00043044
IDEX/BTC,1610827940422,2021-01-16T20:12:20.422Z,buy,1.02e-06,422.0,0.00043044
IDEX/BTC,1610827940422,2021-01-16T20:12:20.422Z,buy,1.02e-06,422.0,0.00043044
IDEX/BTC,1610827940422,2021-01-16T20:12:20.422Z,buy,1.02e-06,422.0,0.00043044
IDEX/BTC,1610827940423,2021-01-16T20:12:20.423Z,buy,1.02e-06,422.0,0.00043044
IDEX/BTC,1610827940423,2021-01-16T20:12:20.423Z,buy,1.02e-06,422.0,0.00043044
IDEX/BTC,1610827940423,2021-01-16T20:12:20.423Z,buy,1.02e-06,422.0,0.00043044
IDEX/BTC,1610827940423,2021-01-16T20:12:20.423Z,buy,1.02e-06,422.0,0.00043044
IDEX/BTC,1610827940424,2021-01-16T20:12:20.424Z,buy,1.02e-06,422.0,0.00043044
IDEX/BTC,1610827940424,2021-01-16T20:12:20.424Z,buy,1.02e-06,422.0,0.00043044
IDEX/BTC,1610827940424,2021-01-16T20:12:20.424Z,buy,1.02e-06,422.0,0.00043044
IDEX/BTC,1610827940424,2021-01-16T20:12:20.424Z,buy,1.02e-06,5598.0,0.00570996
IDEX/BTC,1610827940424,2021-01-16T20:12:20.424Z,buy,1.02e-06,422.0,0.00043044
IDEX/BTC,1610827940424,2021-01-16T20:12:20.424Z,buy,1.02e-06,422.0,0.00043044
IDEX/BTC,1610827940424,2021-01-16T20:12:20.424Z,buy,1.02e-06,422.0,0.00043044
IDEX/BTC,1610827940425,2021-01-16T20:12:20.425Z,buy,1.02e-06,422.0,0.00043044
IDEX/BTC,1610827940425,2021-01-16T20:12:20.425Z,buy,1.02e-06,422.0,0.00043044
IDEX/BTC,1610827940425,2021-01-16T20:12:20.425Z,buy,1.02e-06,422.0,0.00043044
IDEX/BTC,1610827940425,2021-01-16T20:12:20.425Z,buy,1.02e-06,422.0,0.00043044
IDEX/BTC,1610827940425,2021-01-16T20:12:20.425Z,buy,1.02e-06,422.0,0.00043044
IDEX/BTC,1610827940426,2021-01-16T20:12:20.426Z,buy,1.02e-06,422.0,0.00043044
IDEX/BTC,1610827940426,2021-01-16T20:12:20.426Z,buy,1.02e-06,422.0,0.00043044
IDEX/BTC,1610827940426,2021-01-16T20:12:20.426Z,buy,1.02e-06,422.0,0.00043044
IDEX/BTC,1610827940426,2021-01-16T20:12:20.426Z,buy,1.02e-06,422.0,0.00043044
IDEX/BTC,1610827940427,2021-01-16T20:12:20.427Z,buy,1.02e-06,422.0,0.00043044
IDEX/BTC,1610827940427,2021-01-16T20:12:20.427Z,buy,1.02e-06,422.0,0.00043044
IDEX/BTC,1610827940427,2021-01-16T20:12:20.427Z,buy,1.02e-06,1501.0,0.00153102
IDEX/BTC,1610827940431,2021-01-16T20:12:20.431Z,buy,1.02e-06,422.0,0.00043044
IDEX/BTC,1610827940431,2021-01-16T20:12:20.431Z,buy,1.02e-06,422.0,0.00043044
IDEX/BTC,1610827940454,2021-01-16T20:12:20.454Z,buy,1.02e-06,1303.0,0.00132906
IDEX/BTC,1610827940456,2021-01-16T20:12:20.456Z,sell,1e-06,5868.0,0.005868
IDEX/BTC,1610827989996,2021-01-16T20:13:09.996Z,sell,9.9e-07,7069.0,0.006998310000000001
IDEX/BTC,1610828068913,2021-01-16T20:14:28.913Z,buy,1e-06,5849.0,0.005849
IDEX/BTC,1610828068917,2021-01-16T20:14:28.917Z,buy,1.01e-06,6055.0,0.006115550000000001
IDEX/BTC,1610828068917,2021-01-16T20:14:28.917Z,buy,1.02e-06,5850.0,0.005967
IDEX/BTC,1610828068939,2021-01-16T20:14:28.939Z,buy,1.02e-06,5727.0,0.00584154
IDEX/BTC,1610828068939,2021-01-16T20:14:28.939Z,buy,1.02e-06,5727.0,0.00584154
IDEX/BTC,1610828376466,2021-01-16T20:19:36.466Z,buy,1.01e-06,648.0,0.00065448
IDEX/BTC,1610828407607,2021-01-16T20:20:07.607Z,sell,1e-06,9476.0,0.009476
IDEX/BTC,1610828456876,2021-01-16T20:20:56.876Z,sell,1e-06,2594.0,0.002594
IDEX/BTC,1610828458699,2021-01-16T20:20:58.699Z,sell,1e-06,1362.0,0.001362
IDEX/BTC,1610828474098,2021-01-16T20:21:14.098Z,buy,1.01e-06,3152.0,0.00318352
IDEX/BTC,1610828502390,2021-01-16T20:21:42.390Z,buy,1.01e-06,816.0,0.0008241600000000001
IDEX/BTC,1610828776127,2021-01-16T20:26:16.127Z,buy,1.01e-06,15681.0,0.01583781
IDEX/BTC,1610828781472,2021-01-16T20:26:21.472Z,buy,1.02e-06,581.0,0.00059262
IDEX/BTC,1610828871480,2021-01-16T20:27:51.480Z,buy,1.01e-06,682.0,0.00068882
IDEX/BTC,1610828929741,2021-01-16T20:28:49.741Z,buy,1.01e-06,3945.0,0.0039844500000000005
IDEX/BTC,1610828929741,2021-01-16T20:28:49.741Z,buy,1.02e-06,79003.0,0.08058306
IDEX/BTC,1610828929741,2021-01-16T20:28:49.741Z,buy,1.03e-06,2374.0,0.00244522
IDEX/BTC,1610828937969,2021-01-16T20:28:57.969Z,buy,1.02e-06,6991.0,0.0071308199999999995
IDEX/BTC,1610828938532,2021-01-16T20:28:58.532Z,buy,1.03e-06,3298.0,0.00339694
IDEX/BTC,1610828938532,2021-01-16T20:28:58.532Z,buy,1.04e-06,10239.0,0.01064856
IDEX/BTC,1610828955173,2021-01-16T20:29:15.173Z,buy,1.04e-06,965.0,0.0010035999999999999
IDEX/BTC,1610828962553,2021-01-16T20:29:22.553Z,buy,1.04e-06,13309.0,0.01384136
IDEX/BTC,1610828997637,2021-01-16T20:29:57.637Z,sell,1.03e-06,39124.0,0.04029772
IDEX/BTC,1610829006199,2021-01-16T20:30:06.199Z,buy,1.04e-06,5423.0,0.00563992
IDEX/BTC,1610829008926,2021-01-16T20:30:08.926Z,sell,1.03e-06,763.0,0.00078589
IDEX/BTC,1610829010120,2021-01-16T20:30:10.120Z,sell,1.03e-06,634.0,0.00065302
IDEX/BTC,1610829010161,2021-01-16T20:30:10.161Z,sell,1.03e-06,357.0,0.00036771000000000004
IDEX/BTC,1610829021255,2021-01-16T20:30:21.255Z,sell,1.03e-06,6216.0,0.00640248
IDEX/BTC,1610829021255,2021-01-16T20:30:21.255Z,sell,1.02e-06,34090.0,0.0347718
IDEX/BTC,1610829042287,2021-01-16T20:30:42.287Z,buy,1.02e-06,756.0,0.00077112
IDEX/BTC,1610829047464,2021-01-16T20:30:47.464Z,buy,1.02e-06,7411.0,0.00755922
IDEX/BTC,1610829076134,2021-01-16T20:31:16.134Z,buy,1.02e-06,4930.0,0.0050286
IDEX/BTC,1610829138469,2021-01-16T20:32:18.469Z,sell,1.01e-06,47813.0,0.04829113
IDEX/BTC,1610829138677,2021-01-16T20:32:18.677Z,buy,1.01e-06,10329.0,0.01043229
IDEX/BTC,1610829142044,2021-01-16T20:32:22.044Z,sell,1.01e-06,7244.0,0.0073164400000000004
IDEX/BTC,1610829145055,2021-01-16T20:32:25.055Z,sell,1e-06,45350.0,0.045349999999999994
IDEX/BTC,1610829150144,2021-01-16T20:32:30.144Z,sell,1e-06,5547.0,0.005547
IDEX/BTC,1610829151267,2021-01-16T20:32:31.267Z,sell,1e-06,105191.0,0.10519099999999999
IDEX/BTC,1610829151274,2021-01-16T20:32:31.274Z,buy,1e-06,405.0,0.000405
IDEX/BTC,1610829151274,2021-01-16T20:32:31.274Z,buy,1e-06,405.0,0.000405
IDEX/BTC,1610829151274,2021-01-16T20:32:31.274Z,buy,1e-06,405.0,0.000405
IDEX/BTC,1610829151274,2021-01-16T20:32:31.274Z,buy,1e-06,405.0,0.000405
IDEX/BTC,1610829151274,2021-01-16T20:32:31.274Z,buy,1e-06,405.0,0.000405
IDEX/BTC,1610829151274,2021-01-16T20:32:31.274Z,buy,1e-06,405.0,0.000405
IDEX/BTC,1610829151274,2021-01-16T20:32:31.274Z,buy,1e-06,405.0,0.000405
IDEX/BTC,1610829151274,2021-01-16T20:32:31.274Z,buy,1e-06,405.0,0.000405
IDEX/BTC,1610829151274,2021-01-16T20:32:31.274Z,buy,1e-06,405.0,0.000405
IDEX/BTC,1610829151274,2021-01-16T20:32:31.274Z,buy,1e-06,405.0,0.000405
IDEX/BTC,1610829151274,2021-01-16T20:32:31.274Z,buy,1e-06,405.0,0.000405
IDEX/BTC,1610829151275,2021-01-16T20:32:31.275Z,buy,1e-06,405.0,0.000405
IDEX/BTC,1610829151275,2021-01-16T20:32:31.275Z,buy,1e-06,405.0,0.000405
IDEX/BTC,1610829151275,2021-01-16T20:32:31.275Z,buy,1e-06,405.0,0.000405
IDEX/BTC,1610829151276,2021-01-16T20:32:31.276Z,buy,1e-06,405.0,0.000405
IDEX/BTC,1610829151276,2021-01-16T20:32:31.276Z,buy,1e-06,405.0,0.000405
IDEX/BTC,1610829151276,2021-01-16T20:32:31.276Z,buy,1e-06,405.0,0.000405
IDEX/BTC,1610829151276,2021-01-16T20:32:31.276Z,buy,1e-06,405.0,0.000405
IDEX/BTC,1610829151276,2021-01-16T20:32:31.276Z,buy,1e-06,405.0,0.000405
IDEX/BTC,1610829151276,2021-01-16T20:32:31.276Z,buy,1e-06,405.0,0.000405
IDEX/BTC,1610829151276,2021-01-16T20:32:31.276Z,buy,1e-06,405.0,0.000405
IDEX/BTC,1610829151276,2021-01-16T20:32:31.276Z,buy,1e-06,405.0,0.000405
IDEX/BTC,1610829151277,2021-01-16T20:32:31.277Z,buy,1e-06,405.0,0.000405
IDEX/BTC,1610829151277,2021-01-16T20:32:31.277Z,buy,1e-06,405.0,0.000405
IDEX/BTC,1610829151277,2021-01-16T20:32:31.277Z,buy,1e-06,405.0,0.000405
IDEX/BTC,1610829151279,2021-01-16T20:32:31.279Z,buy,1e-06,405.0,0.000405
IDEX/BTC,1610829151279,2021-01-16T20:32:31.279Z,buy,1e-06,405.0,0.000405
IDEX/BTC,1610829151279,2021-01-16T20:32:31.279Z,buy,1e-06,405.0,0.000405
IDEX/BTC,1610829151279,2021-01-16T20:32:31.279Z,buy,1e-06,405.0,0.000405
IDEX/BTC,1610829151279,2021-01-16T20:32:31.279Z,buy,1e-06,405.0,0.000405
IDEX/BTC,1610829151279,2021-01-16T20:32:31.279Z,buy,1e-06,405.0,0.000405
IDEX/BTC,1610829151279,2021-01-16T20:32:31.279Z,buy,1e-06,405.0,0.000405
IDEX/BTC,1610829151279,2021-01-16T20:32:31.279Z,buy,1e-06,405.0,0.000405
IDEX/BTC,1610829151279,2021-01-16T20:32:31.279Z,buy,1e-06,405.0,0.000405
IDEX/BTC,1610829151279,2021-01-16T20:32:31.279Z,buy,1e-06,405.0,0.000405
IDEX/BTC,1610829151280,2021-01-16T20:32:31.280Z,buy,1e-06,405.0,0.000405
IDEX/BTC,1610829151280,2021-01-16T20:32:31.280Z,buy,1e-06,405.0,0.000405
IDEX/BTC,1610829151280,2021-01-16T20:32:31.280Z,buy,1e-06,405.0,0.000405
IDEX/BTC,1610829151280,2021-01-16T20:32:31.280Z,buy,1e-06,405.0,0.000405
IDEX/BTC,1610829151280,2021-01-16T20:32:31.280Z,buy,1e-06,405.0,0.000405
IDEX/BTC,1610829151281,2021-01-16T20:32:31.281Z,buy,1e-06,405.0,0.000405
IDEX/BTC,1610829151281,2021-01-16T20:32:31.281Z,buy,1e-06,405.0,0.000405
IDEX/BTC,1610829151281,2021-01-16T20:32:31.281Z,buy,1e-06,405.0,0.000405
IDEX/BTC,1610829151281,2021-01-16T20:32:31.281Z,buy,1e-06,405.0,0.000405
IDEX/BTC,1610829151284,2021-01-16T20:32:31.284Z,buy,1e-06,1502.0,0.0015019999999999999
IDEX/BTC,1610829151286,2021-01-16T20:32:31.286Z,buy,1e-06,405.0,0.000405
IDEX/BTC,1610829153892,2021-01-16T20:32:33.892Z,sell,9.9e-07,7262.0,0.00718938
IDEX/BTC,1610829153892,2021-01-16T20:32:33.892Z,sell,9.8e-07,5565.0,0.0054537
IDEX/BTC,1610829154416,2021-01-16T20:32:34.416Z,sell,9.8e-07,710.0,0.0006958
IDEX/BTC,1610829154585,2021-01-16T20:32:34.585Z,buy,9.9e-07,115.0,0.00011385
IDEX/BTC,1610829160090,2021-01-16T20:32:40.090Z,buy,9.9e-07,306.0,0.00030294
IDEX/BTC,1610829161209,2021-01-16T20:32:41.209Z,sell,9.8e-07,12951.0,0.012691979999999999
IDEX/BTC,1610829161209,2021-01-16T20:32:41.209Z,sell,9.7e-07,60424.0,0.05861128
IDEX/BTC,1610829161209,2021-01-16T20:32:41.209Z,sell,9.6e-07,3961.0,0.0038025599999999995
IDEX/BTC,1610829162322,2021-01-16T20:32:42.322Z,buy,9.8e-07,840.0,0.0008232
IDEX/BTC,1610829163622,2021-01-16T20:32:43.622Z,sell,9.7e-07,193.0,0.00018721000000000002
IDEX/BTC,1610829168618,2021-01-16T20:32:48.618Z,sell,9.7e-07,1255.0,0.00121735
IDEX/BTC,1610829168618,2021-01-16T20:32:48.618Z,sell,9.6e-07,115186.0,0.11057855999999999
IDEX/BTC,1610829178174,2021-01-16T20:32:58.174Z,sell,9.6e-07,66487.0,0.06382752
IDEX/BTC,1610829178174,2021-01-16T20:32:58.174Z,sell,9.5e-07,22788.0,0.0216486
IDEX/BTC,1610829179378,2021-01-16T20:32:59.378Z,buy,9.7e-07,9787.0,0.00949339
IDEX/BTC,1610829179438,2021-01-16T20:32:59.438Z,sell,9.7e-07,522.0,0.00050634
IDEX/BTC,1610829180353,2021-01-16T20:33:00.353Z,buy,9.6e-07,3775.0,0.0036239999999999996
IDEX/BTC,1610829180357,2021-01-16T20:33:00.357Z,buy,9.6e-07,1255.0,0.0012047999999999998
IDEX/BTC,1610829181611,2021-01-16T20:33:01.611Z,buy,9.6e-07,459.0,0.00044063999999999996
IDEX/BTC,1610829185861,2021-01-16T20:33:05.861Z,buy,9.7e-07,1744.0,0.00169168
IDEX/BTC,1610829188620,2021-01-16T20:33:08.620Z,sell,9.7e-07,500.0,0.000485
IDEX/BTC,1610829199199,2021-01-16T20:33:19.199Z,sell,9.6e-07,4361.0,0.00418656
IDEX/BTC,1610829200540,2021-01-16T20:33:20.540Z,sell,9.6e-07,1647.0,0.0015811199999999999
IDEX/BTC,1610829200540,2021-01-16T20:33:20.540Z,sell,9.5e-07,14159.0,0.01345105
IDEX/BTC,1610829200541,2021-01-16T20:33:20.541Z,sell,9.5e-07,49806.0,0.0473157
IDEX/BTC,1610829203003,2021-01-16T20:33:23.003Z,sell,9.5e-07,10306.0,0.0097907
IDEX/BTC,1610829203003,2021-01-16T20:33:23.003Z,sell,9.5e-07,7353.0,0.00698535
IDEX/BTC,1610829214956,2021-01-16T20:33:34.956Z,sell,9.5e-07,1123.0,0.00106685
IDEX/BTC,1610829223423,2021-01-16T20:33:43.423Z,buy,9.6e-07,8916.0,0.008559359999999998
IDEX/BTC,1610829235000,2021-01-16T20:33:55.000Z,buy,9.6e-07,3368.0,0.00323328
IDEX/BTC,1610829238601,2021-01-16T20:33:58.601Z,buy,9.6e-07,1250.0,0.0012
IDEX/BTC,1610829242232,2021-01-16T20:34:02.232Z,buy,9.6e-07,229.0,0.00021983999999999998
IDEX/BTC,1610829249794,2021-01-16T20:34:09.794Z,buy,9.6e-07,3007.0,0.0028867199999999997
IDEX/BTC,1610829290500,2021-01-16T20:34:50.500Z,sell,9.6e-07,9814.0,0.00942144
IDEX/BTC,1610829290507,2021-01-16T20:34:50.507Z,sell,9.6e-07,3584.0,0.0034406399999999996
IDEX/BTC,1610829290507,2021-01-16T20:34:50.507Z,sell,9.5e-07,23067.0,0.02191365
IDEX/BTC,1610829290508,2021-01-16T20:34:50.508Z,sell,9.5e-07,7748.0,0.0073606
IDEX/BTC,1610829290516,2021-01-16T20:34:50.516Z,sell,9.5e-07,8034.0,0.0076323
IDEX/BTC,1610829294316,2021-01-16T20:34:54.316Z,buy,9.7e-07,6895.0,0.00668815
IDEX/BTC,1610829295363,2021-01-16T20:34:55.363Z,sell,9.5e-07,78348.0,0.0744306
IDEX/BTC,1610829295363,2021-01-16T20:34:55.363Z,sell,9.4e-07,43058.0,0.04047452
IDEX/BTC,1610829295363,2021-01-16T20:34:55.363Z,sell,9.4e-07,5046.0,0.00474324
IDEX/BTC,1610829297449,2021-01-16T20:34:57.449Z,sell,9.4e-07,77954.0,0.07327676
IDEX/BTC,1610829297449,2021-01-16T20:34:57.449Z,sell,9.3e-07,148338.0,0.13795434
IDEX/BTC,1610829297449,2021-01-16T20:34:57.449Z,sell,9.2e-07,382770.0,0.3521484
IDEX/BTC,1610829297455,2021-01-16T20:34:57.455Z,buy,9.2e-07,16487.0,0.015168039999999999
IDEX/BTC,1610829297462,2021-01-16T20:34:57.462Z,buy,9.3e-07,1811.0,0.0016842299999999999
IDEX/BTC,1610829297468,2021-01-16T20:34:57.468Z,buy,9.3e-07,952.0,0.00088536
IDEX/BTC,1610829297475,2021-01-16T20:34:57.475Z,buy,9.3e-07,2781.0,0.00258633
IDEX/BTC,1610829297488,2021-01-16T20:34:57.488Z,buy,9.3e-07,1003.0,0.00093279
IDEX/BTC,1610829298723,2021-01-16T20:34:58.723Z,buy,9.5e-07,126.0,0.0001197
IDEX/BTC,1610829299224,2021-01-16T20:34:59.224Z,sell,9.3e-07,193.0,0.00017949
IDEX/BTC,1610829302296,2021-01-16T20:35:02.296Z,buy,9.3e-07,531.0,0.00049383
IDEX/BTC,1610829305477,2021-01-16T20:35:05.477Z,buy,9.3e-07,2608.0,0.00242544
IDEX/BTC,1610829306191,2021-01-16T20:35:06.191Z,buy,9.3e-07,2118.0,0.0019697399999999998
IDEX/BTC,1610829310610,2021-01-16T20:35:10.610Z,buy,9.4e-07,5446.0,0.00511924
IDEX/BTC,1610829310625,2021-01-16T20:35:10.625Z,buy,9.4e-07,2017.0,0.00189598
IDEX/BTC,1610829313256,2021-01-16T20:35:13.256Z,sell,9.4e-07,500.0,0.00047
IDEX/BTC,1610829313557,2021-01-16T20:35:13.557Z,sell,9.4e-07,4508.0,0.00423752
IDEX/BTC,1610829313743,2021-01-16T20:35:13.743Z,sell,9.4e-07,500.0,0.00047
IDEX/BTC,1610829328905,2021-01-16T20:35:28.905Z,buy,9.5e-07,5002.0,0.0047519
IDEX/BTC,1610829352440,2021-01-16T20:35:52.440Z,buy,9.5e-07,3356.0,0.0031882
IDEX/BTC,1610829355784,2021-01-16T20:35:55.784Z,buy,9.5e-07,17685.0,0.01680075
IDEX/BTC,1610829355797,2021-01-16T20:35:55.797Z,sell,9.5e-07,1838.0,0.0017461
IDEX/BTC,1610829381144,2021-01-16T20:36:21.144Z,sell,9.5e-07,388.0,0.0003686
IDEX/BTC,1610829382876,2021-01-16T20:36:22.876Z,buy,9.6e-07,9819.0,0.009426239999999999
IDEX/BTC,1610829421633,2021-01-16T20:37:01.633Z,sell,9.5e-07,20071.0,0.01906745
IDEX/BTC,1610829421633,2021-01-16T20:37:01.633Z,sell,9.4e-07,162454.0,0.15270676
IDEX/BTC,1610829421633,2021-01-16T20:37:01.633Z,sell,9.4e-07,7168.0,0.00673792
IDEX/BTC,1610829421633,2021-01-16T20:37:01.633Z,sell,9.3e-07,17409.0,0.01619037
IDEX/BTC,1610829421639,2021-01-16T20:37:01.639Z,buy,9.3e-07,78457.0,0.07296501
IDEX/BTC,1610829421655,2021-01-16T20:37:01.655Z,sell,9.2e-07,16160.0,0.014867199999999999
IDEX/BTC,1610829422693,2021-01-16T20:37:02.693Z,sell,9.2e-07,67292.0,0.06190864
IDEX/BTC,1610829425069,2021-01-16T20:37:05.069Z,sell,9.2e-07,5667.0,0.00521364
IDEX/BTC,1610829430945,2021-01-16T20:37:10.945Z,buy,9.3e-07,5863.0,0.00545259
IDEX/BTC,1610829433842,2021-01-16T20:37:13.842Z,sell,9.2e-07,424.0,0.00039008
IDEX/BTC,1610829434791,2021-01-16T20:37:14.791Z,sell,9.2e-07,200000.0,0.184
IDEX/BTC,1610829435313,2021-01-16T20:37:15.313Z,buy,9.3e-07,3853.0,0.00358329
IDEX/BTC,1610829437904,2021-01-16T20:37:17.904Z,sell,9.3e-07,11807.0,0.01098051
IDEX/BTC,1610829437904,2021-01-16T20:37:17.904Z,sell,9.2e-07,23827.0,0.02192084
IDEX/BTC,1610829442632,2021-01-16T20:37:22.632Z,sell,9.3e-07,5837.0,0.00542841
IDEX/BTC,1610829454856,2021-01-16T20:37:34.856Z,sell,9.3e-07,22879.0,0.02127747
IDEX/BTC,1610829460172,2021-01-16T20:37:40.172Z,sell,9.3e-07,1255.0,0.00116715
IDEX/BTC,1610829464672,2021-01-16T20:37:44.672Z,buy,9.4e-07,6554.0,0.00616076
IDEX/BTC,1610829491061,2021-01-16T20:38:11.061Z,buy,9.4e-07,407.0,0.00038258
IDEX/BTC,1610829497168,2021-01-16T20:38:17.168Z,buy,9.4e-07,93.0,8.742e-05
IDEX/BTC,1610829497177,2021-01-16T20:38:17.177Z,sell,9.4e-07,5118.0,0.00481092
IDEX/BTC,1610829503521,2021-01-16T20:38:23.521Z,sell,9.4e-07,21179.0,0.01990826
IDEX/BTC,1610829503900,2021-01-16T20:38:23.900Z,sell,9.4e-07,5171.0,0.00486074
IDEX/BTC,1610829507905,2021-01-16T20:38:27.905Z,sell,9.3e-07,19703.0,0.01832379
IDEX/BTC,1610829510961,2021-01-16T20:38:30.961Z,sell,9.2e-07,10899.0,0.010027079999999999
IDEX/BTC,1610829562107,2021-01-16T20:39:22.107Z,sell,9.3e-07,10752.0,0.00999936
IDEX/BTC,1610829577421,2021-01-16T20:39:37.421Z,buy,9.4e-07,110.0,0.0001034
IDEX/BTC,1610829582661,2021-01-16T20:39:42.661Z,sell,9.3e-07,10752.0,0.00999936
IDEX/BTC,1610829586678,2021-01-16T20:39:46.678Z,buy,9.4e-07,2460.0,0.0023124
IDEX/BTC,1610829607470,2021-01-16T20:40:07.470Z,sell,9.3e-07,3873.0,0.00360189
IDEX/BTC,1610829614546,2021-01-16T20:40:14.546Z,buy,9.3e-07,2487.0,0.00231291
IDEX/BTC,1610829614899,2021-01-16T20:40:14.899Z,buy,9.3e-07,68908.0,0.06408443999999999
IDEX/BTC,1610829645853,2021-01-16T20:40:45.853Z,sell,9.3e-07,53763.0,0.04999959
IDEX/BTC,1610829652288,2021-01-16T20:40:52.288Z,sell,9.3e-07,51727.0,0.04810611
IDEX/BTC,1610829667710,2021-01-16T20:41:07.710Z,sell,9.3e-07,21505.0,0.01999965
IDEX/BTC,1610829670156,2021-01-16T20:41:10.156Z,sell,9.3e-07,100.0,9.3e-05
IDEX/BTC,1610829670156,2021-01-16T20:41:10.156Z,sell,9.2e-07,93.0,8.556e-05
IDEX/BTC,1610829699281,2021-01-16T20:41:39.281Z,sell,9.2e-07,834.0,0.00076728
IDEX/BTC,1610829709054,2021-01-16T20:41:49.054Z,sell,9.2e-07,11642.0,0.01071064
IDEX/BTC,1610829713958,2021-01-16T20:41:53.958Z,buy,9.3e-07,5450.0,0.0050685
IDEX/BTC,1610829720740,2021-01-16T20:42:00.740Z,sell,9.3e-07,500.0,0.00046499999999999997
IDEX/BTC,1610829726741,2021-01-16T20:42:06.741Z,sell,9.3e-07,19409.0,0.01805037
IDEX/BTC,1610829745426,2021-01-16T20:42:25.426Z,sell,9.3e-07,6638.0,0.00617334
IDEX/BTC,1610829782383,2021-01-16T20:43:02.383Z,buy,9.4e-07,7239.0,0.00680466
IDEX/BTC,1610829804561,2021-01-16T20:43:24.561Z,sell,9.3e-07,5969.0,0.00555117
IDEX/BTC,1610829813785,2021-01-16T20:43:33.785Z,buy,9.3e-07,23168.0,0.02154624
IDEX/BTC,1610829839083,2021-01-16T20:43:59.083Z,sell,9.3e-07,5657.0,0.00526101
IDEX/BTC,1610829907972,2021-01-16T20:45:07.972Z,buy,9.3e-07,1737.0,0.00161541
IDEX/BTC,1610830071819,2021-01-16T20:47:51.819Z,sell,9.3e-07,5080.0,0.0047244
IDEX/BTC,1610830215327,2021-01-16T20:50:15.327Z,buy,9.4e-07,1000.0,0.00094
IDEX/BTC,1610830316387,2021-01-16T20:51:56.387Z,buy,9.4e-07,7337.0,0.00689678
IDEX/BTC,1610830317372,2021-01-16T20:51:57.372Z,buy,9.4e-07,49316.0,0.04635704
IDEX/BTC,1610830363078,2021-01-16T20:52:43.078Z,buy,9.4e-07,9606.0,0.00902964
IDEX/BTC,1610830368192,2021-01-16T20:52:48.192Z,buy,9.4e-07,713.0,0.00067022
IDEX/BTC,1610830383380,2021-01-16T20:53:03.380Z,buy,9.4e-07,20088.0,0.01888272
IDEX/BTC,1610830383380,2021-01-16T20:53:03.380Z,buy,9.4e-07,7855.0,0.0073837
IDEX/BTC,1610830450058,2021-01-16T20:54:10.058Z,buy,9.4e-07,108.0,0.00010152
IDEX/BTC,1610830455281,2021-01-16T20:54:15.281Z,sell,9.4e-07,1659.0,0.00155946
IDEX/BTC,1610830470634,2021-01-16T20:54:30.634Z,buy,9.5e-07,5263.0,0.00499985
IDEX/BTC,1610830572121,2021-01-16T20:56:12.121Z,sell,9.4e-07,5271.0,0.00495474
IDEX/BTC,1610830729382,2021-01-16T20:58:49.382Z,sell,9.4e-07,970.0,0.0009118
IDEX/BTC,1610830812250,2021-01-16T21:00:12.250Z,sell,9.4e-07,7290.0,0.0068526
IDEX/BTC,1610830965169,2021-01-16T21:02:45.169Z,sell,9.4e-07,112955.0,0.1061777
IDEX/BTC,1610830978912,2021-01-16T21:02:58.912Z,sell,9.4e-07,6547.0,0.00615418
IDEX/BTC,1610831033138,2021-01-16T21:03:53.138Z,sell,9.4e-07,482.0,0.00045308
IDEX/BTC,1610831072334,2021-01-16T21:04:32.334Z,sell,9.4e-07,3871.0,0.00363874
IDEX/BTC,1610831077435,2021-01-16T21:04:37.435Z,buy,9.5e-07,97210.0,0.0923495
IDEX/BTC,1610831213579,2021-01-16T21:06:53.579Z,buy,9.5e-07,529.0,0.00050255
IDEX/BTC,1610831278071,2021-01-16T21:07:58.071Z,buy,9.6e-07,254.0,0.00024383999999999997
IDEX/BTC,1610831319615,2021-01-16T21:08:39.615Z,sell,9.5e-07,8198.0,0.0077881
IDEX/BTC,1610831322156,2021-01-16T21:08:42.156Z,sell,9.5e-07,3596.0,0.0034162
IDEX/BTC,1610831473356,2021-01-16T21:11:13.356Z,buy,9.6e-07,192723.0,0.18501407999999997
IDEX/BTC,1610831473362,2021-01-16T21:11:13.362Z,sell,9.6e-07,7277.0,0.00698592
IDEX/BTC,1610831473383,2021-01-16T21:11:13.383Z,sell,9.5e-07,7277.0,0.00691315
IDEX/BTC,1610831626944,2021-01-16T21:13:46.944Z,buy,9.6e-07,27778.0,0.026666879999999997
IDEX/BTC,1610831626944,2021-01-16T21:13:46.944Z,buy,9.7e-07,72222.0,0.07005534000000001
IDEX/BTC,1610831632029,2021-01-16T21:13:52.029Z,buy,9.7e-07,5887.0,0.00571039
IDEX/BTC,1610831632029,2021-01-16T21:13:52.029Z,buy,9.8e-07,37826.0,0.037069479999999995
IDEX/BTC,1610831632029,2021-01-16T21:13:52.029Z,buy,9.9e-07,36138.0,0.03577662
IDEX/BTC,1610831632029,2021-01-16T21:13:52.029Z,buy,1e-06,100878.0,0.100878
IDEX/BTC,1610831632035,2021-01-16T21:13:52.035Z,sell,1e-06,19271.0,0.019271
IDEX/BTC,1610831632076,2021-01-16T21:13:52.076Z,sell,9.7e-07,794.0,0.00077018
IDEX/BTC,1610831632266,2021-01-16T21:13:52.266Z,sell,9.7e-07,166.0,0.00016102
IDEX/BTC,1610831635675,2021-01-16T21:13:55.675Z,buy,9.9e-07,5355.0,0.00530145
IDEX/BTC,1610831637540,2021-01-16T21:13:57.540Z,buy,9.9e-07,1687.0,0.0016701300000000001
IDEX/BTC,1610831667259,2021-01-16T21:14:27.259Z,sell,9.9e-07,500.0,0.000495
IDEX/BTC,1610831667259,2021-01-16T21:14:27.259Z,sell,9.9e-07,500.0,0.000495
IDEX/BTC,1610831669080,2021-01-16T21:14:29.080Z,sell,9.8e-07,2017.0,0.00197666
IDEX/BTC,1610831672446,2021-01-16T21:14:32.446Z,sell,9.8e-07,2813.0,0.0027567399999999997
IDEX/BTC,1610831684596,2021-01-16T21:14:44.596Z,sell,9.8e-07,1204.0,0.0011799199999999999
IDEX/BTC,1610831684596,2021-01-16T21:14:44.596Z,sell,9.7e-07,46.0,4.462e-05
IDEX/BTC,1610831689342,2021-01-16T21:14:49.342Z,sell,9.7e-07,794.0,0.00077018
IDEX/BTC,1610831694738,2021-01-16T21:14:54.738Z,buy,9.8e-07,121.0,0.00011857999999999999
IDEX/BTC,1610831715071,2021-01-16T21:15:15.071Z,buy,9.8e-07,1913.0,0.00187474
IDEX/BTC,1610831755725,2021-01-16T21:15:55.725Z,sell,9.7e-07,221.0,0.00021437
IDEX/BTC,1610831763776,2021-01-16T21:16:03.776Z,sell,9.7e-07,6889.0,0.00668233
IDEX/BTC,1610831781587,2021-01-16T21:16:21.587Z,sell,9.7e-07,3612.0,0.00350364
IDEX/BTC,1610831781587,2021-01-16T21:16:21.587Z,sell,9.6e-07,17606.0,0.01690176
IDEX/BTC,1610831822738,2021-01-16T21:17:02.738Z,buy,9.7e-07,5663.0,0.00549311
IDEX/BTC,1610832169758,2021-01-16T21:22:49.758Z,sell,9.6e-07,70714.0,0.06788543999999999
IDEX/BTC,1610832234227,2021-01-16T21:23:54.227Z,buy,9.7e-07,28618.0,0.02775946
IDEX/BTC,1610832318808,2021-01-16T21:25:18.808Z,buy,9.7e-07,6263.0,0.00607511
IDEX/BTC,1610832345139,2021-01-16T21:25:45.139Z,sell,9.6e-07,77811.0,0.07469856
IDEX/BTC,1610832345139,2021-01-16T21:25:45.139Z,sell,9.5e-07,31648.0,0.0300656
IDEX/BTC,1610832368144,2021-01-16T21:26:08.144Z,buy,9.6e-07,105.0,0.0001008
IDEX/BTC,1610832368675,2021-01-16T21:26:08.675Z,buy,9.6e-07,4382.0,0.00420672
IDEX/BTC,1610832385704,2021-01-16T21:26:25.704Z,sell,9.5e-07,3148.0,0.0029906
IDEX/BTC,1610832470990,2021-01-16T21:27:50.990Z,sell,9.5e-07,37963.0,0.03606485
IDEX/BTC,1610832528736,2021-01-16T21:28:48.736Z,sell,9.5e-07,648.0,0.0006156
IDEX/BTC,1610832566449,2021-01-16T21:29:26.449Z,buy,9.6e-07,5440.0,0.0052223999999999994
IDEX/BTC,1610832647704,2021-01-16T21:30:47.704Z,sell,9.6e-07,22533.0,0.021631679999999997
IDEX/BTC,1610832787895,2021-01-16T21:33:07.895Z,sell,9.6e-07,7170.0,0.006883199999999999
IDEX/BTC,1610832800750,2021-01-16T21:33:20.750Z,sell,9.5e-07,6841.0,0.00649895
IDEX/BTC,1610832859478,2021-01-16T21:34:19.478Z,buy,9.6e-07,255.0,0.0002448
IDEX/BTC,1610832929738,2021-01-16T21:35:29.738Z,buy,9.6e-07,23300.0,0.022368
IDEX/BTC,1610832941595,2021-01-16T21:35:41.595Z,sell,9.6e-07,21334.0,0.020480639999999998
IDEX/BTC,1610832946150,2021-01-16T21:35:46.150Z,sell,9.6e-07,1042.0,0.0010003199999999999
IDEX/BTC,1610832946150,2021-01-16T21:35:46.150Z,sell,9.5e-07,235.0,0.00022325
IDEX/BTC,1610833025706,2021-01-16T21:37:05.706Z,sell,9.5e-07,31529.0,0.02995255
IDEX/BTC,1610833063166,2021-01-16T21:37:43.166Z,buy,9.6e-07,193.0,0.00018528
IDEX/BTC,1610833110108,2021-01-16T21:38:30.108Z,sell,9.6e-07,5485.0,0.0052656
IDEX/BTC,1610833110108,2021-01-16T21:38:30.108Z,sell,9.5e-07,25186.0,0.0239267
IDEX/BTC,1610833158959,2021-01-16T21:39:18.959Z,buy,9.6e-07,6612.0,0.00634752
IDEX/BTC,1610833164432,2021-01-16T21:39:24.432Z,sell,9.6e-07,2031.0,0.0019497599999999998
IDEX/BTC,1610833164432,2021-01-16T21:39:24.432Z,sell,9.5e-07,433.0,0.00041135
IDEX/BTC,1610833766403,2021-01-16T21:49:26.403Z,buy,9.6e-07,3896.0,0.0037401599999999998
IDEX/BTC,1610833766403,2021-01-16T21:49:26.403Z,buy,9.7e-07,34974.0,0.03392478
IDEX/BTC,1610833766403,2021-01-16T21:49:26.403Z,buy,9.8e-07,31829.0,0.03119242
IDEX/BTC,1610833766403,2021-01-16T21:49:26.403Z,buy,9.9e-07,81348.0,0.08053452
IDEX/BTC,1610833766403,2021-01-16T21:49:26.403Z,buy,1e-06,82510.0,0.08251
IDEX/BTC,1610833766409,2021-01-16T21:49:26.409Z,sell,1e-06,15443.0,0.015443
IDEX/BTC,1610833766448,2021-01-16T21:49:26.448Z,sell,9.7e-07,10291.0,0.00998227
IDEX/BTC,1610833766448,2021-01-16T21:49:26.448Z,sell,9.6e-07,3088.0,0.00296448
IDEX/BTC,1610833768013,2021-01-16T21:49:28.013Z,sell,9.7e-07,3088.0,0.0029953600000000003
IDEX/BTC,1610833771728,2021-01-16T21:49:31.728Z,buy,9.9e-07,5355.0,0.00530145
IDEX/BTC,1610833773649,2021-01-16T21:49:33.649Z,buy,9.9e-07,4936.0,0.00488664
IDEX/BTC,1610833791460,2021-01-16T21:49:51.460Z,sell,9.9e-07,500.0,0.000495
IDEX/BTC,1610833801119,2021-01-16T21:50:01.119Z,sell,9.8e-07,6034.0,0.00591332
IDEX/BTC,1610833801139,2021-01-16T21:50:01.139Z,buy,9.8e-07,22556.0,0.022104879999999997
IDEX/BTC,1610833801139,2021-01-16T21:50:01.139Z,buy,9.9e-07,3999.0,0.00395901
IDEX/BTC,1610833813696,2021-01-16T21:50:13.696Z,sell,9.8e-07,2592.0,0.0025401599999999996
IDEX/BTC,1610833854691,2021-01-16T21:50:54.691Z,buy,9.9e-07,686.0,0.0006791400000000001
IDEX/BTC,1610833971898,2021-01-16T21:52:51.898Z,sell,9.8e-07,9068.0,0.00888664
IDEX/BTC,1610833971898,2021-01-16T21:52:51.898Z,sell,9.7e-07,13276.0,0.01287772
IDEX/BTC,1610834011128,2021-01-16T21:53:31.128Z,sell,9.7e-07,5249.0,0.00509153
IDEX/BTC,1610834123097,2021-01-16T21:55:23.097Z,sell,9.7e-07,2112.0,0.00204864
IDEX/BTC,1610834144750,2021-01-16T21:55:44.750Z,sell,9.7e-07,2862.0,0.0027761400000000003
IDEX/BTC,1610834217195,2021-01-16T21:56:57.195Z,sell,9.7e-07,279.0,0.00027063
IDEX/BTC,1610834310329,2021-01-16T21:58:30.329Z,sell,9.7e-07,4269.0,0.00414093
IDEX/BTC,1610834389609,2021-01-16T21:59:49.609Z,sell,9.6e-07,407.0,0.00039071999999999995
IDEX/BTC,1610834390791,2021-01-16T21:59:50.791Z,buy,9.8e-07,353.0,0.00034594
