symbol,timestamp,datetime,side,price,amount,btc_volume
MDA/BTC,1637506815538,2021-11-21T15:00:15.538Z,buy,1.491e-05,278.0,0.0041449799999999995
MDA/BTC,1637506842723,2021-11-21T15:00:42.723Z,buy,1.491e-05,821.0,0.01224111
MDA/BTC,1637506874912,2021-11-21T15:01:14.912Z,buy,1.491e-05,737.0,0.010988669999999999
MDA/BTC,1637506895270,2021-11-21T15:01:35.270Z,buy,1.491e-05,1746.0,0.026032859999999998
MDA/BTC,1637506898563,2021-11-21T15:01:38.563Z,buy,1.492e-05,30.0,0.0004476
MDA/BTC,1637506911186,2021-11-21T15:01:51.186Z,buy,1.493e-05,148.0,0.0022096399999999997
MDA/BTC,1637506919074,2021-11-21T15:01:59.074Z,sell,1.491e-05,30.0,0.0004473
MDA/BTC,1637506928686,2021-11-21T15:02:08.686Z,buy,1.495e-05,14.0,0.0002093
MDA/BTC,1637506939372,2021-11-21T15:02:19.372Z,sell,1.492e-05,151.0,0.00225292
MDA/BTC,1637506957570,2021-11-21T15:02:37.570Z,buy,1.494e-05,959.0,0.014327459999999998
MDA/BTC,1637506957576,2021-11-21T15:02:37.576Z,buy,1.494e-05,4.0,5.976e-05
MDA/BTC,1637506970759,2021-11-21T15:02:50.759Z,buy,1.494e-05,1086.0,0.01622484
MDA/BTC,1637506970887,2021-11-21T15:02:50.887Z,buy,1.493e-05,808.0,0.01206344
MDA/BTC,1637506997190,2021-11-21T15:03:17.190Z,buy,1.493e-05,9.0,0.00013437
MDA/BTC,1637506997190,2021-11-21T15:03:17.190Z,buy,1.494e-05,5.0,7.47e-05
MDA/BTC,1637507004187,2021-11-21T15:03:24.187Z,sell,1.493e-05,912.0,0.013616159999999999
MDA/BTC,1637507010992,2021-11-21T15:03:30.992Z,sell,1.493e-05,13.0,0.00019408999999999998
MDA/BTC,1637507015387,2021-11-21T15:03:35.387Z,sell,1.492e-05,2.0,2.984e-05
MDA/BTC,1637507022783,2021-11-21T15:03:42.783Z,buy,1.492e-05,14.0,0.00020888
MDA/BTC,1637507025450,2021-11-21T15:03:45.450Z,buy,1.492e-05,148.0,0.00220816
MDA/BTC,1637507044576,2021-11-21T15:04:04.576Z,buy,1.493e-05,51.0,0.00076143
MDA/BTC,1637507052639,2021-11-21T15:04:12.639Z,sell,1.493e-05,1095.0,0.016348349999999998
MDA/BTC,1637507062765,2021-11-21T15:04:22.765Z,sell,1.493e-05,1.0,1.493e-05
MDA/BTC,1637507096114,2021-11-21T15:04:56.114Z,sell,1.492e-05,11.0,0.00016412
MDA/BTC,1637507099175,2021-11-21T15:04:59.175Z,buy,1.492e-05,260.0,0.0038791999999999997
MDA/BTC,1637507107299,2021-11-21T15:05:07.299Z,sell,1.491e-05,1066.0,0.015894059999999998
MDA/BTC,1637507116364,2021-11-21T15:05:16.364Z,buy,1.491e-05,42.0,0.00062622
MDA/BTC,1637507124484,2021-11-21T15:05:24.484Z,buy,1.492e-05,3.0,4.476e-05
MDA/BTC,1637507129551,2021-11-21T15:05:29.551Z,sell,1.492e-05,1133.0,0.01690436
MDA/BTC,1637507132676,2021-11-21T15:05:32.676Z,sell,1.492e-05,52.0,0.00077584
MDA/BTC,1637507138742,2021-11-21T15:05:38.742Z,buy,1.492e-05,1032.0,0.01539744
MDA/BTC,1637507161440,2021-11-21T15:06:01.440Z,sell,1.492e-05,25.0,0.00037299999999999996
MDA/BTC,1637507161440,2021-11-21T15:06:01.440Z,sell,1.491e-05,111.0,0.00165501
MDA/BTC,1637507166933,2021-11-21T15:06:06.933Z,sell,1.492e-05,1057.0,0.01577044
MDA/BTC,1637507184125,2021-11-21T15:06:24.125Z,buy,1.493e-05,619.0,0.00924167
MDA/BTC,1637507185176,2021-11-21T15:06:25.176Z,sell,1.493e-05,185.0,0.00276205
MDA/BTC,1637507185176,2021-11-21T15:06:25.176Z,sell,1.492e-05,19.0,0.00028348
MDA/BTC,1637507185176,2021-11-21T15:06:25.176Z,sell,1.491e-05,101.0,0.00150591
MDA/BTC,1637507247761,2021-11-21T15:07:27.761Z,buy,1.494e-05,11.0,0.00016434
MDA/BTC,1637507256822,2021-11-21T15:07:36.822Z,sell,1.494e-05,769.0,0.01148886
MDA/BTC,1637507256951,2021-11-21T15:07:36.951Z,buy,1.495e-05,442.0,0.0066079
MDA/BTC,1637507310375,2021-11-21T15:08:30.375Z,buy,1.495e-05,328.0,0.0049036
MDA/BTC,1637507318566,2021-11-21T15:08:38.566Z,sell,1.494e-05,11.0,0.00016434
MDA/BTC,1637507332791,2021-11-21T15:08:52.791Z,buy,1.494e-05,168.0,0.0025099199999999997
MDA/BTC,1637507348972,2021-11-21T15:09:08.972Z,buy,1.495e-05,9.0,0.00013455
MDA/BTC,1637507360987,2021-11-21T15:09:20.987Z,buy,1.495e-05,850.0,0.0127075
MDA/BTC,1637507365049,2021-11-21T15:09:25.049Z,sell,1.495e-05,87.0,0.00130065
MDA/BTC,1637507374179,2021-11-21T15:09:34.179Z,buy,1.495e-05,446.0,0.0066676999999999995
MDA/BTC,1637507414182,2021-11-21T15:10:14.182Z,sell,1.494e-05,726.0,0.010846439999999999
MDA/BTC,1637507414182,2021-11-21T15:10:14.182Z,sell,1.493e-05,1022.0,0.01525846
MDA/BTC,1637507414182,2021-11-21T15:10:14.182Z,sell,1.492e-05,339.0,0.00505788
MDA/BTC,1637507414182,2021-11-21T15:10:14.182Z,sell,1.491e-05,829.0,0.012360389999999999
MDA/BTC,1637507414182,2021-11-21T15:10:14.182Z,sell,1.49e-05,27.0,0.00040229999999999997
MDA/BTC,1637507424664,2021-11-21T15:10:24.664Z,sell,1.488e-05,753.0,0.01120464
MDA/BTC,1637507424664,2021-11-21T15:10:24.664Z,sell,1.487e-05,813.0,0.01208931
MDA/BTC,1637507424664,2021-11-21T15:10:24.664Z,sell,1.486e-05,13.0,0.00019318
MDA/BTC,1637507424664,2021-11-21T15:10:24.664Z,sell,1.485e-05,110.0,0.0016335
MDA/BTC,1637507424664,2021-11-21T15:10:24.664Z,sell,1.484e-05,63.0,0.00093492
MDA/BTC,1637507424683,2021-11-21T15:10:24.683Z,sell,1.481e-05,222.0,0.0032878200000000003
MDA/BTC,1637507424683,2021-11-21T15:10:24.683Z,sell,1.48e-05,21.0,0.0003108
MDA/BTC,1637507429411,2021-11-21T15:10:29.411Z,sell,1.472e-05,33.0,0.00048576
MDA/BTC,1637507432647,2021-11-21T15:10:32.647Z,sell,1.472e-05,288.0,0.00423936
MDA/BTC,1637507432678,2021-11-21T15:10:32.678Z,buy,1.472e-05,24.0,0.00035328
MDA/BTC,1637507435328,2021-11-21T15:10:35.328Z,sell,1.471e-05,4189.0,0.06162019
MDA/BTC,1637507473571,2021-11-21T15:11:13.571Z,sell,1.472e-05,1260.0,0.0185472
MDA/BTC,1637507499006,2021-11-21T15:11:39.006Z,sell,1.471e-05,1066.0,0.01568086
MDA/BTC,1637507499006,2021-11-21T15:11:39.006Z,sell,1.47e-05,23.0,0.0003381
MDA/BTC,1637507499006,2021-11-21T15:11:39.006Z,sell,1.468e-05,3101.0,0.04552268
MDA/BTC,1637507499006,2021-11-21T15:11:39.006Z,sell,1.468e-05,463.0,0.00679684
MDA/BTC,1637507503950,2021-11-21T15:11:43.950Z,buy,1.471e-05,200.0,0.002942
MDA/BTC,1637507510209,2021-11-21T15:11:50.209Z,sell,1.46e-05,541.0,0.0078986
MDA/BTC,1637507510209,2021-11-21T15:11:50.209Z,sell,1.46e-05,21.0,0.0003066
MDA/BTC,1637507510209,2021-11-21T15:11:50.209Z,sell,1.459e-05,23.0,0.00033557
MDA/BTC,1637507510223,2021-11-21T15:11:50.223Z,buy,1.459e-05,111.0,0.00161949
MDA/BTC,1637507510695,2021-11-21T15:11:50.695Z,sell,1.458e-05,34.0,0.00049572
MDA/BTC,1637507510695,2021-11-21T15:11:50.695Z,sell,1.457e-05,106.0,0.00154442
MDA/BTC,1637507516213,2021-11-21T15:11:56.213Z,sell,1.457e-05,13.0,0.00018941
MDA/BTC,1637507516213,2021-11-21T15:11:56.213Z,sell,1.456e-05,900.0,0.013104
MDA/BTC,1637507516213,2021-11-21T15:11:56.213Z,sell,1.453e-05,343.0,0.00498379
MDA/BTC,1637507516213,2021-11-21T15:11:56.213Z,sell,1.452e-05,1267.0,0.01839684
MDA/BTC,1637507517128,2021-11-21T15:11:57.128Z,sell,1.452e-05,108.0,0.00156816
MDA/BTC,1637507517128,2021-11-21T15:11:57.128Z,sell,1.45e-05,29.0,0.0004205
MDA/BTC,1637507530382,2021-11-21T15:12:10.382Z,sell,1.452e-05,1078.0,0.01565256
MDA/BTC,1637507530382,2021-11-21T15:12:10.382Z,sell,1.451e-05,59.0,0.00085609
MDA/BTC,1637507530382,2021-11-21T15:12:10.382Z,sell,1.449e-05,8.0,0.00011592
MDA/BTC,1637507530382,2021-11-21T15:12:10.382Z,sell,1.448e-05,71.0,0.00102808
MDA/BTC,1637507530382,2021-11-21T15:12:10.382Z,sell,1.447e-05,48.0,0.00069456
MDA/BTC,1637507530382,2021-11-21T15:12:10.382Z,sell,1.446e-05,646.0,0.009341160000000001
MDA/BTC,1637507533884,2021-11-21T15:12:13.884Z,buy,1.456e-05,7.0,0.00010192
MDA/BTC,1637507535236,2021-11-21T15:12:15.236Z,sell,1.45e-05,70.0,0.001015
MDA/BTC,1637507536690,2021-11-21T15:12:16.690Z,sell,1.45e-05,63.0,0.0009135
MDA/BTC,1637507536946,2021-11-21T15:12:16.946Z,buy,1.449e-05,174.0,0.00252126
MDA/BTC,1637507537065,2021-11-21T15:12:17.065Z,buy,1.455e-05,527.0,0.0076678499999999995
MDA/BTC,1637507537065,2021-11-21T15:12:17.065Z,buy,1.459e-05,23.0,0.00033557
MDA/BTC,1637507538777,2021-11-21T15:12:18.777Z,buy,1.462e-05,46.0,0.00067252
MDA/BTC,1637507538777,2021-11-21T15:12:18.777Z,buy,1.464e-05,80.0,0.0011712
MDA/BTC,1637507554773,2021-11-21T15:12:34.773Z,buy,1.463e-05,905.0,0.013240150000000001
MDA/BTC,1637507563237,2021-11-21T15:12:43.237Z,buy,1.463e-05,14.0,0.00020482
MDA/BTC,1637507563660,2021-11-21T15:12:43.660Z,buy,1.463e-05,14.0,0.00020482
MDA/BTC,1637507564367,2021-11-21T15:12:44.367Z,buy,1.463e-05,7.0,0.00010241
MDA/BTC,1637507564404,2021-11-21T15:12:44.404Z,buy,1.463e-05,7.0,0.00010241
MDA/BTC,1637507574065,2021-11-21T15:12:54.065Z,buy,1.462e-05,206.0,0.0030117200000000003
MDA/BTC,1637507577249,2021-11-21T15:12:57.249Z,buy,1.461e-05,1016.0,0.014843760000000001
MDA/BTC,1637507580813,2021-11-21T15:13:00.813Z,buy,1.461e-05,15.0,0.00021915000000000001
MDA/BTC,1637507580813,2021-11-21T15:13:00.813Z,buy,1.462e-05,4.0,5.848e-05
MDA/BTC,1637507580813,2021-11-21T15:13:00.813Z,buy,1.463e-05,3.0,4.389e-05
MDA/BTC,1637507580813,2021-11-21T15:13:00.813Z,buy,1.464e-05,40.0,0.0005856
MDA/BTC,1637507580813,2021-11-21T15:13:00.813Z,buy,1.467e-05,29.0,0.00042543
MDA/BTC,1637507580813,2021-11-21T15:13:00.813Z,buy,1.469e-05,86.0,0.00126334
MDA/BTC,1637507583235,2021-11-21T15:13:03.235Z,sell,1.457e-05,27.0,0.00039338999999999997
MDA/BTC,1637507583235,2021-11-21T15:13:03.235Z,sell,1.455e-05,212.0,0.0030846
MDA/BTC,1637507586583,2021-11-21T15:13:06.583Z,buy,1.465e-05,10.0,0.0001465
MDA/BTC,1637507587638,2021-11-21T15:13:07.638Z,buy,1.464e-05,7.0,0.00010248000000000001
MDA/BTC,1637507597436,2021-11-21T15:13:17.436Z,buy,1.464e-05,927.0,0.01357128
MDA/BTC,1637507628628,2021-11-21T15:13:48.628Z,sell,1.456e-05,887.0,0.01291472
MDA/BTC,1637507635820,2021-11-21T15:13:55.820Z,sell,1.456e-05,787.0,0.01145872
MDA/BTC,1637507642021,2021-11-21T15:14:02.021Z,sell,1.457e-05,829.0,0.012078529999999999
MDA/BTC,1637507648216,2021-11-21T15:14:08.216Z,buy,1.463e-05,403.0,0.00589589
MDA/BTC,1637507655113,2021-11-21T15:14:15.113Z,sell,1.458e-05,199.0,0.00290142
MDA/BTC,1637507663595,2021-11-21T15:14:23.595Z,sell,1.458e-05,470.0,0.0068525999999999995
MDA/BTC,1637507669594,2021-11-21T15:14:29.594Z,buy,1.458e-05,183.0,0.00266814
MDA/BTC,1637507691811,2021-11-21T15:14:51.811Z,buy,1.461e-05,373.0,0.00544953
MDA/BTC,1637507724004,2021-11-21T15:15:24.004Z,buy,1.46e-05,1086.0,0.0158556
MDA/BTC,1637507728892,2021-11-21T15:15:28.892Z,sell,1.458e-05,33.0,0.00048113999999999996
MDA/BTC,1637507741191,2021-11-21T15:15:41.191Z,sell,1.459e-05,495.0,0.00722205
MDA/BTC,1637507746316,2021-11-21T15:15:46.316Z,sell,1.459e-05,6.0,8.753999999999999e-05
MDA/BTC,1637507752379,2021-11-21T15:15:52.379Z,buy,1.459e-05,194.0,0.00283046
MDA/BTC,1637507754503,2021-11-21T15:15:54.503Z,sell,1.458e-05,683.0,0.009958139999999999
MDA/BTC,1637507757333,2021-11-21T15:15:57.333Z,buy,1.458e-05,12.0,0.00017496
MDA/BTC,1637507763584,2021-11-21T15:16:03.584Z,buy,1.458e-05,446.0,0.006502679999999999
MDA/BTC,1637507777712,2021-11-21T15:16:17.712Z,sell,1.458e-05,686.0,0.01000188
MDA/BTC,1637507798004,2021-11-21T15:16:38.004Z,sell,1.457e-05,22.0,0.00032053999999999996
MDA/BTC,1637507803188,2021-11-21T15:16:43.188Z,sell,1.456e-05,54.0,0.00078624
MDA/BTC,1637507803200,2021-11-21T15:16:43.200Z,sell,1.455e-05,311.0,0.00452505
MDA/BTC,1637507824282,2021-11-21T15:17:04.282Z,sell,1.449e-05,302.0,0.00437598
MDA/BTC,1637507824282,2021-11-21T15:17:04.282Z,sell,1.448e-05,306.0,0.00443088
MDA/BTC,1637507830441,2021-11-21T15:17:10.441Z,sell,1.448e-05,765.0,0.0110772
MDA/BTC,1637507833565,2021-11-21T15:17:13.565Z,sell,1.447e-05,23.0,0.00033281
MDA/BTC,1637507833876,2021-11-21T15:17:13.876Z,buy,1.446e-05,81.0,0.0011712600000000001
MDA/BTC,1637507855996,2021-11-21T15:17:35.996Z,buy,1.446e-05,33.0,0.00047718
MDA/BTC,1637507871830,2021-11-21T15:17:51.830Z,sell,1.443e-05,508.0,0.007330440000000001
MDA/BTC,1637507874154,2021-11-21T15:17:54.154Z,sell,1.444e-05,932.0,0.01345808
MDA/BTC,1637507874154,2021-11-21T15:17:54.154Z,sell,1.443e-05,9.0,0.00012987
MDA/BTC,1637507874154,2021-11-21T15:17:54.154Z,sell,1.442e-05,1743.0,0.02513406
MDA/BTC,1637507887579,2021-11-21T15:18:07.579Z,buy,1.443e-05,188.0,0.00271284
MDA/BTC,1637507887981,2021-11-21T15:18:07.981Z,buy,1.444e-05,921.0,0.01329924
MDA/BTC,1637507888059,2021-11-21T15:18:08.059Z,sell,1.442e-05,17.0,0.00024514
MDA/BTC,1637507888406,2021-11-21T15:18:08.406Z,buy,1.447e-05,1063.0,0.01538161
MDA/BTC,1637507888799,2021-11-21T15:18:08.799Z,buy,1.448e-05,268.0,0.00388064
MDA/BTC,1637507892318,2021-11-21T15:18:12.318Z,sell,1.444e-05,302.0,0.00436088
MDA/BTC,1637507892318,2021-11-21T15:18:12.318Z,sell,1.443e-05,511.0,0.00737373
MDA/BTC,1637507899508,2021-11-21T15:18:19.508Z,sell,1.444e-05,1070.0,0.0154508
MDA/BTC,1637507905701,2021-11-21T15:18:25.701Z,sell,1.445e-05,875.0,0.01264375
MDA/BTC,1637507942257,2021-11-21T15:19:02.257Z,buy,1.451e-05,302.0,0.00438202
MDA/BTC,1637507942257,2021-11-21T15:19:02.257Z,buy,1.452e-05,754.0,0.01094808
MDA/BTC,1637507951446,2021-11-21T15:19:11.446Z,buy,1.451e-05,826.0,0.01198526
MDA/BTC,1637507962642,2021-11-21T15:19:22.642Z,buy,1.45e-05,1051.0,0.0152395
MDA/BTC,1637507977038,2021-11-21T15:19:37.038Z,buy,1.449e-05,960.0,0.0139104
MDA/BTC,1637507980051,2021-11-21T15:19:40.051Z,buy,1.449e-05,47.0,0.00068103
MDA/BTC,1637507984078,2021-11-21T15:19:44.078Z,buy,1.45e-05,150.0,0.002175
MDA/BTC,1637507991487,2021-11-21T15:19:51.487Z,sell,1.448e-05,70.0,0.0010136
MDA/BTC,1637508006226,2021-11-21T15:20:06.226Z,buy,1.449e-05,690.0,0.0099981
MDA/BTC,1637508020454,2021-11-21T15:20:20.454Z,sell,1.448e-05,246.0,0.00356208
MDA/BTC,1637508022178,2021-11-21T15:20:22.178Z,sell,1.447e-05,7.0,0.00010129
MDA/BTC,1637508081034,2021-11-21T15:21:21.034Z,buy,1.448e-05,965.0,0.0139732
MDA/BTC,1637508112228,2021-11-21T15:21:52.228Z,buy,1.448e-05,1018.0,0.014740640000000001
MDA/BTC,1637508130414,2021-11-21T15:22:10.414Z,buy,1.448e-05,639.0,0.00925272
MDA/BTC,1637508162713,2021-11-21T15:22:42.713Z,buy,1.448e-05,1006.0,0.01456688
MDA/BTC,1637508167550,2021-11-21T15:22:47.550Z,sell,1.448e-05,38.0,0.00055024
MDA/BTC,1637508213965,2021-11-21T15:23:33.965Z,buy,1.448e-05,1019.0,0.01475512
MDA/BTC,1637508215041,2021-11-21T15:23:35.041Z,buy,1.448e-05,293.0,0.00424264
MDA/BTC,1637508218219,2021-11-21T15:23:38.219Z,buy,1.449e-05,42.0,0.0006085800000000001
MDA/BTC,1637508222030,2021-11-21T15:23:42.030Z,sell,1.448e-05,975.0,0.014118
MDA/BTC,1637508251218,2021-11-21T15:24:11.218Z,buy,1.449e-05,948.0,0.01373652
MDA/BTC,1637508264341,2021-11-21T15:24:24.341Z,buy,1.449e-05,22.0,0.00031878
MDA/BTC,1637508274407,2021-11-21T15:24:34.407Z,sell,1.449e-05,415.0,0.00601335
MDA/BTC,1637508296528,2021-11-21T15:24:56.528Z,sell,1.448e-05,320.0,0.0046336
MDA/BTC,1637508300594,2021-11-21T15:25:00.594Z,buy,1.448e-05,316.0,0.00457568
MDA/BTC,1637508315716,2021-11-21T15:25:15.716Z,sell,1.448e-05,298.0,0.00431504
MDA/BTC,1637508320787,2021-11-21T15:25:20.787Z,buy,1.448e-05,518.0,0.00750064
MDA/BTC,1637508320977,2021-11-21T15:25:20.977Z,buy,1.449e-05,12.0,0.00017388
MDA/BTC,1637508331043,2021-11-21T15:25:31.043Z,sell,1.449e-05,861.0,0.01247589
MDA/BTC,1637508340840,2021-11-21T15:25:40.840Z,buy,1.45e-05,17.0,0.0002465
MDA/BTC,1637508344626,2021-11-21T15:25:44.626Z,buy,1.45e-05,18.0,0.000261
MDA/BTC,1637508355233,2021-11-21T15:25:55.233Z,sell,1.449e-05,334.0,0.00483966
MDA/BTC,1637508364299,2021-11-21T15:26:04.299Z,buy,1.449e-05,682.0,0.00988218
MDA/BTC,1637508390489,2021-11-21T15:26:30.489Z,sell,1.449e-05,332.0,0.00481068
MDA/BTC,1637508396768,2021-11-21T15:26:36.768Z,buy,1.449e-05,93.0,0.00134757
MDA/BTC,1637508405659,2021-11-21T15:26:45.659Z,buy,1.449e-05,519.0,0.00752031
MDA/BTC,1637508406064,2021-11-21T15:26:46.064Z,buy,1.45e-05,114.0,0.001653
MDA/BTC,1637508406469,2021-11-21T15:26:46.469Z,buy,1.451e-05,5.0,7.255e-05
MDA/BTC,1637508406872,2021-11-21T15:26:46.872Z,buy,1.452e-05,411.0,0.00596772
MDA/BTC,1637508407287,2021-11-21T15:26:47.287Z,buy,1.453e-05,38.0,0.00055214
MDA/BTC,1637508428075,2021-11-21T15:27:08.075Z,buy,1.455e-05,45.0,0.00065475
MDA/BTC,1637508429800,2021-11-21T15:27:09.800Z,sell,1.45e-05,10.0,0.000145
MDA/BTC,1637508429800,2021-11-21T15:27:09.800Z,sell,1.449e-05,354.0,0.00512946
MDA/BTC,1637508448998,2021-11-21T15:27:28.998Z,sell,1.45e-05,945.0,0.0137025
MDA/BTC,1637508460409,2021-11-21T15:27:40.409Z,buy,1.453e-05,442.0,0.00642226
MDA/BTC,1637508477378,2021-11-21T15:27:57.378Z,buy,1.453e-05,10.0,0.0001453
MDA/BTC,1637508509429,2021-11-21T15:28:29.429Z,buy,1.451e-05,192.0,0.00278592
MDA/BTC,1637508531950,2021-11-21T15:28:51.950Z,buy,1.451e-05,104.0,0.00150904
MDA/BTC,1637508542019,2021-11-21T15:29:02.019Z,sell,1.451e-05,1014.0,0.01471314
MDA/BTC,1637508551145,2021-11-21T15:29:11.145Z,sell,1.45e-05,56.0,0.000812
MDA/BTC,1637508565580,2021-11-21T15:29:25.580Z,buy,1.45e-05,8.0,0.000116
MDA/BTC,1637508573395,2021-11-21T15:29:33.395Z,buy,1.45e-05,900.0,0.01305
MDA/BTC,1637508581457,2021-11-21T15:29:41.457Z,sell,1.45e-05,251.0,0.0036395
MDA/BTC,1637508584375,2021-11-21T15:29:44.375Z,sell,1.449e-05,28.0,0.00040572
MDA/BTC,1637508584375,2021-11-21T15:29:44.375Z,sell,1.448e-05,275.0,0.003982
MDA/BTC,1637508584375,2021-11-21T15:29:44.375Z,sell,1.447e-05,1023.0,0.01480281
MDA/BTC,1637508584375,2021-11-21T15:29:44.375Z,sell,1.446e-05,657.0,0.00950022
MDA/BTC,1637508596426,2021-11-21T15:29:56.426Z,buy,1.45e-05,851.0,0.0123395
MDA/BTC,1637508596837,2021-11-21T15:29:56.837Z,buy,1.451e-05,84.0,0.00121884
MDA/BTC,1637508611975,2021-11-21T15:30:11.975Z,buy,1.451e-05,926.0,0.01343626
MDA/BTC,1637508612651,2021-11-21T15:30:12.651Z,buy,1.451e-05,214.0,0.00310514
MDA/BTC,1637508614288,2021-11-21T15:30:14.288Z,sell,1.451e-05,901.0,0.01307351
MDA/BTC,1637508629841,2021-11-21T15:30:29.841Z,sell,1.447e-05,101.0,0.00146147
MDA/BTC,1637508652281,2021-11-21T15:30:52.281Z,sell,1.447e-05,4.0,5.788e-05
MDA/BTC,1637508660224,2021-11-21T15:31:00.224Z,buy,1.447e-05,1133.0,0.01639451
MDA/BTC,1637508661046,2021-11-21T15:31:01.046Z,sell,1.446e-05,406.0,0.00587076
MDA/BTC,1637508662333,2021-11-21T15:31:02.333Z,sell,1.445e-05,28.0,0.0004046
MDA/BTC,1637508674929,2021-11-21T15:31:14.929Z,sell,1.444e-05,47.0,0.0006786800000000001
MDA/BTC,1637508675007,2021-11-21T15:31:15.007Z,sell,1.443e-05,337.0,0.004862910000000001
MDA/BTC,1637508704657,2021-11-21T15:31:44.657Z,sell,1.442e-05,1002.0,0.01444884
MDA/BTC,1637508704781,2021-11-21T15:31:44.781Z,sell,1.442e-05,6.0,8.651999999999999e-05
MDA/BTC,1637508709847,2021-11-21T15:31:49.847Z,buy,1.442e-05,325.0,0.0046865
MDA/BTC,1637508712803,2021-11-21T15:31:52.803Z,sell,1.441e-05,23.0,0.00033142999999999996
MDA/BTC,1637508719041,2021-11-21T15:31:59.041Z,sell,1.437e-05,1030.0,0.0148011
MDA/BTC,1637508722346,2021-11-21T15:32:02.346Z,buy,1.441e-05,12.0,0.00017292
MDA/BTC,1637508727620,2021-11-21T15:32:07.620Z,buy,1.441e-05,70.0,0.0010087
MDA/BTC,1637508737227,2021-11-21T15:32:17.227Z,sell,1.438e-05,811.0,0.01166218
MDA/BTC,1637508737240,2021-11-21T15:32:17.240Z,sell,1.438e-05,18.0,0.00025884
MDA/BTC,1637508753278,2021-11-21T15:32:33.278Z,buy,1.441e-05,1911.0,0.027537509999999998
MDA/BTC,1637508764427,2021-11-21T15:32:44.427Z,buy,1.441e-05,6010.0,0.08660409999999999
MDA/BTC,1637508765254,2021-11-21T15:32:45.254Z,buy,1.442e-05,10.0,0.00014419999999999998
MDA/BTC,1637508787605,2021-11-21T15:33:07.605Z,sell,1.439e-05,1082.0,0.015569979999999999
MDA/BTC,1637508878740,2021-11-21T15:34:38.740Z,buy,1.445e-05,603.0,0.00871335
MDA/BTC,1637508880780,2021-11-21T15:34:40.780Z,buy,1.445e-05,368.0,0.0053176000000000005
MDA/BTC,1637508881629,2021-11-21T15:34:41.629Z,buy,1.446e-05,706.0,0.01020876
MDA/BTC,1637508882652,2021-11-21T15:34:42.652Z,buy,1.446e-05,126.0,0.00182196
MDA/BTC,1637508885083,2021-11-21T15:34:45.083Z,buy,1.446e-05,203.0,0.00293538
MDA/BTC,1637508889991,2021-11-21T15:34:49.991Z,buy,1.447e-05,274.0,0.00396478
MDA/BTC,1637508895719,2021-11-21T15:34:55.719Z,buy,1.447e-05,633.0,0.009159510000000001
MDA/BTC,1637508909600,2021-11-21T15:35:09.600Z,buy,1.448e-05,675.0,0.009774
MDA/BTC,1637508910268,2021-11-21T15:35:10.268Z,buy,1.448e-05,341.0,0.00493768
MDA/BTC,1637508921392,2021-11-21T15:35:21.392Z,buy,1.448e-05,67.0,0.00097016
MDA/BTC,1637508947152,2021-11-21T15:35:47.152Z,buy,1.448e-05,61.0,0.0008832800000000001
MDA/BTC,1637508953219,2021-11-21T15:35:53.219Z,sell,1.448e-05,300.0,0.004344
MDA/BTC,1637508980405,2021-11-21T15:36:20.405Z,buy,1.448e-05,56.0,0.00081088
MDA/BTC,1637508983478,2021-11-21T15:36:23.478Z,sell,1.448e-05,657.0,0.00951336
MDA/BTC,1637508984607,2021-11-21T15:36:24.607Z,buy,1.448e-05,46.0,0.00066608
MDA/BTC,1637509023565,2021-11-21T15:37:03.565Z,buy,1.45e-05,852.0,0.012354
MDA/BTC,1637509038995,2021-11-21T15:37:18.995Z,buy,1.45e-05,1006.0,0.014587
MDA/BTC,1637509047943,2021-11-21T15:37:27.943Z,buy,1.452e-05,51.0,0.00074052
MDA/BTC,1637509077367,2021-11-21T15:37:57.367Z,buy,1.452e-05,665.0,0.009655799999999999
MDA/BTC,1637509098327,2021-11-21T15:38:18.327Z,sell,1.451e-05,69.0,0.00100119
MDA/BTC,1637509102557,2021-11-21T15:38:22.557Z,sell,1.451e-05,814.0,0.01181114
MDA/BTC,1637509110622,2021-11-21T15:38:30.622Z,buy,1.451e-05,148.0,0.00214748
MDA/BTC,1637509114745,2021-11-21T15:38:34.745Z,buy,1.452e-05,936.0,0.01359072
MDA/BTC,1637509123446,2021-11-21T15:38:43.446Z,buy,1.452e-05,138.0,0.00200376
MDA/BTC,1637509154002,2021-11-21T15:39:14.002Z,buy,1.453e-05,1069.0,0.015532569999999999
MDA/BTC,1637509166187,2021-11-21T15:39:26.187Z,buy,1.452e-05,510.0,0.0074052
MDA/BTC,1637509166194,2021-11-21T15:39:26.194Z,buy,1.452e-05,11.0,0.00015972
MDA/BTC,1637509179055,2021-11-21T15:39:39.055Z,sell,1.451e-05,363.0,0.00526713
MDA/BTC,1637509188052,2021-11-21T15:39:48.052Z,buy,1.453e-05,14.0,0.00020342
MDA/BTC,1637509193480,2021-11-21T15:39:53.480Z,sell,1.452e-05,1057.0,0.01534764
MDA/BTC,1637509205696,2021-11-21T15:40:05.696Z,buy,1.453e-05,876.0,0.01272828
MDA/BTC,1637509229825,2021-11-21T15:40:29.825Z,sell,1.452e-05,814.0,0.01181928
MDA/BTC,1637509239018,2021-11-21T15:40:39.018Z,sell,1.451e-05,436.0,0.00632636
MDA/BTC,1637509266243,2021-11-21T15:41:06.243Z,sell,1.45e-05,184.0,0.0026680000000000002
MDA/BTC,1637509270830,2021-11-21T15:41:10.830Z,sell,1.449e-05,1121.0,0.01624329
MDA/BTC,1637509270830,2021-11-21T15:41:10.830Z,sell,1.448e-05,160.0,0.0023168
MDA/BTC,1637509274506,2021-11-21T15:41:14.506Z,sell,1.449e-05,1051.0,0.01522899
MDA/BTC,1637509274517,2021-11-21T15:41:14.517Z,sell,1.449e-05,25.0,0.00036225
MDA/BTC,1637509294702,2021-11-21T15:41:34.702Z,sell,1.449e-05,764.0,0.01107036
MDA/BTC,1637509295024,2021-11-21T15:41:35.024Z,sell,1.449e-05,20.0,0.0002898
MDA/BTC,1637509295024,2021-11-21T15:41:35.024Z,sell,1.448e-05,178.0,0.00257744
MDA/BTC,1637509309304,2021-11-21T15:41:49.304Z,sell,1.448e-05,1.0,1.448e-05
MDA/BTC,1637509309385,2021-11-21T15:41:49.385Z,sell,1.447e-05,256.0,0.00370432
MDA/BTC,1637509334072,2021-11-21T15:42:14.072Z,buy,1.447e-05,630.0,0.0091161
MDA/BTC,1637509345262,2021-11-21T15:42:25.262Z,buy,1.446e-05,1053.0,0.015226380000000001
MDA/BTC,1637509394313,2021-11-21T15:43:14.313Z,sell,1.443e-05,99.0,0.00142857
MDA/BTC,1637509395575,2021-11-21T15:43:15.575Z,sell,1.443e-05,770.0,0.0111111
MDA/BTC,1637509395587,2021-11-21T15:43:15.587Z,buy,1.443e-05,84.0,0.0012121200000000001
MDA/BTC,1637509426771,2021-11-21T15:43:46.771Z,sell,1.443e-05,529.0,0.007633470000000001
MDA/BTC,1637509452963,2021-11-21T15:44:12.963Z,sell,1.444e-05,389.0,0.00561716
MDA/BTC,1637509471232,2021-11-21T15:44:31.232Z,buy,1.445e-05,10.0,0.00014450000000000002
MDA/BTC,1637509517340,2021-11-21T15:45:17.340Z,sell,1.444e-05,35.0,0.0005054
MDA/BTC,1637509525926,2021-11-21T15:45:25.926Z,buy,1.444e-05,483.0,0.0069745200000000005
MDA/BTC,1637509527646,2021-11-21T15:45:27.646Z,buy,1.445e-05,143.0,0.0020663500000000002
MDA/BTC,1637509536770,2021-11-21T15:45:36.770Z,sell,1.444e-05,1106.0,0.01597064
MDA/BTC,1637509543815,2021-11-21T15:45:43.815Z,buy,1.446e-05,15.0,0.00021690000000000001
MDA/BTC,1637509550592,2021-11-21T15:45:50.592Z,sell,1.445e-05,940.0,0.013583000000000001
MDA/BTC,1637509556718,2021-11-21T15:45:56.718Z,buy,1.446e-05,3.0,4.338e-05
MDA/BTC,1637509561785,2021-11-21T15:46:01.785Z,sell,1.446e-05,721.0,0.01042566
MDA/BTC,1637509565911,2021-11-21T15:46:05.911Z,sell,1.446e-05,6.0,8.676e-05
MDA/BTC,1637509575976,2021-11-21T15:46:15.976Z,buy,1.446e-05,581.0,0.00840126
MDA/BTC,1637509577099,2021-11-21T15:46:17.099Z,buy,1.446e-05,5.0,7.23e-05
MDA/BTC,1637509586163,2021-11-21T15:46:26.163Z,sell,1.446e-05,1067.0,0.015428820000000001
MDA/BTC,1637509600288,2021-11-21T15:46:40.288Z,buy,1.447e-05,12.0,0.00017364
MDA/BTC,1637509609351,2021-11-21T15:46:49.351Z,sell,1.447e-05,1082.0,0.01565654
MDA/BTC,1637509623546,2021-11-21T15:47:03.546Z,buy,1.448e-05,855.0,0.0123804
MDA/BTC,1637509625719,2021-11-21T15:47:05.719Z,sell,1.447e-05,37.0,0.0005353900000000001
MDA/BTC,1637509665942,2021-11-21T15:47:45.942Z,sell,1.447e-05,988.0,0.014296360000000001
MDA/BTC,1637509666819,2021-11-21T15:47:46.819Z,sell,1.446e-05,16.0,0.00023136
MDA/BTC,1637509678867,2021-11-21T15:47:58.867Z,sell,1.446e-05,29.0,0.00041934000000000003
MDA/BTC,1637509684935,2021-11-21T15:48:04.935Z,buy,1.446e-05,1048.0,0.01515408
MDA/BTC,1637509685165,2021-11-21T15:48:05.165Z,buy,1.447e-05,373.0,0.00539731
MDA/BTC,1637509685174,2021-11-21T15:48:05.174Z,sell,1.447e-05,225.0,0.00325575
MDA/BTC,1637509695811,2021-11-21T15:48:15.811Z,sell,1.446e-05,21.0,0.00030366000000000003
MDA/BTC,1637509709416,2021-11-21T15:48:29.416Z,buy,1.446e-05,262.0,0.00378852
MDA/BTC,1637509713542,2021-11-21T15:48:33.542Z,buy,1.446e-05,6.0,8.676e-05
MDA/BTC,1637509717605,2021-11-21T15:48:37.605Z,sell,1.446e-05,800.0,0.011568
MDA/BTC,1637509723788,2021-11-21T15:48:43.788Z,sell,1.446e-05,6.0,8.676e-05
MDA/BTC,1637509728852,2021-11-21T15:48:48.852Z,buy,1.446e-05,994.0,0.01437324
MDA/BTC,1637509757039,2021-11-21T15:49:17.039Z,buy,1.446e-05,738.0,0.01067148
MDA/BTC,1637509767105,2021-11-21T15:49:27.105Z,sell,1.446e-05,205.0,0.0029643
MDA/BTC,1637509774957,2021-11-21T15:49:34.957Z,buy,1.446e-05,691.0,0.00999186
MDA/BTC,1637509797410,2021-11-21T15:49:57.410Z,sell,1.445e-05,26.0,0.0003757
MDA/BTC,1637509880855,2021-11-21T15:51:20.855Z,sell,1.444e-05,267.0,0.00385548
MDA/BTC,1637509889501,2021-11-21T15:51:29.501Z,buy,1.445e-05,960.0,0.013872
MDA/BTC,1637509906040,2021-11-21T15:51:46.040Z,buy,1.445e-05,83.0,0.00119935
MDA/BTC,1637509914108,2021-11-21T15:51:54.108Z,sell,1.445e-05,895.0,0.01293275
MDA/BTC,1637509945354,2021-11-21T15:52:25.354Z,buy,1.445e-05,306.0,0.0044217
MDA/BTC,1637509951419,2021-11-21T15:52:31.419Z,sell,1.445e-05,787.0,0.011372150000000001
MDA/BTC,1637509955600,2021-11-21T15:52:35.600Z,sell,1.444e-05,68.0,0.00098192
MDA/BTC,1637509959572,2021-11-21T15:52:39.572Z,buy,1.445e-05,300.0,0.004335
MDA/BTC,1637509973603,2021-11-21T15:52:53.603Z,buy,1.446e-05,5.0,7.23e-05
MDA/BTC,1637510001793,2021-11-21T15:53:21.793Z,buy,1.447e-05,586.0,0.00847942
MDA/BTC,1637510010042,2021-11-21T15:53:30.042Z,buy,1.448e-05,32.0,0.00046336
MDA/BTC,1637510021262,2021-11-21T15:53:41.262Z,sell,1.448e-05,489.0,0.00708072
MDA/BTC,1637510030290,2021-11-21T15:53:50.290Z,sell,1.448e-05,1394.0,0.02018512
MDA/BTC,1637510039668,2021-11-21T15:53:59.668Z,sell,1.448e-05,35.0,0.0005068
MDA/BTC,1637510101806,2021-11-21T15:55:01.806Z,sell,1.448e-05,329.0,0.0047639200000000005
MDA/BTC,1637510120032,2021-11-21T15:55:20.032Z,buy,1.449e-05,897.0,0.01299753
MDA/BTC,1637510131228,2021-11-21T15:55:31.228Z,buy,1.449e-05,1024.0,0.01483776
MDA/BTC,1637510141421,2021-11-21T15:55:41.421Z,sell,1.448e-05,800.0,0.011584
MDA/BTC,1637510155603,2021-11-21T15:55:55.603Z,buy,1.448e-05,145.0,0.0020996
MDA/BTC,1637510186855,2021-11-21T15:56:26.855Z,buy,1.449e-05,698.0,0.01011402
MDA/BTC,1637510216036,2021-11-21T15:56:56.036Z,buy,1.449e-05,4.0,5.796e-05
MDA/BTC,1637510219102,2021-11-21T15:56:59.102Z,sell,1.449e-05,147.0,0.00213003
MDA/BTC,1637510237224,2021-11-21T15:57:17.224Z,buy,1.449e-05,1.0,1.449e-05
MDA/BTC,1637510241290,2021-11-21T15:57:21.290Z,sell,1.449e-05,907.0,0.01314243
MDA/BTC,1637510241414,2021-11-21T15:57:21.414Z,sell,1.449e-05,31.0,0.00044919000000000003
MDA/BTC,1637510255712,2021-11-21T15:57:35.712Z,sell,1.448e-05,1082.0,0.01566736
MDA/BTC,1637510256715,2021-11-21T15:57:36.715Z,buy,1.449e-05,11.0,0.00015939
MDA/BTC,1637510267343,2021-11-21T15:57:47.343Z,sell,1.447e-05,76.0,0.00109972
MDA/BTC,1637510303877,2021-11-21T15:58:23.877Z,buy,1.448e-05,14.0,0.00020272
MDA/BTC,1637510305366,2021-11-21T15:58:25.366Z,buy,1.448e-05,927.0,0.01342296
MDA/BTC,1637510326167,2021-11-21T15:58:46.167Z,buy,1.448e-05,549.0,0.00794952
MDA/BTC,1637510355909,2021-11-21T15:59:15.909Z,sell,1.448e-05,889.0,0.01287272
MDA/BTC,1637510362970,2021-11-21T15:59:22.970Z,buy,1.448e-05,197.0,0.00285256
MDA/BTC,1637510363064,2021-11-21T15:59:23.064Z,sell,1.448e-05,122.0,0.0017665600000000001
MDA/BTC,1637510363064,2021-11-21T15:59:23.064Z,sell,1.448e-05,122.0,0.0017665600000000001
MDA/BTC,1637510405286,2021-11-21T16:00:05.286Z,buy,1.449e-05,414.0,0.00599886
MDA/BTC,1637510418123,2021-11-21T16:00:18.123Z,sell,1.449e-05,85.0,0.00123165
MDA/BTC,1637510459586,2021-11-21T16:00:59.586Z,buy,1.45e-05,25.0,0.0003625
MDA/BTC,1637510476834,2021-11-21T16:01:16.834Z,sell,1.449e-05,192.0,0.00278208
MDA/BTC,1637510479137,2021-11-21T16:01:19.137Z,sell,1.449e-05,12.0,0.00017388
MDA/BTC,1637510497025,2021-11-21T16:01:37.025Z,buy,1.45e-05,350.0,0.005075
MDA/BTC,1637510590189,2021-11-21T16:03:10.189Z,sell,1.449e-05,648.0,0.00938952
MDA/BTC,1637510617328,2021-11-21T16:03:37.328Z,buy,1.45e-05,167.0,0.0024215
MDA/BTC,1637510647129,2021-11-21T16:04:07.129Z,sell,1.449e-05,145.0,0.00210105
MDA/BTC,1637510649540,2021-11-21T16:04:09.540Z,buy,1.45e-05,946.0,0.013717
MDA/BTC,1637510649853,2021-11-21T16:04:09.853Z,buy,1.45e-05,61.0,0.0008845
MDA/BTC,1637510695726,2021-11-21T16:04:55.726Z,sell,1.449e-05,496.0,0.0071870400000000004
MDA/BTC,1637510705920,2021-11-21T16:05:05.920Z,buy,1.45e-05,94.0,0.001363
MDA/BTC,1637510731934,2021-11-21T16:05:31.934Z,buy,1.45e-05,203.0,0.0029435
MDA/BTC,1637510737640,2021-11-21T16:05:37.640Z,buy,1.45e-05,224.0,0.003248
MDA/BTC,1637510747177,2021-11-21T16:05:47.177Z,buy,1.45e-05,459.0,0.0066555
MDA/BTC,1637510751045,2021-11-21T16:05:51.045Z,buy,1.45e-05,20.0,0.00029
MDA/BTC,1637510792168,2021-11-21T16:06:32.168Z,sell,1.449e-05,408.0,0.00591192
MDA/BTC,1637510836425,2021-11-21T16:07:16.425Z,buy,1.45e-05,172.0,0.002494
MDA/BTC,1637510840866,2021-11-21T16:07:20.866Z,sell,1.449e-05,259.0,0.00375291
MDA/BTC,1637510882058,2021-11-21T16:08:02.058Z,sell,1.448e-05,339.0,0.00490872
MDA/BTC,1637510951950,2021-11-21T16:09:11.950Z,buy,1.449e-05,215.0,0.0031153500000000002
MDA/BTC,1637510963375,2021-11-21T16:09:23.375Z,sell,1.449e-05,226.0,0.00327474
MDA/BTC,1637511060625,2021-11-21T16:11:00.625Z,buy,1.45e-05,472.0,0.006844
MDA/BTC,1637511105852,2021-11-21T16:11:45.852Z,buy,1.45e-05,1935.0,0.0280575
MDA/BTC,1637511106375,2021-11-21T16:11:46.375Z,buy,1.45e-05,427.0,0.0061915
MDA/BTC,1637511141042,2021-11-21T16:12:21.042Z,sell,1.449e-05,409.0,0.00592641
MDA/BTC,1637511168345,2021-11-21T16:12:48.345Z,buy,1.45e-05,1769.0,0.0256505
MDA/BTC,1637511205803,2021-11-21T16:13:25.803Z,sell,1.449e-05,30.0,0.0004347
MDA/BTC,1637511210644,2021-11-21T16:13:30.644Z,sell,1.449e-05,393.0,0.00569457
MDA/BTC,1637511220813,2021-11-21T16:13:40.813Z,buy,1.449e-05,1338.0,0.01938762
MDA/BTC,1637511263337,2021-11-21T16:14:23.337Z,sell,1.448e-05,415.0,0.0060092
MDA/BTC,1637511263738,2021-11-21T16:14:23.738Z,sell,1.447e-05,834.0,0.01206798
MDA/BTC,1637511264142,2021-11-21T16:14:24.142Z,sell,1.446e-05,693.0,0.01002078
MDA/BTC,1637511264545,2021-11-21T16:14:24.545Z,sell,1.444e-05,259.0,0.00373996
MDA/BTC,1637511265230,2021-11-21T16:14:25.230Z,sell,1.443e-05,2.0,2.886e-05
MDA/BTC,1637511265588,2021-11-21T16:14:25.588Z,sell,1.442e-05,498.0,0.00718116
MDA/BTC,1637511288057,2021-11-21T16:14:48.057Z,sell,1.443e-05,154.0,0.00222222
MDA/BTC,1637511334244,2021-11-21T16:15:34.244Z,sell,1.444e-05,1429.0,0.020634760000000002
MDA/BTC,1637511346637,2021-11-21T16:15:46.637Z,sell,1.445e-05,147.0,0.00212415
MDA/BTC,1637511362925,2021-11-21T16:16:02.925Z,buy,1.448e-05,1761.0,0.02549928
MDA/BTC,1637511402306,2021-11-21T16:16:42.306Z,sell,1.446e-05,1246.0,0.01801716
MDA/BTC,1637511408280,2021-11-21T16:16:48.280Z,sell,1.446e-05,51.0,0.00073746
MDA/BTC,1637511435492,2021-11-21T16:17:15.492Z,sell,1.446e-05,1130.0,0.0163398
MDA/BTC,1637511438507,2021-11-21T16:17:18.507Z,sell,1.446e-05,40.0,0.0005784
MDA/BTC,1637511440298,2021-11-21T16:17:20.298Z,sell,1.445e-05,6.0,8.67e-05
MDA/BTC,1637511440842,2021-11-21T16:17:20.842Z,sell,1.444e-05,29.0,0.00041876
MDA/BTC,1637511441243,2021-11-21T16:17:21.243Z,sell,1.443e-05,4.0,5.772e-05
MDA/BTC,1637511441686,2021-11-21T16:17:21.686Z,sell,1.442e-05,607.0,0.008752939999999999
MDA/BTC,1637511441686,2021-11-21T16:17:21.686Z,sell,1.441e-05,1071.0,0.01543311
MDA/BTC,1637511470794,2021-11-21T16:17:50.794Z,buy,1.446e-05,500.0,0.00723
MDA/BTC,1637511503341,2021-11-21T16:18:23.341Z,sell,1.441e-05,1898.0,0.027350179999999998
MDA/BTC,1637511555302,2021-11-21T16:19:15.302Z,sell,1.441e-05,1893.0,0.027278129999999998
MDA/BTC,1637511574360,2021-11-21T16:19:34.360Z,sell,1.441e-05,171.0,0.00246411
MDA/BTC,1637511576492,2021-11-21T16:19:36.492Z,buy,1.441e-05,164.0,0.00236324
MDA/BTC,1637511576502,2021-11-21T16:19:36.502Z,sell,1.44e-05,291.0,0.0041903999999999995
MDA/BTC,1637511595056,2021-11-21T16:19:55.056Z,buy,1.446e-05,22.0,0.00031812
MDA/BTC,1637511595056,2021-11-21T16:19:55.056Z,buy,1.447e-05,16.0,0.00023152
MDA/BTC,1637511630891,2021-11-21T16:20:30.891Z,sell,1.441e-05,205.0,0.0029540499999999997
MDA/BTC,1637511678082,2021-11-21T16:21:18.082Z,buy,1.445e-05,1189.0,0.01718105
MDA/BTC,1637511695427,2021-11-21T16:21:35.427Z,sell,1.441e-05,6.0,8.646e-05
MDA/BTC,1637511695819,2021-11-21T16:21:35.819Z,sell,1.44e-05,571.0,0.0082224
MDA/BTC,1637511719549,2021-11-21T16:21:59.549Z,sell,1.44e-05,375.0,0.005399999999999999
MDA/BTC,1637511760396,2021-11-21T16:22:40.396Z,sell,1.439e-05,309.0,0.00444651
MDA/BTC,1637511760403,2021-11-21T16:22:40.403Z,sell,1.438e-05,352.0,0.00506176
MDA/BTC,1637511760423,2021-11-21T16:22:40.423Z,sell,1.437e-05,5.0,7.185e-05
MDA/BTC,1637511760423,2021-11-21T16:22:40.423Z,sell,1.436e-05,198.0,0.00284328
MDA/BTC,1637511769458,2021-11-21T16:22:49.458Z,buy,1.438e-05,972.0,0.01397736
MDA/BTC,1637511769458,2021-11-21T16:22:49.458Z,buy,1.439e-05,1004.0,0.01444756
MDA/BTC,1637511771867,2021-11-21T16:22:51.867Z,sell,1.436e-05,5.0,7.18e-05
MDA/BTC,1637511788643,2021-11-21T16:23:08.643Z,sell,1.43e-05,157.0,0.0022451
MDA/BTC,1637511788643,2021-11-21T16:23:08.643Z,sell,1.43e-05,2.0,2.86e-05
MDA/BTC,1637511788643,2021-11-21T16:23:08.643Z,sell,1.429e-05,10.0,0.0001429
MDA/BTC,1637511788736,2021-11-21T16:23:08.736Z,buy,1.429e-05,272.0,0.00388688
MDA/BTC,1637511835018,2021-11-21T16:23:55.018Z,buy,1.437e-05,552.0,0.00793224
MDA/BTC,1637511859406,2021-11-21T16:24:19.406Z,sell,1.428e-05,308.0,0.00439824
MDA/BTC,1637511859406,2021-11-21T16:24:19.406Z,sell,1.427e-05,976.0,0.01392752
MDA/BTC,1637511895591,2021-11-21T16:24:55.591Z,sell,1.428e-05,695.0,0.0099246
MDA/BTC,1637511936263,2021-11-21T16:25:36.263Z,buy,1.436e-05,70.0,0.0010052
MDA/BTC,1637511970002,2021-11-21T16:26:10.002Z,buy,1.434e-05,238.0,0.00341292
MDA/BTC,1637511970002,2021-11-21T16:26:10.002Z,buy,1.435e-05,205.0,0.00294175
MDA/BTC,1637512063497,2021-11-21T16:27:43.497Z,buy,1.434e-05,1305.0,0.0187137
MDA/BTC,1637512086909,2021-11-21T16:28:06.909Z,sell,1.431e-05,94.0,0.00134514
MDA/BTC,1637512090268,2021-11-21T16:28:10.268Z,buy,1.434e-05,11.0,0.00015774
MDA/BTC,1637512090268,2021-11-21T16:28:10.268Z,buy,1.435e-05,159.0,0.00228165
MDA/BTC,1637512135093,2021-11-21T16:28:55.093Z,sell,1.431e-05,333.0,0.00476523
MDA/BTC,1637512157343,2021-11-21T16:29:17.343Z,buy,1.435e-05,35.0,0.00050225
MDA/BTC,1637512210399,2021-11-21T16:30:10.399Z,sell,1.432e-05,939.0,0.01344648
MDA/BTC,1637512252643,2021-11-21T16:30:52.643Z,buy,1.435e-05,8.0,0.0001148
MDA/BTC,1637512262816,2021-11-21T16:31:02.816Z,sell,1.433e-05,222.0,0.00318126
MDA/BTC,1637512299004,2021-11-21T16:31:39.004Z,buy,1.434e-05,67.0,0.0009607799999999999
MDA/BTC,1637512362208,2021-11-21T16:32:42.208Z,sell,1.433e-05,19.0,0.00027227
MDA/BTC,1637512369363,2021-11-21T16:32:49.363Z,sell,1.432e-05,112.0,0.00160384
MDA/BTC,1637512371274,2021-11-21T16:32:51.274Z,buy,1.432e-05,101.0,0.00144632
MDA/BTC,1637512430645,2021-11-21T16:33:50.645Z,buy,1.432e-05,781.0,0.01118392
MDA/BTC,1637512464598,2021-11-21T16:34:24.598Z,buy,1.432e-05,174.0,0.00249168
MDA/BTC,1637512468720,2021-11-21T16:34:28.720Z,buy,1.432e-05,5.0,7.16e-05
MDA/BTC,1637512475782,2021-11-21T16:34:35.782Z,sell,1.432e-05,159.0,0.0022768800000000002
MDA/BTC,1637512513920,2021-11-21T16:35:13.920Z,sell,1.431e-05,21.0,0.00030051
MDA/BTC,1637512518985,2021-11-21T16:35:18.985Z,buy,1.431e-05,615.0,0.00880065
MDA/BTC,1637512558113,2021-11-21T16:35:58.113Z,buy,1.432e-05,2.0,2.864e-05
MDA/BTC,1637512568178,2021-11-21T16:36:08.178Z,sell,1.432e-05,73.0,0.00104536
MDA/BTC,1637512621425,2021-11-21T16:37:01.425Z,sell,1.431e-05,3.0,4.293e-05
MDA/BTC,1637512664636,2021-11-21T16:37:44.636Z,buy,1.431e-05,170.0,0.0024327
MDA/BTC,1637512674696,2021-11-21T16:37:54.696Z,sell,1.431e-05,366.0,0.00523746
MDA/BTC,1637512719009,2021-11-21T16:38:39.009Z,sell,1.43e-05,1351.0,0.0193193
MDA/BTC,1637512733363,2021-11-21T16:38:53.363Z,sell,1.429e-05,1630.0,0.0232927
MDA/BTC,1637512736615,2021-11-21T16:38:56.615Z,sell,1.429e-05,70.0,0.0010003
MDA/BTC,1637512736615,2021-11-21T16:38:56.615Z,sell,1.428e-05,28.0,0.00039984
MDA/BTC,1637512736615,2021-11-21T16:38:56.615Z,sell,1.427e-05,61.0,0.00087047
MDA/BTC,1637512740934,2021-11-21T16:39:00.934Z,buy,1.43e-05,16.0,0.0002288
MDA/BTC,1637512747550,2021-11-21T16:39:07.550Z,sell,1.428e-05,141.0,0.0020134800000000002
MDA/BTC,1637512764742,2021-11-21T16:39:24.742Z,sell,1.429e-05,712.0,0.01017448
MDA/BTC,1637512778275,2021-11-21T16:39:38.275Z,buy,1.43e-05,278.0,0.0039754000000000005
MDA/BTC,1637512783813,2021-11-21T16:39:43.813Z,sell,1.429e-05,37.0,0.00052873
MDA/BTC,1637512783813,2021-11-21T16:39:43.813Z,sell,1.428e-05,7.0,9.996e-05
MDA/BTC,1637512784225,2021-11-21T16:39:44.225Z,buy,1.428e-05,2661.0,0.037999080000000005
MDA/BTC,1637512789116,2021-11-21T16:39:49.116Z,buy,1.43e-05,60.0,0.000858
MDA/BTC,1637512790928,2021-11-21T16:39:50.928Z,buy,1.43e-05,114.0,0.0016302
MDA/BTC,1637512791338,2021-11-21T16:39:51.338Z,buy,1.431e-05,131.0,0.00187461
MDA/BTC,1637512845750,2021-11-21T16:40:45.750Z,buy,1.432e-05,1.0,1.432e-05
MDA/BTC,1637512845750,2021-11-21T16:40:45.750Z,buy,1.433e-05,86.0,0.00123238
MDA/BTC,1637512857541,2021-11-21T16:40:57.541Z,sell,1.432e-05,276.0,0.00395232
MDA/BTC,1637512863674,2021-11-21T16:41:03.674Z,buy,1.433e-05,873.0,0.01251009
MDA/BTC,1637512863683,2021-11-21T16:41:03.683Z,buy,1.433e-05,119.0,0.00170527
MDA/BTC,1637512908977,2021-11-21T16:41:48.977Z,sell,1.433e-05,720.0,0.0103176
MDA/BTC,1637512920165,2021-11-21T16:42:00.165Z,sell,1.433e-05,753.0,0.01079049
MDA/BTC,1637512928377,2021-11-21T16:42:08.377Z,buy,1.434e-05,2.0,2.868e-05
MDA/BTC,1637512938437,2021-11-21T16:42:18.437Z,sell,1.434e-05,195.0,0.0027963
MDA/BTC,1637512983622,2021-11-21T16:43:03.622Z,buy,1.435e-05,999.0,0.01433565
MDA/BTC,1637512989686,2021-11-21T16:43:09.686Z,sell,1.435e-05,296.0,0.0042476
MDA/BTC,1637513029808,2021-11-21T16:43:49.808Z,buy,1.435e-05,512.0,0.0073472
MDA/BTC,1637513109161,2021-11-21T16:45:09.161Z,sell,1.434e-05,1.0,1.434e-05
MDA/BTC,1637513115223,2021-11-21T16:45:15.223Z,buy,1.434e-05,302.0,0.00433068
MDA/BTC,1637513146878,2021-11-21T16:45:46.878Z,buy,1.434e-05,7.0,0.00010038
MDA/BTC,1637513161410,2021-11-21T16:46:01.410Z,sell,1.434e-05,385.0,0.0055209
MDA/BTC,1637513194592,2021-11-21T16:46:34.592Z,sell,1.434e-05,10.0,0.0001434
MDA/BTC,1637513201656,2021-11-21T16:46:41.656Z,buy,1.434e-05,424.0,0.00608016
MDA/BTC,1637513201672,2021-11-21T16:46:41.672Z,buy,1.434e-05,10.0,0.0001434
MDA/BTC,1637513234056,2021-11-21T16:47:14.056Z,buy,1.434e-05,45.0,0.0006453
MDA/BTC,1637513267516,2021-11-21T16:47:47.516Z,buy,1.434e-05,282.0,0.00404388
MDA/BTC,1637513270308,2021-11-21T16:47:50.308Z,buy,1.434e-05,299.0,0.0042876599999999996
MDA/BTC,1637513285142,2021-11-21T16:48:05.142Z,buy,1.435e-05,898.0,0.0128863
MDA/BTC,1637513288161,2021-11-21T16:48:08.161Z,buy,1.435e-05,66.0,0.0009471
MDA/BTC,1637513312489,2021-11-21T16:48:32.489Z,buy,1.436e-05,234.0,0.00336024
MDA/BTC,1637513348794,2021-11-21T16:49:08.794Z,sell,1.434e-05,269.0,0.00385746
MDA/BTC,1637513436038,2021-11-21T16:50:36.038Z,sell,1.433e-05,186.0,0.00266538
MDA/BTC,1637513458256,2021-11-21T16:50:58.256Z,buy,1.433e-05,1183.0,0.01695239
MDA/BTC,1637513473232,2021-11-21T16:51:13.232Z,buy,1.433e-05,1777.0,0.02546441
MDA/BTC,1637513490797,2021-11-21T16:51:30.797Z,sell,1.432e-05,6.0,8.592e-05
MDA/BTC,1637513490797,2021-11-21T16:51:30.797Z,sell,1.431e-05,63.0,0.00090153
MDA/BTC,1637513541676,2021-11-21T16:52:21.676Z,buy,1.433e-05,112.0,0.00160496
MDA/BTC,1637513541676,2021-11-21T16:52:21.676Z,buy,1.434e-05,17.0,0.00024378
MDA/BTC,1637513558709,2021-11-21T16:52:38.709Z,buy,1.433e-05,266.0,0.00381178
MDA/BTC,1637513585898,2021-11-21T16:53:05.898Z,sell,1.432e-05,601.0,0.00860632
MDA/BTC,1637513592025,2021-11-21T16:53:12.025Z,sell,1.432e-05,63.0,0.00090216
MDA/BTC,1637513601216,2021-11-21T16:53:21.216Z,buy,1.433e-05,7.0,0.00010031
MDA/BTC,1637513605281,2021-11-21T16:53:25.281Z,sell,1.433e-05,391.0,0.00560303
MDA/BTC,1637513622224,2021-11-21T16:53:42.224Z,sell,1.432e-05,62.0,0.00088784
MDA/BTC,1637513622401,2021-11-21T16:53:42.401Z,buy,1.433e-05,2.0,2.866e-05
MDA/BTC,1637513622519,2021-11-21T16:53:42.519Z,sell,1.433e-05,62.0,0.00088846
MDA/BTC,1637513630463,2021-11-21T16:53:50.463Z,sell,1.433e-05,621.0,0.00889893
MDA/BTC,1637513663954,2021-11-21T16:54:23.954Z,sell,1.432e-05,904.0,0.01294528
MDA/BTC,1637513663954,2021-11-21T16:54:23.954Z,sell,1.431e-05,195.0,0.00279045
MDA/BTC,1637513690966,2021-11-21T16:54:50.966Z,buy,1.432e-05,146.0,0.00209072
MDA/BTC,1637513719415,2021-11-21T16:55:19.415Z,sell,1.431e-05,923.0,0.01320813
MDA/BTC,1637513734714,2021-11-21T16:55:34.714Z,sell,1.431e-05,205.0,0.00293355
MDA/BTC,1637513770427,2021-11-21T16:56:10.427Z,buy,1.432e-05,225.0,0.003222
MDA/BTC,1637513810611,2021-11-21T16:56:50.611Z,buy,1.432e-05,209.0,0.00299288
MDA/BTC,1637513832795,2021-11-21T16:57:12.795Z,sell,1.431e-05,960.0,0.0137376
MDA/BTC,1637513918235,2021-11-21T16:58:38.235Z,sell,1.431e-05,118.0,0.00168858
MDA/BTC,1637513927569,2021-11-21T16:58:47.569Z,buy,1.432e-05,69.0,0.00098808
MDA/BTC,1637513936882,2021-11-21T16:58:56.882Z,sell,1.431e-05,665.0,0.009516150000000001
MDA/BTC,1637513936882,2021-11-21T16:58:56.882Z,sell,1.431e-05,665.0,0.009516150000000001
MDA/BTC,1637514016341,2021-11-21T17:00:16.341Z,buy,1.432e-05,866.0,0.01240112
MDA/BTC,1637514024601,2021-11-21T17:00:24.601Z,sell,1.431e-05,117.0,0.00167427
MDA/BTC,1637514048593,2021-11-21T17:00:48.593Z,sell,1.431e-05,812.0,0.01161972
MDA/BTC,1637514062781,2021-11-21T17:01:02.781Z,buy,1.432e-05,725.0,0.010382
MDA/BTC,1637514074961,2021-11-21T17:01:14.961Z,buy,1.432e-05,165.0,0.0023628
MDA/BTC,1637514101215,2021-11-21T17:01:41.215Z,buy,1.432e-05,809.0,0.01158488
MDA/BTC,1637514119408,2021-11-21T17:01:59.408Z,sell,1.431e-05,90.0,0.0012879
MDA/BTC,1637514131676,2021-11-21T17:02:11.676Z,sell,1.43e-05,52.0,0.0007436
MDA/BTC,1637514150762,2021-11-21T17:02:30.762Z,buy,1.43e-05,862.0,0.0123266
MDA/BTC,1637514150762,2021-11-21T17:02:30.762Z,buy,1.431e-05,605.0,0.00865755
MDA/BTC,1637514150762,2021-11-21T17:02:30.762Z,buy,1.432e-05,4265.0,0.0610748
MDA/BTC,1637514150762,2021-11-21T17:02:30.762Z,buy,1.433e-05,47.0,0.00067351
MDA/BTC,1637514150762,2021-11-21T17:02:30.762Z,buy,1.434e-05,5699.0,0.08172366
MDA/BTC,1637514150762,2021-11-21T17:02:30.762Z,buy,1.435e-05,1824.0,0.0261744
MDA/BTC,1637514150762,2021-11-21T17:02:30.762Z,buy,1.436e-05,18.0,0.00025848
MDA/BTC,1637514150762,2021-11-21T17:02:30.762Z,buy,1.437e-05,12.0,0.00017244
MDA/BTC,1637514150762,2021-11-21T17:02:30.762Z,buy,1.438e-05,2041.0,0.02934958
MDA/BTC,1637514150762,2021-11-21T17:02:30.762Z,buy,1.439e-05,665.0,0.009569349999999999
MDA/BTC,1637514150762,2021-11-21T17:02:30.762Z,buy,1.44e-05,368.0,0.0052992
MDA/BTC,1637514150762,2021-11-21T17:02:30.762Z,buy,1.445e-05,35.0,0.00050575
MDA/BTC,1637514150762,2021-11-21T17:02:30.762Z,buy,1.446e-05,63.0,0.00091098
MDA/BTC,1637514150762,2021-11-21T17:02:30.762Z,buy,1.447e-05,1163.0,0.01682861
MDA/BTC,1637514150762,2021-11-21T17:02:30.762Z,buy,1.448e-05,69.0,0.00099912
MDA/BTC,1637514150775,2021-11-21T17:02:30.775Z,buy,1.45e-05,138.0,0.002001
MDA/BTC,1637514150775,2021-11-21T17:02:30.775Z,buy,1.451e-05,728.0,0.01056328
MDA/BTC,1637514150775,2021-11-21T17:02:30.775Z,buy,1.452e-05,160.0,0.0023232
MDA/BTC,1637514150775,2021-11-21T17:02:30.775Z,buy,1.453e-05,35.0,0.00050855
MDA/BTC,1637514150775,2021-11-21T17:02:30.775Z,buy,1.454e-05,159.0,0.00231186
MDA/BTC,1637514150792,2021-11-21T17:02:30.792Z,buy,1.454e-05,839.0,0.01219906
MDA/BTC,1637514156096,2021-11-21T17:02:36.096Z,buy,1.454e-05,150.0,0.0021809999999999998
MDA/BTC,1637514156096,2021-11-21T17:02:36.096Z,buy,1.455e-05,348.0,0.0050634
MDA/BTC,1637514156096,2021-11-21T17:02:36.096Z,buy,1.456e-05,839.0,0.01221584
MDA/BTC,1637514156096,2021-11-21T17:02:36.096Z,buy,1.457e-05,668.0,0.00973276
MDA/BTC,1637514156096,2021-11-21T17:02:36.096Z,buy,1.458e-05,332.0,0.00484056
MDA/BTC,1637514156096,2021-11-21T17:02:36.096Z,buy,1.459e-05,26.0,0.00037934
MDA/BTC,1637514156096,2021-11-21T17:02:36.096Z,buy,1.46e-05,265.0,0.003869
MDA/BTC,1637514156096,2021-11-21T17:02:36.096Z,buy,1.461e-05,8.0,0.00011688
MDA/BTC,1637514156096,2021-11-21T17:02:36.096Z,buy,1.462e-05,945.0,0.0138159
MDA/BTC,1637514156096,2021-11-21T17:02:36.096Z,buy,1.463e-05,4.0,5.852e-05
MDA/BTC,1637514156701,2021-11-21T17:02:36.701Z,buy,1.464e-05,5.0,7.32e-05
MDA/BTC,1637514156701,2021-11-21T17:02:36.701Z,buy,1.465e-05,1934.0,0.0283331
MDA/BTC,1637514156882,2021-11-21T17:02:36.882Z,sell,1.463e-05,4182.0,0.06118266
MDA/BTC,1637514158578,2021-11-21T17:02:38.578Z,buy,1.465e-05,5.0,7.325e-05
MDA/BTC,1637514158578,2021-11-21T17:02:38.578Z,buy,1.469e-05,1289.0,0.01893541
MDA/BTC,1637514158578,2021-11-21T17:02:38.578Z,buy,1.47e-05,366.0,0.0053802
MDA/BTC,1637514158578,2021-11-21T17:02:38.578Z,buy,1.474e-05,21.0,0.00030953999999999997
MDA/BTC,1637514158578,2021-11-21T17:02:38.578Z,buy,1.475e-05,34.0,0.0005015
MDA/BTC,1637514158578,2021-11-21T17:02:38.578Z,buy,1.476e-05,13.0,0.00019187999999999999
MDA/BTC,1637514158578,2021-11-21T17:02:38.578Z,buy,1.478e-05,486.0,0.0071830800000000005
MDA/BTC,1637514158578,2021-11-21T17:02:38.578Z,buy,1.479e-05,343.0,0.00507297
MDA/BTC,1637514158578,2021-11-21T17:02:38.578Z,buy,1.48e-05,14.0,0.0002072
MDA/BTC,1637514158578,2021-11-21T17:02:38.578Z,buy,1.481e-05,34.0,0.00050354
MDA/BTC,1637514158590,2021-11-21T17:02:38.590Z,sell,1.481e-05,2540.0,0.0376174
MDA/BTC,1637514160086,2021-11-21T17:02:40.086Z,buy,1.482e-05,8.0,0.00011856
MDA/BTC,1637514165883,2021-11-21T17:02:45.883Z,buy,1.482e-05,10.0,0.0001482
MDA/BTC,1637514171316,2021-11-21T17:02:51.316Z,sell,1.47e-05,23.0,0.0003381
MDA/BTC,1637514175912,2021-11-21T17:02:55.912Z,buy,1.48e-05,110.0,0.001628
MDA/BTC,1637514175912,2021-11-21T17:02:55.912Z,buy,1.481e-05,502.0,0.00743462
MDA/BTC,1637514178379,2021-11-21T17:02:58.379Z,sell,1.461e-05,585.0,0.00854685
MDA/BTC,1637514178379,2021-11-21T17:02:58.379Z,sell,1.46e-05,3145.0,0.045917
MDA/BTC,1637514179186,2021-11-21T17:02:59.186Z,sell,1.459e-05,23.0,0.00033557
MDA/BTC,1637514179614,2021-11-21T17:02:59.614Z,sell,1.451e-05,280.0,0.0040628
MDA/BTC,1637514183110,2021-11-21T17:03:03.110Z,buy,1.46e-05,709.0,0.0103514
MDA/BTC,1637514186287,2021-11-21T17:03:06.287Z,buy,1.469e-05,809.0,0.01188421
MDA/BTC,1637514190174,2021-11-21T17:03:10.174Z,buy,1.469e-05,15.0,0.00022035
MDA/BTC,1637514190827,2021-11-21T17:03:10.827Z,buy,1.469e-05,9.0,0.00013221
MDA/BTC,1637514192512,2021-11-21T17:03:12.512Z,sell,1.469e-05,2.0,2.938e-05
MDA/BTC,1637514195890,2021-11-21T17:03:15.890Z,buy,1.47e-05,21.0,0.0003087
MDA/BTC,1637514196397,2021-11-21T17:03:16.397Z,sell,1.465e-05,301.0,0.00440965
MDA/BTC,1637514198679,2021-11-21T17:03:18.679Z,sell,1.464e-05,630.0,0.0092232
MDA/BTC,1637514199409,2021-11-21T17:03:19.409Z,sell,1.465e-05,706.0,0.0103429
MDA/BTC,1637514206216,2021-11-21T17:03:26.216Z,sell,1.464e-05,32.0,0.00046848
MDA/BTC,1637514206614,2021-11-21T17:03:26.614Z,sell,1.463e-05,20.0,0.0002926
MDA/BTC,1637514216788,2021-11-21T17:03:36.788Z,sell,1.458e-05,2054.0,0.02994732
MDA/BTC,1637514219054,2021-11-21T17:03:39.054Z,buy,1.458e-05,623.0,0.009083339999999999
MDA/BTC,1637514236899,2021-11-21T17:03:56.899Z,sell,1.448e-05,41.0,0.00059368
MDA/BTC,1637514237421,2021-11-21T17:03:57.421Z,sell,1.447e-05,23.0,0.00033281
MDA/BTC,1637514237421,2021-11-21T17:03:57.421Z,sell,1.443e-05,23.0,0.00033189
MDA/BTC,1637514237421,2021-11-21T17:03:57.421Z,sell,1.44e-05,7.0,0.0001008
MDA/BTC,1637514237421,2021-11-21T17:03:57.421Z,sell,1.437e-05,123.0,0.00176751
MDA/BTC,1637514260576,2021-11-21T17:04:20.576Z,sell,1.439e-05,255.0,0.00366945
MDA/BTC,1637514268049,2021-11-21T17:04:28.049Z,sell,1.439e-05,6.0,8.633999999999999e-05
MDA/BTC,1637514268049,2021-11-21T17:04:28.049Z,sell,1.437e-05,571.0,0.00820527
MDA/BTC,1637514268049,2021-11-21T17:04:28.049Z,sell,1.436e-05,23.0,0.00033028
MDA/BTC,1637514268049,2021-11-21T17:04:28.049Z,sell,1.433e-05,83.0,0.00118939
MDA/BTC,1637514268049,2021-11-21T17:04:28.049Z,sell,1.432e-05,2194.0,0.03141808
MDA/BTC,1637514273141,2021-11-21T17:04:33.141Z,sell,1.44e-05,1644.0,0.0236736
MDA/BTC,1637514275758,2021-11-21T17:04:35.758Z,buy,1.44e-05,584.0,0.0084096
MDA/BTC,1637514299943,2021-11-21T17:04:59.943Z,buy,1.436e-05,301.0,0.00432236
MDA/BTC,1637514299943,2021-11-21T17:04:59.943Z,buy,1.437e-05,525.0,0.00754425
MDA/BTC,1637514305588,2021-11-21T17:05:05.588Z,sell,1.43e-05,35.0,0.0005005
MDA/BTC,1637514318128,2021-11-21T17:05:18.128Z,sell,1.431e-05,867.0,0.012406770000000001
MDA/BTC,1637514326371,2021-11-21T17:05:26.371Z,sell,1.432e-05,222.0,0.00317904
MDA/BTC,1637514326371,2021-11-21T17:05:26.371Z,sell,1.431e-05,1578.0,0.02258118
MDA/BTC,1637514334240,2021-11-21T17:05:34.240Z,sell,1.432e-05,1500.0,0.02148
MDA/BTC,1637514334313,2021-11-21T17:05:34.313Z,sell,1.432e-05,29.0,0.00041528
MDA/BTC,1637514334326,2021-11-21T17:05:34.326Z,buy,1.432e-05,189.0,0.00270648
MDA/BTC,1637514359738,2021-11-21T17:05:59.738Z,buy,1.434e-05,550.0,0.007887
MDA/BTC,1637514364036,2021-11-21T17:06:04.036Z,buy,1.434e-05,4.0,5.736e-05
MDA/BTC,1637514364036,2021-11-21T17:06:04.036Z,buy,1.435e-05,123.0,0.00176505
MDA/BTC,1637514380925,2021-11-21T17:06:20.925Z,sell,1.431e-05,315.0,0.00450765
MDA/BTC,1637514392127,2021-11-21T17:06:32.127Z,sell,1.432e-05,714.0,0.01022448
MDA/BTC,1637514406823,2021-11-21T17:06:46.823Z,sell,1.433e-05,1000.0,0.01433
MDA/BTC,1637514427681,2021-11-21T17:07:07.681Z,buy,1.433e-05,505.0,0.00723665
MDA/BTC,1637514444865,2021-11-21T17:07:24.865Z,sell,1.432e-05,40.0,0.0005728
MDA/BTC,1637514454926,2021-11-21T17:07:34.926Z,buy,1.432e-05,748.0,0.01071136
MDA/BTC,1637514465059,2021-11-21T17:07:45.059Z,buy,1.433e-05,169.0,0.00242177
MDA/BTC,1637514473122,2021-11-21T17:07:53.122Z,sell,1.433e-05,18.0,0.00025794
MDA/BTC,1637514480181,2021-11-21T17:08:00.181Z,sell,1.432e-05,16.0,0.00022912
MDA/BTC,1637514491314,2021-11-21T17:08:11.314Z,sell,1.432e-05,685.0,0.0098092
MDA/BTC,1637514491436,2021-11-21T17:08:11.436Z,buy,1.433e-05,169.0,0.00242177
MDA/BTC,1637514498720,2021-11-21T17:08:18.720Z,sell,1.433e-05,600.0,0.008598
MDA/BTC,1637514512686,2021-11-21T17:08:32.686Z,sell,1.433e-05,1.0,1.433e-05
MDA/BTC,1637514522750,2021-11-21T17:08:42.750Z,buy,1.433e-05,602.0,0.00862666
MDA/BTC,1637514527873,2021-11-21T17:08:47.873Z,buy,1.433e-05,608.0,0.00871264
MDA/BTC,1637514550134,2021-11-21T17:09:10.134Z,sell,1.432e-05,6.0,8.592e-05
MDA/BTC,1637514559305,2021-11-21T17:09:19.305Z,buy,1.432e-05,843.0,0.01207176
MDA/BTC,1637514573425,2021-11-21T17:09:33.425Z,buy,1.432e-05,31.0,0.00044392
MDA/BTC,1637514582488,2021-11-21T17:09:42.488Z,sell,1.432e-05,639.0,0.00915048
MDA/BTC,1637514588714,2021-11-21T17:09:48.714Z,sell,1.431e-05,16.0,0.00022896
MDA/BTC,1637514588714,2021-11-21T17:09:48.714Z,sell,1.43e-05,812.0,0.0116116
MDA/BTC,1637514588714,2021-11-21T17:09:48.714Z,sell,1.427e-05,2335.0,0.03332045
MDA/BTC,1637514588714,2021-11-21T17:09:48.714Z,sell,1.425e-05,2816.0,0.040128000000000004
MDA/BTC,1637514598811,2021-11-21T17:09:58.811Z,sell,1.42e-05,181.0,0.0025702
MDA/BTC,1637514598811,2021-11-21T17:09:58.811Z,sell,1.419e-05,330.0,0.0046827
MDA/BTC,1637514598811,2021-11-21T17:09:58.811Z,sell,1.418e-05,10.0,0.0001418
MDA/BTC,1637514598811,2021-11-21T17:09:58.811Z,sell,1.417e-05,1236.0,0.01751412
MDA/BTC,1637514600675,2021-11-21T17:10:00.675Z,sell,1.416e-05,750.0,0.01062
MDA/BTC,1637514602107,2021-11-21T17:10:02.107Z,sell,1.416e-05,323.0,0.00457368
MDA/BTC,1637514602107,2021-11-21T17:10:02.107Z,sell,1.415e-05,2360.0,0.033394
MDA/BTC,1637514602118,2021-11-21T17:10:02.118Z,sell,1.414e-05,23.0,0.00032522
MDA/BTC,1637514602118,2021-11-21T17:10:02.118Z,sell,1.413e-05,20.0,0.0002826
MDA/BTC,1637514608741,2021-11-21T17:10:08.741Z,buy,1.415e-05,738.0,0.0104427
MDA/BTC,1637514608889,2021-11-21T17:10:08.889Z,sell,1.408e-05,12.0,0.00016896
MDA/BTC,1637514612496,2021-11-21T17:10:12.496Z,sell,1.409e-05,895.0,0.01261055
MDA/BTC,1637514612496,2021-11-21T17:10:12.496Z,sell,1.408e-05,35.0,0.0004928
MDA/BTC,1637514612496,2021-11-21T17:10:12.496Z,sell,1.407e-05,31.0,0.00043617000000000005
MDA/BTC,1637514612496,2021-11-21T17:10:12.496Z,sell,1.405e-05,8.0,0.0001124
MDA/BTC,1637514612496,2021-11-21T17:10:12.496Z,sell,1.404e-05,10.0,0.0001404
MDA/BTC,1637514612496,2021-11-21T17:10:12.496Z,sell,1.403e-05,23.0,0.00032269
MDA/BTC,1637514612496,2021-11-21T17:10:12.496Z,sell,1.4e-05,8.0,0.000112
MDA/BTC,1637514612496,2021-11-21T17:10:12.496Z,sell,1.399e-05,992.0,0.01387808
MDA/BTC,1637514612496,2021-11-21T17:10:12.496Z,sell,1.398e-05,2171.0,0.03035058
MDA/BTC,1637514612496,2021-11-21T17:10:12.496Z,sell,1.397e-05,93.0,0.00129921
MDA/BTC,1637514612496,2021-11-21T17:10:12.496Z,sell,1.395e-05,910.0,0.012694500000000001
MDA/BTC,1637514612507,2021-11-21T17:10:12.507Z,buy,1.4e-05,577.0,0.008078
MDA/BTC,1637514612510,2021-11-21T17:10:12.510Z,buy,1.4e-05,550.0,0.0077
MDA/BTC,1637514618925,2021-11-21T17:10:18.925Z,sell,1.397e-05,616.0,0.00860552
MDA/BTC,1637514626241,2021-11-21T17:10:26.241Z,buy,1.412e-05,79.0,0.00111548
MDA/BTC,1637514633222,2021-11-21T17:10:33.222Z,buy,1.412e-05,193.0,0.00272516
MDA/BTC,1637514633295,2021-11-21T17:10:33.295Z,sell,1.412e-05,69.0,0.00097428
MDA/BTC,1637514693396,2021-11-21T17:11:33.396Z,buy,1.409e-05,103.0,0.0014512700000000002
MDA/BTC,1637514698946,2021-11-21T17:11:38.946Z,sell,1.398e-05,513.0,0.00717174
MDA/BTC,1637514708130,2021-11-21T17:11:48.130Z,buy,1.408e-05,421.0,0.00592768
MDA/BTC,1637514721322,2021-11-21T17:12:01.322Z,sell,1.399e-05,583.0,0.00815617
MDA/BTC,1637514763294,2021-11-21T17:12:43.294Z,buy,1.407e-05,15.0,0.00021105
MDA/BTC,1637514770849,2021-11-21T17:12:50.849Z,sell,1.406e-05,752.0,0.01057312
MDA/BTC,1637514770864,2021-11-21T17:12:50.864Z,sell,1.406e-05,29.0,0.00040773999999999997
MDA/BTC,1637514791032,2021-11-21T17:13:11.032Z,buy,1.406e-05,698.0,0.009813879999999999
MDA/BTC,1637514796843,2021-11-21T17:13:16.843Z,buy,1.406e-05,29.0,0.00040773999999999997
MDA/BTC,1637514796843,2021-11-21T17:13:16.843Z,buy,1.407e-05,91.0,0.00128037
MDA/BTC,1637514814328,2021-11-21T17:13:34.328Z,buy,1.406e-05,219.0,0.0030791399999999997
MDA/BTC,1637514819517,2021-11-21T17:13:39.517Z,sell,1.406e-05,174.0,0.00244644
MDA/BTC,1637514821371,2021-11-21T17:13:41.371Z,buy,1.407e-05,8.0,0.00011256
MDA/BTC,1637514823309,2021-11-21T17:13:43.309Z,sell,1.406e-05,5.0,7.03e-05
MDA/BTC,1637514830151,2021-11-21T17:13:50.151Z,sell,1.405e-05,8.0,0.0001124
MDA/BTC,1637514842814,2021-11-21T17:14:02.814Z,sell,1.401e-05,458.0,0.00641658
MDA/BTC,1637514856006,2021-11-21T17:14:16.006Z,sell,1.402e-05,834.0,0.01169268
MDA/BTC,1637514872612,2021-11-21T17:14:32.612Z,sell,1.402e-05,17.0,0.00023834
MDA/BTC,1637514882215,2021-11-21T17:14:42.215Z,buy,1.404e-05,557.0,0.007820279999999999
MDA/BTC,1637514887526,2021-11-21T17:14:47.526Z,sell,1.402e-05,649.0,0.00909898
MDA/BTC,1637514890539,2021-11-21T17:14:50.539Z,sell,1.402e-05,33.0,0.00046266
MDA/BTC,1637514891076,2021-11-21T17:14:51.076Z,buy,1.404e-05,26.0,0.00036503999999999996
MDA/BTC,1637514891076,2021-11-21T17:14:51.076Z,buy,1.405e-05,5391.0,0.07574354999999999
MDA/BTC,1637514891076,2021-11-21T17:14:51.076Z,buy,1.406e-05,764.0,0.010741839999999999
MDA/BTC,1637514891076,2021-11-21T17:14:51.076Z,buy,1.407e-05,162.0,0.00227934
MDA/BTC,1637514891076,2021-11-21T17:14:51.076Z,buy,1.408e-05,12.0,0.00016896
MDA/BTC,1637514891076,2021-11-21T17:14:51.076Z,buy,1.411e-05,717.0,0.01011687
MDA/BTC,1637514891076,2021-11-21T17:14:51.076Z,buy,1.412e-05,621.0,0.00876852
MDA/BTC,1637514891076,2021-11-21T17:14:51.076Z,buy,1.413e-05,71.0,0.00100323
MDA/BTC,1637514891076,2021-11-21T17:14:51.076Z,buy,1.414e-05,23.0,0.00032522
MDA/BTC,1637514891076,2021-11-21T17:14:51.076Z,buy,1.42e-05,22.0,0.0003124
MDA/BTC,1637514891076,2021-11-21T17:14:51.076Z,buy,1.422e-05,47.0,0.00066834
MDA/BTC,1637514891076,2021-11-21T17:14:51.076Z,buy,1.423e-05,298.0,0.00424054
MDA/BTC,1637514891076,2021-11-21T17:14:51.076Z,buy,1.425e-05,23.0,0.00032775
MDA/BTC,1637514891076,2021-11-21T17:14:51.076Z,buy,1.426e-05,316.0,0.00450616
MDA/BTC,1637514891076,2021-11-21T17:14:51.076Z,buy,1.428e-05,14.0,0.00019992
MDA/BTC,1637514891076,2021-11-21T17:14:51.076Z,buy,1.43e-05,2159.0,0.0308737
MDA/BTC,1637514891076,2021-11-21T17:14:51.076Z,buy,1.432e-05,10089.0,0.14447448
MDA/BTC,1637514891076,2021-11-21T17:14:51.076Z,buy,1.433e-05,2694.0,0.03860502
MDA/BTC,1637514891076,2021-11-21T17:14:51.076Z,buy,1.434e-05,708.0,0.01015272
MDA/BTC,1637514891076,2021-11-21T17:14:51.076Z,buy,1.435e-05,636.0,0.0091266
MDA/BTC,1637514891076,2021-11-21T17:14:51.076Z,buy,1.436e-05,801.0,0.01150236
MDA/BTC,1637514891076,2021-11-21T17:14:51.076Z,buy,1.437e-05,313.0,0.00449781
MDA/BTC,1637514891076,2021-11-21T17:14:51.076Z,buy,1.44e-05,26.0,0.0003744
MDA/BTC,1637514891076,2021-11-21T17:14:51.076Z,buy,1.445e-05,2360.0,0.034102
MDA/BTC,1637514891076,2021-11-21T17:14:51.076Z,buy,1.446e-05,2148.0,0.03106008
MDA/BTC,1637514891076,2021-11-21T17:14:51.076Z,buy,1.447e-05,53.0,0.00076691
MDA/BTC,1637514891076,2021-11-21T17:14:51.076Z,buy,1.45e-05,144.0,0.002088
MDA/BTC,1637514891088,2021-11-21T17:14:51.088Z,sell,1.45e-05,960.0,0.01392
MDA/BTC,1637514891101,2021-11-21T17:14:51.101Z,sell,1.45e-05,3040.0,0.04408
MDA/BTC,1637514891168,2021-11-21T17:14:51.168Z,sell,1.45e-05,93.0,0.0013485
MDA/BTC,1637514891214,2021-11-21T17:14:51.214Z,sell,1.45e-05,6080.0,0.08816
MDA/BTC,1637514891226,2021-11-21T17:14:51.226Z,sell,1.45e-05,5008.0,0.072616
MDA/BTC,1637514891726,2021-11-21T17:14:51.726Z,sell,1.45e-05,5495.0,0.0796775
MDA/BTC,1637514891860,2021-11-21T17:14:51.860Z,buy,1.454e-05,14.0,0.00020355999999999998
MDA/BTC,1637514892206,2021-11-21T17:14:52.206Z,sell,1.45e-05,1132.0,0.016414
MDA/BTC,1637514892347,2021-11-21T17:14:52.347Z,sell,1.45e-05,1776.0,0.025752
MDA/BTC,1637514898220,2021-11-21T17:14:58.220Z,buy,1.454e-05,960.0,0.0139584
MDA/BTC,1637514898707,2021-11-21T17:14:58.707Z,sell,1.452e-05,191.0,0.00277332
MDA/BTC,1637514902047,2021-11-21T17:15:02.047Z,buy,1.453e-05,45.0,0.00065385
MDA/BTC,1637514903898,2021-11-21T17:15:03.898Z,sell,1.452e-05,79.0,0.00114708
MDA/BTC,1637514913895,2021-11-21T17:15:13.895Z,sell,1.452e-05,216.0,0.00313632
MDA/BTC,1637514914570,2021-11-21T17:15:14.570Z,sell,1.452e-05,668.0,0.00969936
MDA/BTC,1637514914570,2021-11-21T17:15:14.570Z,sell,1.451e-05,26.0,0.00037726
MDA/BTC,1637514942377,2021-11-21T17:15:42.377Z,buy,1.454e-05,176.0,0.00255904
MDA/BTC,1637514948900,2021-11-21T17:15:48.900Z,buy,1.454e-05,7.0,0.00010177999999999999
MDA/BTC,1637514948996,2021-11-21T17:15:48.996Z,buy,1.454e-05,7.0,0.00010177999999999999
MDA/BTC,1637514949116,2021-11-21T17:15:49.116Z,buy,1.454e-05,104.0,0.00151216
MDA/BTC,1637514949293,2021-11-21T17:15:49.293Z,buy,1.454e-05,7.0,0.00010177999999999999
MDA/BTC,1637514949502,2021-11-21T17:15:49.502Z,buy,1.454e-05,69.0,0.00100326
MDA/BTC,1637514953627,2021-11-21T17:15:53.627Z,buy,1.454e-05,771.0,0.01121034
MDA/BTC,1637514953642,2021-11-21T17:15:53.642Z,buy,1.454e-05,900.0,0.013086
MDA/BTC,1637514953655,2021-11-21T17:15:53.655Z,buy,1.454e-05,218.0,0.00316972
MDA/BTC,1637514953655,2021-11-21T17:15:53.655Z,buy,1.455e-05,335.0,0.00487425
MDA/BTC,1637514956666,2021-11-21T17:15:56.666Z,buy,1.455e-05,218.0,0.0031719
MDA/BTC,1637514963693,2021-11-21T17:16:03.693Z,sell,1.454e-05,764.0,0.01110856
MDA/BTC,1637515002106,2021-11-21T17:16:42.106Z,buy,1.459e-05,23.0,0.00033557
MDA/BTC,1637515002117,2021-11-21T17:16:42.117Z,buy,1.46e-05,708.0,0.0103368
MDA/BTC,1637515016853,2021-11-21T17:16:56.853Z,buy,1.463e-05,34.0,0.00049742
MDA/BTC,1637515019257,2021-11-21T17:16:59.257Z,buy,1.463e-05,844.0,0.012347720000000001
MDA/BTC,1637515019265,2021-11-21T17:16:59.265Z,sell,1.463e-05,13.0,0.00019019000000000002
MDA/BTC,1637515033444,2021-11-21T17:17:13.444Z,sell,1.459e-05,554.0,0.008082859999999999
MDA/BTC,1637515037566,2021-11-21T17:17:17.566Z,buy,1.46e-05,8.0,0.0001168
MDA/BTC,1637515043628,2021-11-21T17:17:23.628Z,sell,1.46e-05,372.0,0.005431200000000001
MDA/BTC,1637515061296,2021-11-21T17:17:41.296Z,sell,1.461e-05,464.0,0.00677904
MDA/BTC,1637515096174,2021-11-21T17:18:16.174Z,buy,1.462e-05,637.0,0.00931294
MDA/BTC,1637515100302,2021-11-21T17:18:20.302Z,buy,1.462e-05,599.0,0.00875738
MDA/BTC,1637515132579,2021-11-21T17:18:52.579Z,buy,1.462e-05,294.0,0.00429828
MDA/BTC,1637515140625,2021-11-21T17:19:00.625Z,sell,1.461e-05,2719.0,0.039724590000000004
MDA/BTC,1637515140625,2021-11-21T17:19:00.625Z,sell,1.46e-05,8.0,0.0001168
MDA/BTC,1637515140625,2021-11-21T17:19:00.625Z,sell,1.459e-05,20.0,0.0002918
MDA/BTC,1637515140625,2021-11-21T17:19:00.625Z,sell,1.456e-05,607.0,0.008837919999999999
MDA/BTC,1637515140625,2021-11-21T17:19:00.625Z,sell,1.455e-05,480.0,0.006984
MDA/BTC,1637515140625,2021-11-21T17:19:00.625Z,sell,1.453e-05,764.0,0.01110092
MDA/BTC,1637515140625,2021-11-21T17:19:00.625Z,sell,1.452e-05,211.0,0.00306372
MDA/BTC,1637515140625,2021-11-21T17:19:00.625Z,sell,1.447e-05,23.0,0.00033281
MDA/BTC,1637515140625,2021-11-21T17:19:00.625Z,sell,1.446e-05,130.0,0.0018798
MDA/BTC,1637515140625,2021-11-21T17:19:00.625Z,sell,1.437e-05,344.0,0.0049432799999999995
MDA/BTC,1637515140625,2021-11-21T17:19:00.625Z,sell,1.436e-05,23.0,0.00033028
MDA/BTC,1637515140625,2021-11-21T17:19:00.625Z,sell,1.433e-05,86.0,0.00123238
MDA/BTC,1637515140625,2021-11-21T17:19:00.625Z,sell,1.428e-05,1273.0,0.01817844
MDA/BTC,1637515140625,2021-11-21T17:19:00.625Z,sell,1.427e-05,6289.0,0.08974403
MDA/BTC,1637515140625,2021-11-21T17:19:00.625Z,sell,1.426e-05,4845.0,0.0690897
MDA/BTC,1637515140625,2021-11-21T17:19:00.625Z,sell,1.425e-05,9553.0,0.13613025
MDA/BTC,1637515140625,2021-11-21T17:19:00.625Z,sell,1.424e-05,25.0,0.000356
MDA/BTC,1637515140625,2021-11-21T17:19:00.625Z,sell,1.423e-05,1543.0,0.02195689
MDA/BTC,1637515140625,2021-11-21T17:19:00.625Z,sell,1.421e-05,41.0,0.00058261
MDA/BTC,1637515140625,2021-11-21T17:19:00.625Z,sell,1.418e-05,10.0,0.0001418
MDA/BTC,1637515140625,2021-11-21T17:19:00.625Z,sell,1.417e-05,47.0,0.00066599
MDA/BTC,1637515140625,2021-11-21T17:19:00.625Z,sell,1.415e-05,70.0,0.0009905
MDA/BTC,1637515140625,2021-11-21T17:19:00.625Z,sell,1.414e-05,69.0,0.00097566
MDA/BTC,1637515140625,2021-11-21T17:19:00.625Z,sell,1.412e-05,46.0,0.00064952
MDA/BTC,1637515140625,2021-11-21T17:19:00.625Z,sell,1.409e-05,1243.0,0.01751387
MDA/BTC,1637515140625,2021-11-21T17:19:00.625Z,sell,1.408e-05,140.0,0.0019712
MDA/BTC,1637515140625,2021-11-21T17:19:00.625Z,sell,1.406e-05,42.0,0.00059052
MDA/BTC,1637515140625,2021-11-21T17:19:00.625Z,sell,1.404e-05,205.0,0.0028782
MDA/BTC,1637515140625,2021-11-21T17:19:00.625Z,sell,1.403e-05,3906.0,0.05480118
MDA/BTC,1637515140895,2021-11-21T17:19:00.895Z,buy,1.431e-05,47.0,0.00067257
MDA/BTC,1637515141594,2021-11-21T17:19:01.594Z,buy,1.423e-05,46.0,0.00065458
MDA/BTC,1637515145313,2021-11-21T17:19:05.313Z,sell,1.431e-05,20.0,0.0002862
MDA/BTC,1637515145543,2021-11-21T17:19:05.543Z,sell,1.419e-05,23.0,0.00032637
MDA/BTC,1637515145788,2021-11-21T17:19:05.788Z,buy,1.424e-05,757.0,0.01077968
MDA/BTC,1637515146653,2021-11-21T17:19:06.653Z,buy,1.422e-05,12.0,0.00017064
MDA/BTC,1637515149300,2021-11-21T17:19:09.300Z,sell,1.419e-05,140.0,0.0019866
MDA/BTC,1637515155955,2021-11-21T17:19:15.955Z,sell,1.424e-05,438.0,0.00623712
MDA/BTC,1637515164141,2021-11-21T17:19:24.141Z,buy,1.425e-05,629.0,0.00896325
MDA/BTC,1637515164151,2021-11-21T17:19:24.151Z,buy,1.426e-05,88.0,0.00125488
MDA/BTC,1637515172206,2021-11-21T17:19:32.206Z,sell,1.425e-05,109.0,0.0015532500000000002
MDA/BTC,1637515172218,2021-11-21T17:19:32.218Z,buy,1.425e-05,592.0,0.008436
MDA/BTC,1637515185388,2021-11-21T17:19:45.388Z,sell,1.425e-05,323.0,0.00460275
MDA/BTC,1637515211698,2021-11-21T17:20:11.698Z,buy,1.434e-05,659.0,0.00945006
MDA/BTC,1637515216884,2021-11-21T17:20:16.884Z,buy,1.433e-05,561.0,0.00803913
MDA/BTC,1637515218795,2021-11-21T17:20:18.795Z,buy,1.433e-05,1.0,1.433e-05
MDA/BTC,1637515218795,2021-11-21T17:20:18.795Z,buy,1.434e-05,2182.0,0.03128988
MDA/BTC,1637515218795,2021-11-21T17:20:18.795Z,buy,1.435e-05,599.0,0.00859565
MDA/BTC,1637515218806,2021-11-21T17:20:18.806Z,buy,1.435e-05,23.0,0.00033004999999999997
MDA/BTC,1637515218819,2021-11-21T17:20:18.819Z,buy,1.435e-05,23.0,0.00033004999999999997
MDA/BTC,1637515218827,2021-11-21T17:20:18.827Z,buy,1.435e-05,23.0,0.00033004999999999997
MDA/BTC,1637515220716,2021-11-21T17:20:20.716Z,buy,1.435e-05,1539.0,0.02208465
MDA/BTC,1637515221842,2021-11-21T17:20:21.842Z,buy,1.436e-05,23.0,0.00033028
MDA/BTC,1637515222989,2021-11-21T17:20:22.989Z,buy,1.44e-05,20.0,0.000288
MDA/BTC,1637515222989,2021-11-21T17:20:22.989Z,buy,1.445e-05,45.0,0.00065025
MDA/BTC,1637515223178,2021-11-21T17:20:23.178Z,sell,1.446e-05,122.0,0.00176412
MDA/BTC,1637515224190,2021-11-21T17:20:24.190Z,sell,1.446e-05,596.0,0.00861816
MDA/BTC,1637515224237,2021-11-21T17:20:24.237Z,sell,1.446e-05,427.0,0.00617442
MDA/BTC,1637515249380,2021-11-21T17:20:49.380Z,sell,1.43e-05,754.0,0.0107822
MDA/BTC,1637515269565,2021-11-21T17:21:09.565Z,sell,1.431e-05,595.0,0.00851445
MDA/BTC,1637515290994,2021-11-21T17:21:30.994Z,buy,1.438e-05,841.0,0.01209358
MDA/BTC,1637515304186,2021-11-21T17:21:44.186Z,sell,1.432e-05,630.0,0.0090216
MDA/BTC,1637515310371,2021-11-21T17:21:50.371Z,sell,1.433e-05,806.0,0.01154998
MDA/BTC,1637515334558,2021-11-21T17:22:14.558Z,buy,1.437e-05,675.0,0.00969975
MDA/BTC,1637515369858,2021-11-21T17:22:49.858Z,sell,1.436e-05,301.0,0.00432236
MDA/BTC,1637515369858,2021-11-21T17:22:49.858Z,sell,1.434e-05,443.0,0.00635262
MDA/BTC,1637515393167,2021-11-21T17:23:13.167Z,buy,1.436e-05,405.0,0.0058158
MDA/BTC,1637515403355,2021-11-21T17:23:23.355Z,buy,1.435e-05,330.0,0.0047355
MDA/BTC,1637515403421,2021-11-21T17:23:23.421Z,buy,1.435e-05,6.0,8.61e-05
MDA/BTC,1637515413541,2021-11-21T17:23:33.541Z,sell,1.435e-05,589.0,0.00845215
MDA/BTC,1637515414067,2021-11-21T17:23:34.067Z,buy,1.436e-05,3.0,4.308e-05
MDA/BTC,1637515422829,2021-11-21T17:23:42.829Z,buy,1.436e-05,764.0,0.01097104
MDA/BTC,1637515439080,2021-11-21T17:23:59.080Z,buy,1.436e-05,336.0,0.00482496
MDA/BTC,1637515440467,2021-11-21T17:24:00.467Z,sell,1.436e-05,1402.0,0.02013272
MDA/BTC,1637515440509,2021-11-21T17:24:00.509Z,buy,1.436e-05,72.0,0.00103392
MDA/BTC,1637515449271,2021-11-21T17:24:09.271Z,buy,1.436e-05,634.0,0.00910424
MDA/BTC,1637515462458,2021-11-21T17:24:22.458Z,sell,1.435e-05,6.0,8.61e-05
MDA/BTC,1637515465522,2021-11-21T17:24:25.522Z,buy,1.435e-05,587.0,0.00842345
MDA/BTC,1637515471654,2021-11-21T17:24:31.654Z,buy,1.435e-05,684.0,0.0098154
MDA/BTC,1637515473944,2021-11-21T17:24:33.944Z,sell,1.434e-05,313.0,0.00448842
MDA/BTC,1637515473944,2021-11-21T17:24:33.944Z,sell,1.433e-05,37.0,0.00053021
MDA/BTC,1637515473944,2021-11-21T17:24:33.944Z,sell,1.432e-05,28.0,0.00040096
MDA/BTC,1637515474339,2021-11-21T17:24:34.339Z,buy,1.432e-05,389.0,0.00557048
MDA/BTC,1637515500017,2021-11-21T17:25:00.017Z,buy,1.433e-05,767.0,0.01099111
MDA/BTC,1637515515217,2021-11-21T17:25:15.217Z,sell,1.432e-05,733.0,0.01049656
MDA/BTC,1637515518398,2021-11-21T17:25:18.398Z,sell,1.432e-05,27.0,0.00038664
MDA/BTC,1637515518398,2021-11-21T17:25:18.398Z,sell,1.431e-05,751.0,0.01074681
MDA/BTC,1637515544403,2021-11-21T17:25:44.403Z,sell,1.43e-05,19.0,0.0002717
MDA/BTC,1637515561932,2021-11-21T17:26:01.932Z,sell,1.427e-05,615.0,0.00877605
MDA/BTC,1637515561932,2021-11-21T17:26:01.932Z,sell,1.426e-05,114.0,0.00162564
MDA/BTC,1637515561932,2021-11-21T17:26:01.932Z,sell,1.425e-05,35.0,0.0004987500000000001
MDA/BTC,1637515564617,2021-11-21T17:26:04.617Z,sell,1.424e-05,298.0,0.00424352
MDA/BTC,1637515566771,2021-11-21T17:26:06.771Z,sell,1.42e-05,16.0,0.0002272
MDA/BTC,1637515566771,2021-11-21T17:26:06.771Z,sell,1.419e-05,128.0,0.00181632
MDA/BTC,1637515568926,2021-11-21T17:26:08.926Z,sell,1.414e-05,23.0,0.00032522
MDA/BTC,1637515568926,2021-11-21T17:26:08.926Z,sell,1.413e-05,1109.0,0.01567017
MDA/BTC,1637515569649,2021-11-21T17:26:09.649Z,buy,1.429e-05,677.0,0.00967433
MDA/BTC,1637515577250,2021-11-21T17:26:17.250Z,sell,1.415e-05,306.0,0.0043299
MDA/BTC,1637515577250,2021-11-21T17:26:17.250Z,sell,1.414e-05,592.0,0.00837088
MDA/BTC,1637515577250,2021-11-21T17:26:17.250Z,sell,1.413e-05,1693.0,0.02392209
MDA/BTC,1637515581332,2021-11-21T17:26:21.332Z,buy,1.407e-05,188.0,0.00264516
MDA/BTC,1637515584345,2021-11-21T17:26:24.345Z,buy,1.407e-05,188.0,0.00264516
MDA/BTC,1637515585384,2021-11-21T17:26:25.384Z,sell,1.403e-05,23.0,0.00032269
MDA/BTC,1637515585384,2021-11-21T17:26:25.384Z,sell,1.401e-05,5.0,7.005e-05
MDA/BTC,1637515585393,2021-11-21T17:26:25.393Z,buy,1.401e-05,150.0,0.0021015
MDA/BTC,1637515585397,2021-11-21T17:26:25.397Z,buy,1.401e-05,17.0,0.00023817
MDA/BTC,1637515588405,2021-11-21T17:26:28.405Z,buy,1.401e-05,133.0,0.00186333
MDA/BTC,1637515588417,2021-11-21T17:26:28.417Z,buy,1.401e-05,17.0,0.00023817
MDA/BTC,1637515589445,2021-11-21T17:26:29.445Z,sell,1.4e-05,16.0,0.000224
MDA/BTC,1637515589445,2021-11-21T17:26:29.445Z,sell,1.399e-05,4.0,5.596e-05
MDA/BTC,1637515589445,2021-11-21T17:26:29.445Z,sell,1.398e-05,123.0,0.00171954
MDA/BTC,1637515589445,2021-11-21T17:26:29.445Z,sell,1.397e-05,2.0,2.794e-05
MDA/BTC,1637515589456,2021-11-21T17:26:29.456Z,buy,1.395e-05,47.0,0.00065565
MDA/BTC,1637515589459,2021-11-21T17:26:29.459Z,buy,1.395e-05,116.0,0.0016182
MDA/BTC,1637515589490,2021-11-21T17:26:29.490Z,buy,1.395e-05,47.0,0.00065565
MDA/BTC,1637515590432,2021-11-21T17:26:30.432Z,buy,1.395e-05,798.0,0.0111321
MDA/BTC,1637515591502,2021-11-21T17:26:31.502Z,buy,1.405e-05,94.0,0.0013207
MDA/BTC,1637515591512,2021-11-21T17:26:31.512Z,sell,1.408e-05,614.0,0.008645120000000001
MDA/BTC,1637515598699,2021-11-21T17:26:38.699Z,buy,1.398e-05,138.0,0.00192924
MDA/BTC,1637515619638,2021-11-21T17:26:59.638Z,buy,1.413e-05,47.0,0.00066411
MDA/BTC,1637515656993,2021-11-21T17:27:36.993Z,sell,1.4e-05,51.0,0.000714
MDA/BTC,1637515673054,2021-11-21T17:27:53.054Z,sell,1.401e-05,689.0,0.009652889999999999
MDA/BTC,1637515699243,2021-11-21T17:28:19.243Z,sell,1.402e-05,510.0,0.0071502
MDA/BTC,1637515708431,2021-11-21T17:28:28.431Z,buy,1.408e-05,663.0,0.009335040000000001
MDA/BTC,1637515721719,2021-11-21T17:28:41.719Z,sell,1.403e-05,328.0,0.004601839999999999
MDA/BTC,1637515752070,2021-11-21T17:29:12.070Z,buy,1.408e-05,316.0,0.00444928
MDA/BTC,1637515780913,2021-11-21T17:29:40.913Z,buy,1.408e-05,160.0,0.0022528
MDA/BTC,1637515800991,2021-11-21T17:30:00.991Z,sell,1.406e-05,308.0,0.004330479999999999
MDA/BTC,1637515810568,2021-11-21T17:30:10.568Z,sell,1.406e-05,7.0,9.842e-05
MDA/BTC,1637515810568,2021-11-21T17:30:10.568Z,sell,1.405e-05,816.0,0.011464799999999999
MDA/BTC,1637515810568,2021-11-21T17:30:10.568Z,sell,1.404e-05,105.0,0.0014742
MDA/BTC,1637515825280,2021-11-21T17:30:25.280Z,sell,1.404e-05,361.0,0.00506844
MDA/BTC,1637515843682,2021-11-21T17:30:43.682Z,sell,1.405e-05,128.0,0.0017984
MDA/BTC,1637515849615,2021-11-21T17:30:49.615Z,sell,1.405e-05,697.0,0.009792849999999999
MDA/BTC,1637515870028,2021-11-21T17:31:10.028Z,sell,1.404e-05,303.0,0.00425412
MDA/BTC,1637515870028,2021-11-21T17:31:10.028Z,sell,1.403e-05,15.0,0.00021045
MDA/BTC,1637515870028,2021-11-21T17:31:10.028Z,sell,1.402e-05,8.0,0.00011216
MDA/BTC,1637515870028,2021-11-21T17:31:10.028Z,sell,1.401e-05,38.0,0.0005323799999999999
MDA/BTC,1637515894045,2021-11-21T17:31:34.045Z,buy,1.404e-05,321.0,0.00450684
MDA/BTC,1637515894057,2021-11-21T17:31:34.057Z,buy,1.404e-05,16.0,0.00022464
MDA/BTC,1637515896706,2021-11-21T17:31:36.706Z,buy,1.405e-05,117.0,0.0016438499999999999
MDA/BTC,1637515915451,2021-11-21T17:31:55.451Z,buy,1.407e-05,600.0,0.008442
MDA/BTC,1637515920547,2021-11-21T17:32:00.547Z,sell,1.407e-05,156.0,0.00219492
MDA/BTC,1637515937945,2021-11-21T17:32:17.945Z,sell,1.406e-05,605.0,0.0085063
MDA/BTC,1637515948246,2021-11-21T17:32:28.246Z,sell,1.406e-05,821.0,0.01154326
MDA/BTC,1637515948246,2021-11-21T17:32:28.246Z,sell,1.405e-05,617.0,0.008668849999999999
MDA/BTC,1637515948246,2021-11-21T17:32:28.246Z,sell,1.404e-05,747.0,0.01048788
MDA/BTC,1637515948246,2021-11-21T17:32:28.246Z,sell,1.403e-05,873.0,0.012248189999999999
MDA/BTC,1637515948246,2021-11-21T17:32:28.246Z,sell,1.401e-05,84.0,0.00117684
MDA/BTC,1637515948246,2021-11-21T17:32:28.246Z,sell,1.4e-05,303.0,0.004242
MDA/BTC,1637515950411,2021-11-21T17:32:30.411Z,buy,1.4e-05,111.0,0.001554
MDA/BTC,1637515953799,2021-11-21T17:32:33.799Z,buy,1.4e-05,118.0,0.001652
MDA/BTC,1637515965057,2021-11-21T17:32:45.057Z,sell,1.398e-05,26.0,0.00036348
MDA/BTC,1637515978402,2021-11-21T17:32:58.402Z,sell,1.396e-05,815.0,0.0113774
MDA/BTC,1637515978402,2021-11-21T17:32:58.402Z,sell,1.395e-05,2630.0,0.0366885
MDA/BTC,1637515978402,2021-11-21T17:32:58.402Z,sell,1.394e-05,717.0,0.00999498
MDA/BTC,1637515978402,2021-11-21T17:32:58.402Z,sell,1.392e-05,107.0,0.00148944
MDA/BTC,1637515978402,2021-11-21T17:32:58.402Z,sell,1.391e-05,15177.0,0.21111207
MDA/BTC,1637515978402,2021-11-21T17:32:58.402Z,sell,1.39e-05,4396.0,0.0611044
MDA/BTC,1637515978410,2021-11-21T17:32:58.410Z,buy,1.39e-05,26.0,0.0003614
MDA/BTC,1637515978425,2021-11-21T17:32:58.425Z,sell,1.389e-05,36.0,0.00050004
MDA/BTC,1637515978433,2021-11-21T17:32:58.433Z,sell,1.385e-05,960.0,0.013295999999999999
MDA/BTC,1637515980267,2021-11-21T17:33:00.267Z,buy,1.39e-05,509.0,0.0070751
MDA/BTC,1637515981060,2021-11-21T17:33:01.060Z,buy,1.39e-05,71.0,0.0009869
MDA/BTC,1637515984549,2021-11-21T17:33:04.549Z,buy,1.389e-05,9.0,0.00012501
MDA/BTC,1637515985128,2021-11-21T17:33:05.128Z,buy,1.389e-05,9.0,0.00012501
MDA/BTC,1637515995757,2021-11-21T17:33:15.757Z,sell,1.385e-05,1923.0,0.02663355
MDA/BTC,1637515995757,2021-11-21T17:33:15.757Z,sell,1.384e-05,10.0,0.0001384
MDA/BTC,1637515995757,2021-11-21T17:33:15.757Z,sell,1.382e-05,5409.0,0.07475238
MDA/BTC,1637515995757,2021-11-21T17:33:15.757Z,sell,1.381e-05,6146.0,0.08487626
MDA/BTC,1637515995763,2021-11-21T17:33:15.763Z,buy,1.381e-05,934.0,0.01289854
MDA/BTC,1637515995765,2021-11-21T17:33:15.765Z,buy,1.381e-05,30.0,0.0004143
MDA/BTC,1637515995995,2021-11-21T17:33:15.995Z,sell,1.38e-05,344.0,0.0047472
MDA/BTC,1637516001300,2021-11-21T17:33:21.300Z,buy,1.381e-05,109.0,0.00150529
MDA/BTC,1637516003207,2021-11-21T17:33:23.207Z,sell,1.379e-05,8.0,0.00011032
MDA/BTC,1637516005321,2021-11-21T17:33:25.321Z,sell,1.373e-05,131.0,0.00179863
MDA/BTC,1637516005321,2021-11-21T17:33:25.321Z,sell,1.37e-05,7.0,9.59e-05
MDA/BTC,1637516006208,2021-11-21T17:33:26.208Z,buy,1.375e-05,113.0,0.00155375
MDA/BTC,1637516006366,2021-11-21T17:33:26.366Z,buy,1.375e-05,25.0,0.00034375000000000003
MDA/BTC,1637516008647,2021-11-21T17:33:28.647Z,buy,1.379e-05,18.0,0.00024822
MDA/BTC,1637516010174,2021-11-21T17:33:30.174Z,buy,1.379e-05,16.0,0.00022064
MDA/BTC,1637516037254,2021-11-21T17:33:57.254Z,sell,1.372e-05,585.0,0.0080262
MDA/BTC,1637516039460,2021-11-21T17:33:59.460Z,sell,1.372e-05,27.0,0.00037044000000000004
MDA/BTC,1637516039460,2021-11-21T17:33:59.460Z,sell,1.37e-05,3.0,4.1099999999999996e-05
MDA/BTC,1637516039460,2021-11-21T17:33:59.460Z,sell,1.369e-05,23.0,0.00031486999999999997
MDA/BTC,1637516039460,2021-11-21T17:33:59.460Z,sell,1.367e-05,30.0,0.0004101
MDA/BTC,1637516039460,2021-11-21T17:33:59.460Z,sell,1.366e-05,148.0,0.00202168
MDA/BTC,1637516039460,2021-11-21T17:33:59.460Z,sell,1.365e-05,2564.0,0.0349986
MDA/BTC,1637516039460,2021-11-21T17:33:59.460Z,sell,1.364e-05,744.0,0.01014816
MDA/BTC,1637516039460,2021-11-21T17:33:59.460Z,sell,1.363e-05,60.0,0.0008178
MDA/BTC,1637516039460,2021-11-21T17:33:59.460Z,sell,1.362e-05,1106.0,0.01506372
MDA/BTC,1637516039470,2021-11-21T17:33:59.470Z,buy,1.364e-05,182.0,0.00248248
MDA/BTC,1637516047281,2021-11-21T17:34:07.281Z,sell,1.368e-05,168.0,0.00229824
MDA/BTC,1637516047281,2021-11-21T17:34:07.281Z,sell,1.367e-05,4431.0,0.06057177
MDA/BTC,1637516047281,2021-11-21T17:34:07.281Z,sell,1.363e-05,169.0,0.00230347
MDA/BTC,1637516047281,2021-11-21T17:34:07.281Z,sell,1.362e-05,612.0,0.00833544
MDA/BTC,1637516047281,2021-11-21T17:34:07.281Z,sell,1.361e-05,10.0,0.0001361
MDA/BTC,1637516047281,2021-11-21T17:34:07.281Z,sell,1.36e-05,2254.0,0.030654400000000002
MDA/BTC,1637516047281,2021-11-21T17:34:07.281Z,sell,1.359e-05,3895.0,0.05293305
MDA/BTC,1637516050234,2021-11-21T17:34:10.234Z,buy,1.362e-05,328.0,0.00446736
MDA/BTC,1637516050258,2021-11-21T17:34:10.258Z,buy,1.362e-05,36.0,0.00049032
MDA/BTC,1637516054899,2021-11-21T17:34:14.899Z,buy,1.375e-05,156.0,0.002145
MDA/BTC,1637516067438,2021-11-21T17:34:27.438Z,buy,1.374e-05,185.0,0.0025419
MDA/BTC,1637516068843,2021-11-21T17:34:28.843Z,buy,1.373e-05,483.0,0.006631590000000001
MDA/BTC,1637516069986,2021-11-21T17:34:29.986Z,buy,1.373e-05,109.0,0.00149657
MDA/BTC,1637516078371,2021-11-21T17:34:38.371Z,buy,1.373e-05,2442.0,0.03352866
MDA/BTC,1637516104801,2021-11-21T17:35:04.801Z,buy,1.374e-05,169.0,0.00232206
MDA/BTC,1637516156746,2021-11-21T17:35:56.746Z,buy,1.373e-05,11.0,0.00015103
MDA/BTC,1637516189630,2021-11-21T17:36:29.630Z,buy,1.377e-05,49.0,0.00067473
MDA/BTC,1637516189630,2021-11-21T17:36:29.630Z,buy,1.38e-05,39.0,0.0005382
MDA/BTC,1637516189630,2021-11-21T17:36:29.630Z,buy,1.383e-05,30.0,0.0004149
MDA/BTC,1637516189630,2021-11-21T17:36:29.630Z,buy,1.385e-05,66.0,0.0009140999999999999
MDA/BTC,1637516241055,2021-11-21T17:37:21.055Z,buy,1.384e-05,718.0,0.009937119999999999
MDA/BTC,1637516261425,2021-11-21T17:37:41.425Z,sell,1.371e-05,582.0,0.007979219999999999
MDA/BTC,1637516279302,2021-11-21T17:37:59.302Z,sell,1.373e-05,79.0,0.00108467
MDA/BTC,1637516295603,2021-11-21T17:38:15.603Z,sell,1.374e-05,288.0,0.00395712
MDA/BTC,1637516310048,2021-11-21T17:38:30.048Z,sell,1.376e-05,685.0,0.009425600000000001
MDA/BTC,1637516336250,2021-11-21T17:38:56.250Z,sell,1.377e-05,66.0,0.0009088200000000001
MDA/BTC,1637516371908,2021-11-21T17:39:31.908Z,sell,1.377e-05,306.0,0.00421362
MDA/BTC,1637516384095,2021-11-21T17:39:44.095Z,buy,1.378e-05,708.0,0.00975624
MDA/BTC,1637516385207,2021-11-21T17:39:45.207Z,buy,1.378e-05,63.0,0.00086814
MDA/BTC,1637516387284,2021-11-21T17:39:47.284Z,sell,1.377e-05,614.0,0.00845478
MDA/BTC,1637516423692,2021-11-21T17:40:23.692Z,buy,1.378e-05,720.0,0.009921600000000001
MDA/BTC,1637516450878,2021-11-21T17:40:50.878Z,sell,1.377e-05,134.0,0.00184518
MDA/BTC,1637516459942,2021-11-21T17:40:59.942Z,buy,1.377e-05,231.0,0.00318087
MDA/BTC,1637516485182,2021-11-21T17:41:25.182Z,sell,1.377e-05,116.0,0.00159732
MDA/BTC,1637516495413,2021-11-21T17:41:35.413Z,buy,1.377e-05,46.0,0.00063342
MDA/BTC,1637516506662,2021-11-21T17:41:46.662Z,sell,1.377e-05,382.0,0.00526014
MDA/BTC,1637516515990,2021-11-21T17:41:55.990Z,buy,1.378e-05,636.0,0.00876408
MDA/BTC,1637516539178,2021-11-21T17:42:19.178Z,sell,1.377e-05,448.0,0.00616896
MDA/BTC,1637516560369,2021-11-21T17:42:40.369Z,sell,1.376e-05,15.0,0.0002064
MDA/BTC,1637516563850,2021-11-21T17:42:43.850Z,sell,1.375e-05,349.0,0.00479875
MDA/BTC,1637516585675,2021-11-21T17:43:05.675Z,sell,1.375e-05,440.0,0.00605
MDA/BTC,1637516605922,2021-11-21T17:43:25.922Z,buy,1.375e-05,686.0,0.0094325
MDA/BTC,1637516624167,2021-11-21T17:43:44.167Z,sell,1.374e-05,11.0,0.00015114000000000002
MDA/BTC,1637516650530,2021-11-21T17:44:10.530Z,buy,1.374e-05,653.0,0.008972220000000001
MDA/BTC,1637516680782,2021-11-21T17:44:40.782Z,sell,1.373e-05,3.0,4.1190000000000004e-05
MDA/BTC,1637516695077,2021-11-21T17:44:55.077Z,buy,1.373e-05,339.0,0.00465447
MDA/BTC,1637516707739,2021-11-21T17:45:07.739Z,buy,1.373e-05,8.0,0.00010984
MDA/BTC,1637516714277,2021-11-21T17:45:14.277Z,sell,1.372e-05,572.0,0.00784784
MDA/BTC,1637516714914,2021-11-21T17:45:14.914Z,sell,1.371e-05,36.0,0.00049356
MDA/BTC,1637516714914,2021-11-21T17:45:14.914Z,sell,1.37e-05,322.0,0.004411399999999999
MDA/BTC,1637516714914,2021-11-21T17:45:14.914Z,sell,1.369e-05,157.0,0.00214933
MDA/BTC,1637516748716,2021-11-21T17:45:48.716Z,sell,1.37e-05,73.0,0.0010000999999999999
MDA/BTC,1637516789307,2021-11-21T17:46:29.307Z,buy,1.37e-05,183.0,0.0025071
MDA/BTC,1637516797226,2021-11-21T17:46:37.226Z,buy,1.37e-05,633.0,0.0086721
MDA/BTC,1637516826475,2021-11-21T17:47:06.475Z,sell,1.369e-05,309.0,0.00423021
MDA/BTC,1637516826488,2021-11-21T17:47:06.488Z,sell,1.369e-05,206.0,0.00282014
MDA/BTC,1637516847660,2021-11-21T17:47:27.660Z,buy,1.37e-05,609.0,0.0083433
MDA/BTC,1637516854845,2021-11-21T17:47:34.845Z,buy,1.37e-05,332.0,0.0045484
MDA/BTC,1637516875029,2021-11-21T17:47:55.029Z,buy,1.37e-05,743.0,0.0101791
MDA/BTC,1637516894334,2021-11-21T17:48:14.334Z,buy,1.37e-05,632.0,0.0086584
MDA/BTC,1637516921519,2021-11-21T17:48:41.519Z,buy,1.37e-05,680.0,0.009316
MDA/BTC,1637516923671,2021-11-21T17:48:43.671Z,sell,1.369e-05,22.0,0.00030117999999999996
MDA/BTC,1637516927465,2021-11-21T17:48:47.465Z,buy,1.37e-05,176.0,0.0024112
MDA/BTC,1637516958978,2021-11-21T17:49:18.978Z,buy,1.368e-05,488.0,0.00667584
MDA/BTC,1637516969051,2021-11-21T17:49:29.051Z,buy,1.368e-05,559.0,0.0076471199999999994
MDA/BTC,1637516986356,2021-11-21T17:49:46.356Z,buy,1.368e-05,845.0,0.0115596
MDA/BTC,1637516999686,2021-11-21T17:49:59.686Z,sell,1.367e-05,759.0,0.010375529999999999
MDA/BTC,1637517014239,2021-11-21T17:50:14.239Z,buy,1.368e-05,300.0,0.004104
MDA/BTC,1637517025046,2021-11-21T17:50:25.046Z,buy,1.368e-05,557.0,0.00761976
MDA/BTC,1637517025046,2021-11-21T17:50:25.046Z,buy,1.368e-05,557.0,0.00761976
MDA/BTC,1637517028732,2021-11-21T17:50:28.732Z,buy,1.368e-05,183.0,0.00250344
MDA/BTC,1637517048293,2021-11-21T17:50:48.293Z,buy,1.368e-05,539.0,0.00737352
MDA/BTC,1637517055477,2021-11-21T17:50:55.477Z,sell,1.368e-05,202.0,0.00276336
MDA/BTC,1637517070727,2021-11-21T17:51:10.727Z,buy,1.367e-05,772.0,0.01055324
MDA/BTC,1637517080630,2021-11-21T17:51:20.630Z,buy,1.367e-05,829.0,0.01133243
MDA/BTC,1637517082816,2021-11-21T17:51:22.816Z,buy,1.367e-05,121.0,0.0016540699999999999
MDA/BTC,1637517091922,2021-11-21T17:51:31.922Z,sell,1.366e-05,562.0,0.007676919999999999
MDA/BTC,1637517103622,2021-11-21T17:51:43.622Z,buy,1.366e-05,15.0,0.0002049
MDA/BTC,1637517124168,2021-11-21T17:52:04.168Z,sell,1.365e-05,133.0,0.00181545
MDA/BTC,1637517141446,2021-11-21T17:52:21.446Z,sell,1.36e-05,16.0,0.0002176
MDA/BTC,1637517141446,2021-11-21T17:52:21.446Z,sell,1.358e-05,196.0,0.00266168
MDA/BTC,1637517148422,2021-11-21T17:52:28.422Z,buy,1.362e-05,741.0,0.01009242
MDA/BTC,1637517177936,2021-11-21T17:52:57.936Z,sell,1.359e-05,885.0,0.01202715
MDA/BTC,1637517228287,2021-11-21T17:53:48.287Z,buy,1.36e-05,2174.0,0.0295664
MDA/BTC,1637517243632,2021-11-21T17:54:03.632Z,sell,1.36e-05,110.0,0.001496
MDA/BTC,1637517259457,2021-11-21T17:54:19.457Z,buy,1.361e-05,147.0,0.00200067
MDA/BTC,1637517259755,2021-11-21T17:54:19.755Z,buy,1.361e-05,409.0,0.00556649
MDA/BTC,1637517265244,2021-11-21T17:54:25.244Z,sell,1.361e-05,200.0,0.002722
MDA/BTC,1637517296197,2021-11-21T17:54:56.197Z,buy,1.362e-05,597.0,0.00813114
MDA/BTC,1637517321387,2021-11-21T17:55:21.387Z,sell,1.362e-05,251.0,0.00341862
MDA/BTC,1637517345675,2021-11-21T17:55:45.675Z,sell,1.361e-05,268.0,0.00364748
MDA/BTC,1637517354872,2021-11-21T17:55:54.872Z,buy,1.361e-05,158.0,0.00215038
MDA/BTC,1637517360058,2021-11-21T17:56:00.058Z,sell,1.361e-05,503.0,0.00684583
MDA/BTC,1637517372250,2021-11-21T17:56:12.250Z,buy,1.361e-05,12.0,0.00016332
MDA/BTC,1637517386434,2021-11-21T17:56:26.434Z,buy,1.362e-05,482.0,0.00656484
MDA/BTC,1637517402743,2021-11-21T17:56:42.743Z,sell,1.362e-05,150.0,0.002043
MDA/BTC,1637517422934,2021-11-21T17:57:02.934Z,sell,1.361e-05,785.0,0.01068385
MDA/BTC,1637517439812,2021-11-21T17:57:19.812Z,sell,1.361e-05,47.0,0.00063967
MDA/BTC,1637517439812,2021-11-21T17:57:19.812Z,sell,1.36e-05,9.0,0.0001224
MDA/BTC,1637517439812,2021-11-21T17:57:19.812Z,sell,1.359e-05,5.0,6.795e-05
MDA/BTC,1637517439812,2021-11-21T17:57:19.812Z,sell,1.357e-05,931.0,0.01263367
MDA/BTC,1637517439812,2021-11-21T17:57:19.812Z,sell,1.352e-05,8.0,0.00010816
MDA/BTC,1637517439812,2021-11-21T17:57:19.812Z,sell,1.351e-05,591.0,0.007984409999999999
MDA/BTC,1637517451252,2021-11-21T17:57:31.252Z,buy,1.361e-05,692.0,0.00941812
MDA/BTC,1637517486799,2021-11-21T17:58:06.799Z,buy,1.359e-05,23.0,0.00031257
MDA/BTC,1637517487615,2021-11-21T17:58:07.615Z,buy,1.359e-05,17.0,0.00023103000000000002
MDA/BTC,1637517490998,2021-11-21T17:58:10.998Z,buy,1.359e-05,25.0,0.00033975
MDA/BTC,1637517497159,2021-11-21T17:58:17.159Z,sell,1.353e-05,286.0,0.0038695799999999996
MDA/BTC,1637517609146,2021-11-21T18:00:09.146Z,buy,1.357e-05,68.0,0.00092276
MDA/BTC,1637517674246,2021-11-21T18:01:14.246Z,buy,1.357e-05,2.0,2.714e-05
MDA/BTC,1637517681217,2021-11-21T18:01:21.217Z,buy,1.358e-05,559.0,0.00759122
MDA/BTC,1637517685261,2021-11-21T18:01:25.261Z,buy,1.359e-05,272.0,0.0036964800000000003
MDA/BTC,1637517703353,2021-11-21T18:01:43.353Z,buy,1.359e-05,90.0,0.0012231
MDA/BTC,1637517706403,2021-11-21T18:01:46.403Z,buy,1.36e-05,634.0,0.0086224
MDA/BTC,1637517718945,2021-11-21T18:01:58.945Z,buy,1.361e-05,35.0,0.00047635
MDA/BTC,1637517719245,2021-11-21T18:01:59.245Z,buy,1.362e-05,681.0,0.00927522
MDA/BTC,1637517719660,2021-11-21T18:01:59.660Z,buy,1.362e-05,1218.0,0.01658916
MDA/BTC,1637517746321,2021-11-21T18:02:26.321Z,buy,1.362e-05,220.0,0.0029964
MDA/BTC,1637517756456,2021-11-21T18:02:36.456Z,buy,1.363e-05,122.0,0.00166286
MDA/BTC,1637517775620,2021-11-21T18:02:55.620Z,buy,1.363e-05,644.0,0.00877772
MDA/BTC,1637517796575,2021-11-21T18:03:16.575Z,buy,1.365e-05,602.0,0.0082173
MDA/BTC,1637517801710,2021-11-21T18:03:21.710Z,buy,1.363e-05,133.0,0.0018127899999999999
MDA/BTC,1637517859714,2021-11-21T18:04:19.714Z,sell,1.362e-05,100.0,0.001362
MDA/BTC,1637517896246,2021-11-21T18:04:56.246Z,buy,1.365e-05,96.0,0.0013104
MDA/BTC,1637517933681,2021-11-21T18:05:33.681Z,buy,1.365e-05,427.0,0.00582855
MDA/BTC,1637517934510,2021-11-21T18:05:34.510Z,buy,1.366e-05,266.0,0.00363356
MDA/BTC,1637517966075,2021-11-21T18:06:06.075Z,buy,1.367e-05,356.0,0.00486652
MDA/BTC,1637517970696,2021-11-21T18:06:10.696Z,buy,1.367e-05,247.0,0.00337649
MDA/BTC,1637518002888,2021-11-21T18:06:42.888Z,sell,1.366e-05,329.0,0.00449414
MDA/BTC,1637518037364,2021-11-21T18:07:17.364Z,buy,1.367e-05,265.0,0.00362255
MDA/BTC,1637518171517,2021-11-21T18:09:31.517Z,buy,1.367e-05,182.0,0.00248794
MDA/BTC,1637518171550,2021-11-21T18:09:31.550Z,buy,1.367e-05,201.0,0.00274767
MDA/BTC,1637518174861,2021-11-21T18:09:34.861Z,buy,1.367e-05,269.0,0.00367723
MDA/BTC,1637518231123,2021-11-21T18:10:31.123Z,sell,1.366e-05,243.0,0.00331938
MDA/BTC,1637518240308,2021-11-21T18:10:40.308Z,sell,1.366e-05,136.0,0.00185776
MDA/BTC,1637518269805,2021-11-21T18:11:09.805Z,buy,1.366e-05,92.0,0.00125672
MDA/BTC,1637518289269,2021-11-21T18:11:29.269Z,buy,1.368e-05,182.0,0.0024897599999999997
MDA/BTC,1637518306028,2021-11-21T18:11:46.028Z,buy,1.368e-05,217.0,0.00296856
MDA/BTC,1637518333525,2021-11-21T18:12:13.525Z,buy,1.368e-05,551.0,0.00753768
MDA/BTC,1637518356190,2021-11-21T18:12:36.190Z,buy,1.369e-05,182.0,0.0024915799999999997
MDA/BTC,1637518369709,2021-11-21T18:12:49.709Z,buy,1.369e-05,346.0,0.00473674
MDA/BTC,1637518387986,2021-11-21T18:13:07.986Z,sell,1.369e-05,8.0,0.00010952
MDA/BTC,1637518411212,2021-11-21T18:13:31.212Z,buy,1.37e-05,181.0,0.0024797
MDA/BTC,1637518432335,2021-11-21T18:13:52.335Z,buy,1.37e-05,406.0,0.0055622
MDA/BTC,1637518440689,2021-11-21T18:14:00.689Z,buy,1.371e-05,489.0,0.00670419
MDA/BTC,1637518472140,2021-11-21T18:14:32.140Z,buy,1.372e-05,173.0,0.0023735600000000003
MDA/BTC,1637518528149,2021-11-21T18:15:28.149Z,buy,1.372e-05,82.0,0.0011250400000000001
MDA/BTC,1637518557089,2021-11-21T18:15:57.089Z,sell,1.371e-05,440.0,0.006032399999999999
MDA/BTC,1637518559345,2021-11-21T18:15:59.345Z,sell,1.371e-05,473.0,0.00648483
MDA/BTC,1637518559727,2021-11-21T18:15:59.727Z,sell,1.37e-05,519.0,0.0071103
MDA/BTC,1637518592262,2021-11-21T18:16:32.262Z,buy,1.372e-05,181.0,0.0024833200000000002
MDA/BTC,1637518654035,2021-11-21T18:17:34.035Z,buy,1.371e-05,181.0,0.0024815099999999997
MDA/BTC,1637518680153,2021-11-21T18:18:00.153Z,buy,1.371e-05,494.0,0.006772739999999999
MDA/BTC,1637518711614,2021-11-21T18:18:31.614Z,buy,1.371e-05,182.0,0.00249522
MDA/BTC,1637518810764,2021-11-21T18:20:10.764Z,sell,1.37e-05,138.0,0.0018905999999999999
MDA/BTC,1637518878218,2021-11-21T18:21:18.218Z,buy,1.371e-05,481.0,0.00659451
MDA/BTC,1637518961884,2021-11-21T18:22:41.884Z,buy,1.371e-05,106.0,0.0014532599999999998
MDA/BTC,1637518978196,2021-11-21T18:22:58.196Z,sell,1.37e-05,8.0,0.0001096
MDA/BTC,1637519069463,2021-11-21T18:24:29.463Z,buy,1.371e-05,327.0,0.00448317
MDA/BTC,1637519143973,2021-11-21T18:25:43.973Z,sell,1.37e-05,359.0,0.0049183
MDA/BTC,1637519178279,2021-11-21T18:26:18.279Z,buy,1.371e-05,804.0,0.011022839999999999
MDA/BTC,1637519216467,2021-11-21T18:26:56.467Z,sell,1.37e-05,245.0,0.0033564999999999997
MDA/BTC,1637519228225,2021-11-21T18:27:08.225Z,sell,1.37e-05,100.0,0.00137
MDA/BTC,1637519245804,2021-11-21T18:27:25.804Z,sell,1.369e-05,191.0,0.00261479
MDA/BTC,1637519246757,2021-11-21T18:27:26.757Z,buy,1.37e-05,83.0,0.0011371
MDA/BTC,1637519265052,2021-11-21T18:27:45.052Z,sell,1.369e-05,10.0,0.0001369
MDA/BTC,1637519283988,2021-11-21T18:28:03.988Z,buy,1.37e-05,319.0,0.0043703
MDA/BTC,1637519296075,2021-11-21T18:28:16.075Z,buy,1.37e-05,16.0,0.0002192
MDA/BTC,1637519344419,2021-11-21T18:29:04.419Z,sell,1.369e-05,685.0,0.00937765
MDA/BTC,1637519387603,2021-11-21T18:29:47.603Z,buy,1.369e-05,117.0,0.00160173
MDA/BTC,1637519393770,2021-11-21T18:29:53.770Z,sell,1.369e-05,771.0,0.01055499
MDA/BTC,1637519413890,2021-11-21T18:30:13.890Z,sell,1.368e-05,359.0,0.00491112
MDA/BTC,1637519414923,2021-11-21T18:30:14.923Z,buy,1.368e-05,74.0,0.00101232
MDA/BTC,1637519492329,2021-11-21T18:31:32.329Z,sell,1.367e-05,1216.0,0.01662272
MDA/BTC,1637519582698,2021-11-21T18:33:02.698Z,buy,1.367e-05,160.0,0.0021872
MDA/BTC,1637519626251,2021-11-21T18:33:46.251Z,sell,1.367e-05,208.0,0.00284336
MDA/BTC,1637519667436,2021-11-21T18:34:27.436Z,buy,1.368e-05,322.0,0.004404959999999999
MDA/BTC,1637519712855,2021-11-21T18:35:12.855Z,sell,1.368e-05,219.0,0.00299592
MDA/BTC,1637519728817,2021-11-21T18:35:28.817Z,sell,1.368e-05,56.0,0.0007660799999999999
MDA/BTC,1637519757337,2021-11-21T18:35:57.337Z,sell,1.367e-05,1137.0,0.015542789999999999
MDA/BTC,1637519769550,2021-11-21T18:36:09.550Z,sell,1.367e-05,328.0,0.00448376
MDA/BTC,1637519780739,2021-11-21T18:36:20.739Z,buy,1.368e-05,363.0,0.00496584
MDA/BTC,1637519788313,2021-11-21T18:36:28.313Z,sell,1.367e-05,11.0,0.00015036999999999999
MDA/BTC,1637519816989,2021-11-21T18:36:56.989Z,buy,1.367e-05,526.0,0.0071904199999999995
MDA/BTC,1637519896299,2021-11-21T18:38:16.299Z,buy,1.367e-05,331.0,0.00452477
MDA/BTC,1637519925848,2021-11-21T18:38:45.848Z,sell,1.367e-05,1041.0,0.01423047
MDA/BTC,1637519960036,2021-11-21T18:39:20.036Z,buy,1.367e-05,127.0,0.00173609
MDA/BTC,1637520024351,2021-11-21T18:40:24.351Z,sell,1.367e-05,185.0,0.00252895
MDA/BTC,1637520082787,2021-11-21T18:41:22.787Z,sell,1.366e-05,1122.0,0.01532652
MDA/BTC,1637520095615,2021-11-21T18:41:35.615Z,sell,1.366e-05,734.0,0.01002644
MDA/BTC,1637520095615,2021-11-21T18:41:35.615Z,sell,1.365e-05,761.0,0.01038765
MDA/BTC,1637520095615,2021-11-21T18:41:35.615Z,sell,1.364e-05,321.0,0.00437844
MDA/BTC,1637520095615,2021-11-21T18:41:35.615Z,sell,1.363e-05,63.0,0.00085869
MDA/BTC,1637520180139,2021-11-21T18:43:00.139Z,sell,1.365e-05,10.0,0.0001365
MDA/BTC,1637520272829,2021-11-21T18:44:32.829Z,buy,1.366e-05,188.0,0.00256808
MDA/BTC,1637520314071,2021-11-21T18:45:14.071Z,buy,1.366e-05,512.0,0.00699392
MDA/BTC,1637520334254,2021-11-21T18:45:34.254Z,sell,1.365e-05,861.0,0.01175265
MDA/BTC,1637520355538,2021-11-21T18:45:55.538Z,sell,1.365e-05,354.0,0.0048321
MDA/BTC,1637520373726,2021-11-21T18:46:13.726Z,buy,1.365e-05,666.0,0.009090899999999999
MDA/BTC,1637520381911,2021-11-21T18:46:21.911Z,buy,1.365e-05,100.0,0.001365
MDA/BTC,1637520406591,2021-11-21T18:46:46.591Z,sell,1.365e-05,1221.0,0.016666649999999998
MDA/BTC,1637520492963,2021-11-21T18:48:12.963Z,buy,1.366e-05,798.0,0.01090068
MDA/BTC,1637520579868,2021-11-21T18:49:39.868Z,sell,1.366e-05,613.0,0.00837358
MDA/BTC,1637520579868,2021-11-21T18:49:39.868Z,sell,1.365e-05,120.0,0.001638
MDA/BTC,1637520579868,2021-11-21T18:49:39.868Z,sell,1.366e-05,613.0,0.00837358
MDA/BTC,1637520579868,2021-11-21T18:49:39.868Z,sell,1.365e-05,120.0,0.001638
MDA/BTC,1637520637137,2021-11-21T18:50:37.137Z,sell,1.365e-05,288.0,0.0039312
MDA/BTC,1637520646924,2021-11-21T18:50:46.924Z,sell,1.365e-05,3.0,4.095e-05
MDA/BTC,1637520647329,2021-11-21T18:50:47.329Z,sell,1.364e-05,1406.0,0.019177839999999998
MDA/BTC,1637520647770,2021-11-21T18:50:47.770Z,sell,1.363e-05,344.0,0.00468872
MDA/BTC,1637520648134,2021-11-21T18:50:48.134Z,sell,1.362e-05,1171.0,0.01594902
MDA/BTC,1637520648537,2021-11-21T18:50:48.537Z,sell,1.359e-05,88.0,0.00119592
MDA/BTC,1637520648940,2021-11-21T18:50:48.940Z,sell,1.358e-05,548.0,0.00744184
MDA/BTC,1637520649340,2021-11-21T18:50:49.340Z,sell,1.356e-05,312.0,0.00423072
MDA/BTC,1637520649743,2021-11-21T18:50:49.743Z,sell,1.355e-05,698.0,0.0094579
MDA/BTC,1637520650175,2021-11-21T18:50:50.175Z,sell,1.354e-05,762.0,0.01031748
MDA/BTC,1637520650559,2021-11-21T18:50:50.559Z,sell,1.353e-05,5.0,6.764999999999999e-05
MDA/BTC,1637520650971,2021-11-21T18:50:50.971Z,sell,1.352e-05,13.0,0.00017575999999999998
MDA/BTC,1637520651368,2021-11-21T18:50:51.368Z,sell,1.349e-05,279.0,0.00376371
MDA/BTC,1637520651377,2021-11-21T18:50:51.377Z,buy,1.35e-05,20.0,0.00027
MDA/BTC,1637520651377,2021-11-21T18:50:51.377Z,buy,1.352e-05,54.0,0.0007300799999999999
MDA/BTC,1637520679682,2021-11-21T18:51:19.682Z,buy,1.364e-05,258.0,0.00351912
MDA/BTC,1637520689041,2021-11-21T18:51:29.041Z,buy,1.363e-05,185.0,0.00252155
MDA/BTC,1637520704014,2021-11-21T18:51:44.014Z,buy,1.363e-05,15.0,0.00020445
MDA/BTC,1637520704353,2021-11-21T18:51:44.353Z,buy,1.363e-05,8.0,0.00010904
MDA/BTC,1637520750262,2021-11-21T18:52:30.262Z,buy,1.363e-05,183.0,0.00249429
MDA/BTC,1637520766582,2021-11-21T18:52:46.582Z,buy,1.363e-05,8.0,0.00010904
MDA/BTC,1637520811064,2021-11-21T18:53:31.064Z,buy,1.362e-05,183.0,0.00249246
MDA/BTC,1637520838844,2021-11-21T18:53:58.844Z,buy,1.361e-05,221.0,0.00300781
MDA/BTC,1637520867559,2021-11-21T18:54:27.559Z,buy,1.36e-05,184.0,0.0025024
MDA/BTC,1637520882500,2021-11-21T18:54:42.500Z,sell,1.358e-05,277.0,0.00376166
MDA/BTC,1637520882588,2021-11-21T18:54:42.588Z,sell,1.357e-05,15.0,0.00020355000000000001
MDA/BTC,1637520925176,2021-11-21T18:55:25.176Z,buy,1.357e-05,184.0,0.00249688
MDA/BTC,1637520950943,2021-11-21T18:55:50.943Z,sell,1.352e-05,709.0,0.00958568
MDA/BTC,1637520969800,2021-11-21T18:56:09.800Z,sell,1.352e-05,35.0,0.00047319999999999996
MDA/BTC,1637520969800,2021-11-21T18:56:09.800Z,sell,1.351e-05,22.0,0.00029722
MDA/BTC,1637520974827,2021-11-21T18:56:14.827Z,sell,1.351e-05,181.0,0.00244531
MDA/BTC,1637521040616,2021-11-21T18:57:20.616Z,sell,1.352e-05,449.0,0.00607048
MDA/BTC,1637521148664,2021-11-21T18:59:08.664Z,sell,1.353e-05,30.0,0.0004059
MDA/BTC,1637521156612,2021-11-21T18:59:16.612Z,buy,1.354e-05,10.0,0.0001354
MDA/BTC,1637521203219,2021-11-21T19:00:03.219Z,buy,1.354e-05,16.0,0.00021664
MDA/BTC,1637521222146,2021-11-21T19:00:22.146Z,buy,1.354e-05,14.0,0.00018956000000000002
MDA/BTC,1637521244793,2021-11-21T19:00:44.793Z,sell,1.353e-05,25.0,0.00033824999999999995
MDA/BTC,1637521245411,2021-11-21T19:00:45.411Z,sell,1.353e-05,1583.0,0.021417989999999998
MDA/BTC,1637521284497,2021-11-21T19:01:24.497Z,buy,1.354e-05,35.0,0.0004739
MDA/BTC,1637521286491,2021-11-21T19:01:26.491Z,buy,1.354e-05,185.0,0.0025049
MDA/BTC,1637521289719,2021-11-21T19:01:29.719Z,sell,1.353e-05,197.0,0.00266541
MDA/BTC,1637521294893,2021-11-21T19:01:34.893Z,sell,1.353e-05,306.0,0.004140179999999999
MDA/BTC,1637521304079,2021-11-21T19:01:44.079Z,buy,1.354e-05,180.0,0.0024372
MDA/BTC,1637521325367,2021-11-21T19:02:05.367Z,sell,1.353e-05,202.0,0.00273306
MDA/BTC,1637521331192,2021-11-21T19:02:11.192Z,sell,1.353e-05,53.0,0.00071709
MDA/BTC,1637521348632,2021-11-21T19:02:28.632Z,buy,1.354e-05,185.0,0.0025049
MDA/BTC,1637521383134,2021-11-21T19:03:03.134Z,sell,1.353e-05,39.0,0.0005276699999999999
MDA/BTC,1637521413397,2021-11-21T19:03:33.397Z,buy,1.354e-05,185.0,0.0025049
MDA/BTC,1637521443913,2021-11-21T19:04:03.913Z,buy,1.354e-05,276.0,0.00373704
MDA/BTC,1637521485102,2021-11-21T19:04:45.102Z,buy,1.354e-05,51.0,0.00069054
MDA/BTC,1637521485153,2021-11-21T19:04:45.153Z,buy,1.354e-05,60.0,0.0008124
MDA/BTC,1637521528214,2021-11-21T19:05:28.214Z,buy,1.354e-05,185.0,0.0025049
MDA/BTC,1637521573544,2021-11-21T19:06:13.544Z,sell,1.353e-05,223.0,0.00301719
MDA/BTC,1637521587287,2021-11-21T19:06:27.287Z,buy,1.354e-05,28.0,0.00037912000000000004
MDA/BTC,1637521587287,2021-11-21T19:06:27.287Z,buy,1.355e-05,157.0,0.00212735
MDA/BTC,1637521663895,2021-11-21T19:07:43.895Z,buy,1.354e-05,771.0,0.01043934
MDA/BTC,1637521670077,2021-11-21T19:07:50.077Z,buy,1.354e-05,308.0,0.00417032
MDA/BTC,1637521697385,2021-11-21T19:08:17.385Z,buy,1.354e-05,295.0,0.0039943
MDA/BTC,1637521706586,2021-11-21T19:08:26.586Z,buy,1.354e-05,185.0,0.0025049
MDA/BTC,1637521745575,2021-11-21T19:09:05.575Z,buy,1.354e-05,19.0,0.00025726000000000004
MDA/BTC,1637521762760,2021-11-21T19:09:22.760Z,sell,1.353e-05,260.0,0.0035177999999999997
MDA/BTC,1637521774949,2021-11-21T19:09:34.949Z,buy,1.354e-05,719.0,0.00973526
MDA/BTC,1637521800277,2021-11-21T19:10:00.277Z,buy,1.355e-05,282.0,0.0038211
MDA/BTC,1637521889439,2021-11-21T19:11:29.439Z,sell,1.354e-05,1934.0,0.026186360000000002
MDA/BTC,1637521907951,2021-11-21T19:11:47.951Z,sell,1.353e-05,372.0,0.00503316
MDA/BTC,1637521914127,2021-11-21T19:11:54.127Z,sell,1.353e-05,129.0,0.00174537
MDA/BTC,1637521914127,2021-11-21T19:11:54.127Z,sell,1.352e-05,154.0,0.00208208
MDA/BTC,1637521926685,2021-11-21T19:12:06.685Z,sell,1.351e-05,786.0,0.010618859999999999
MDA/BTC,1637521926685,2021-11-21T19:12:06.685Z,sell,1.35e-05,484.0,0.006534
MDA/BTC,1637521926685,2021-11-21T19:12:06.685Z,sell,1.346e-05,44.0,0.00059224
MDA/BTC,1637521926693,2021-11-21T19:12:06.693Z,buy,1.346e-05,16.0,0.00021536
MDA/BTC,1637521948866,2021-11-21T19:12:28.866Z,sell,1.345e-05,167.0,0.00224615
MDA/BTC,1637521948866,2021-11-21T19:12:28.866Z,sell,1.343e-05,42.0,0.00056406
MDA/BTC,1637521948866,2021-11-21T19:12:28.866Z,sell,1.341e-05,19.0,0.00025479
MDA/BTC,1637521948866,2021-11-21T19:12:28.866Z,sell,1.34e-05,16.0,0.0002144
MDA/BTC,1637521948866,2021-11-21T19:12:28.866Z,sell,1.335e-05,980.0,0.013083
MDA/BTC,1637521948955,2021-11-21T19:12:28.955Z,buy,1.335e-05,32.0,0.0004272
MDA/BTC,1637521951961,2021-11-21T19:12:31.961Z,buy,1.346e-05,23.0,0.00030958
MDA/BTC,1637521951961,2021-11-21T19:12:31.961Z,buy,1.355e-05,163.0,0.00220865
MDA/BTC,1637522004428,2021-11-21T19:13:24.428Z,buy,1.354e-05,11.0,0.00014894000000000002
MDA/BTC,1637522005554,2021-11-21T19:13:25.554Z,sell,1.336e-05,322.0,0.00430192
MDA/BTC,1637522005554,2021-11-21T19:13:25.554Z,sell,1.335e-05,34.0,0.0004539
MDA/BTC,1637522005554,2021-11-21T19:13:25.554Z,sell,1.332e-05,12.0,0.00015984
MDA/BTC,1637522005554,2021-11-21T19:13:25.554Z,sell,1.331e-05,1621.0,0.02157551
MDA/BTC,1637522005554,2021-11-21T19:13:25.554Z,sell,1.331e-05,42.0,0.00055902
MDA/BTC,1637522009084,2021-11-21T19:13:29.084Z,buy,1.354e-05,185.0,0.0025049
MDA/BTC,1637522037385,2021-11-21T19:13:57.385Z,sell,1.342e-05,18.0,0.00024156
MDA/BTC,1637522059763,2021-11-21T19:14:19.763Z,buy,1.345e-05,180.0,0.002421
MDA/BTC,1637522069205,2021-11-21T19:14:29.205Z,sell,1.342e-05,11.0,0.00014762
MDA/BTC,1637522072929,2021-11-21T19:14:32.929Z,buy,1.343e-05,186.0,0.00249798
MDA/BTC,1637522130352,2021-11-21T19:15:30.352Z,buy,1.343e-05,186.0,0.00249798
MDA/BTC,1637522185397,2021-11-21T19:16:25.397Z,sell,1.331e-05,851.0,0.01132681
MDA/BTC,1637522185397,2021-11-21T19:16:25.397Z,sell,1.329e-05,153.0,0.00203337
MDA/BTC,1637522185397,2021-11-21T19:16:25.397Z,sell,1.326e-05,645.0,0.0085527
MDA/BTC,1637522185397,2021-11-21T19:16:25.397Z,sell,1.325e-05,214.0,0.0028355
