symbol,timestamp,datetime,side,price,amount,btc_volume
MDA/BTC,1606338125132,2020-11-25T21:02:05.132Z,buy,2.993e-05,151.0,0.00451943
MDA/BTC,1606338125132,2020-11-25T21:02:05.132Z,buy,2.994e-05,2477.0,0.07416138
MDA/BTC,1606338125132,2020-11-25T21:02:05.132Z,buy,2.999e-05,687.0,0.02060313
MDA/BTC,1606338125132,2020-11-25T21:02:05.132Z,buy,3e-05,1100.0,0.033
MDA/BTC,1606338125132,2020-11-25T21:02:05.132Z,buy,3.001e-05,15.0,0.00045014999999999996
MDA/BTC,1606338125132,2020-11-25T21:02:05.132Z,buy,3.014e-05,50.0,0.0015069999999999999
MDA/BTC,1606338125132,2020-11-25T21:02:05.132Z,buy,3.015e-05,232.0,0.006994800000000001
MDA/BTC,1606338125132,2020-11-25T21:02:05.132Z,buy,3.016e-05,6.0,0.00018096
MDA/BTC,1606338125132,2020-11-25T21:02:05.132Z,buy,3.017e-05,6004.0,0.18114068
MDA/BTC,1606338125132,2020-11-25T21:02:05.132Z,buy,3.027e-05,1121.0,0.03393267
MDA/BTC,1606338125132,2020-11-25T21:02:05.132Z,buy,3.028e-05,2147.0,0.06501116
MDA/BTC,1606338125132,2020-11-25T21:02:05.132Z,buy,3.03e-05,868.0,0.0263004
MDA/BTC,1606338125203,2020-11-25T21:02:05.203Z,buy,3.034e-05,184.0,0.00558256
MDA/BTC,1606338125203,2020-11-25T21:02:05.203Z,buy,3.035e-05,122.0,0.0037026999999999997
MDA/BTC,1606338125203,2020-11-25T21:02:05.203Z,buy,3.037e-05,4.0,0.00012148
MDA/BTC,1606338125203,2020-11-25T21:02:05.203Z,buy,3.038e-05,2190.0,0.0665322
MDA/BTC,1606338137007,2020-11-25T21:02:17.007Z,buy,3.038e-05,33.0,0.0010025400000000001
MDA/BTC,1606338138231,2020-11-25T21:02:18.231Z,buy,3.038e-05,1556.0,0.04727128
MDA/BTC,1606338143391,2020-11-25T21:02:23.391Z,sell,3.009e-05,34.0,0.0010230600000000001
MDA/BTC,1606338143391,2020-11-25T21:02:23.391Z,sell,2.996e-05,16.0,0.00047936
MDA/BTC,1606338147975,2020-11-25T21:02:27.975Z,sell,2.986e-05,22.0,0.00065692
MDA/BTC,1606338149221,2020-11-25T21:02:29.221Z,buy,3.006e-05,33.0,0.00099198
MDA/BTC,1606338177963,2020-11-25T21:02:57.963Z,sell,2.991e-05,22.0,0.00065802
MDA/BTC,1606338197163,2020-11-25T21:03:17.163Z,buy,3.006e-05,2509.0,0.07542054
MDA/BTC,1606338202690,2020-11-25T21:03:22.690Z,sell,2.992e-05,12.0,0.00035904000000000003
MDA/BTC,1606338379978,2020-11-25T21:06:19.978Z,buy,3.011e-05,792.0,0.02384712
MDA/BTC,1606338396785,2020-11-25T21:06:36.785Z,sell,2.988e-05,200.0,0.0059759999999999995
MDA/BTC,1606338547399,2020-11-25T21:09:07.399Z,buy,3.011e-05,1911.0,0.05754021
MDA/BTC,1606338552068,2020-11-25T21:09:12.068Z,sell,2.996e-05,15.0,0.00044940000000000003
MDA/BTC,1606338593554,2020-11-25T21:09:53.554Z,buy,3.011e-05,8.0,0.00024088
MDA/BTC,1606338606179,2020-11-25T21:10:06.179Z,sell,3.014e-05,65.0,0.0019591
MDA/BTC,1606338606179,2020-11-25T21:10:06.179Z,sell,3e-05,35.0,0.00105
MDA/BTC,1606338715057,2020-11-25T21:11:55.057Z,buy,3.018e-05,65.0,0.0019617
MDA/BTC,1606338777989,2020-11-25T21:12:57.989Z,sell,3.02e-05,440.0,0.013288
MDA/BTC,1606338804640,2020-11-25T21:13:24.640Z,buy,3.027e-05,8.0,0.00024216
MDA/BTC,1606338804640,2020-11-25T21:13:24.640Z,buy,3.028e-05,59.0,0.00178652
MDA/BTC,1606338833991,2020-11-25T21:13:53.991Z,buy,3.026e-05,98.0,0.0029654800000000004
MDA/BTC,1606338833991,2020-11-25T21:13:53.991Z,buy,3.029e-05,1387.0,0.04201223
MDA/BTC,1606338913838,2020-11-25T21:15:13.838Z,buy,3.029e-05,1069.0,0.03238001
MDA/BTC,1606338918001,2020-11-25T21:15:18.001Z,sell,3.02e-05,3.0,9.059999999999999e-05
MDA/BTC,1606338918001,2020-11-25T21:15:18.001Z,sell,2.992e-05,4.0,0.00011968
MDA/BTC,1606338918108,2020-11-25T21:15:18.108Z,buy,2.996e-05,67.0,0.00200732
MDA/BTC,1606338928768,2020-11-25T21:15:28.768Z,sell,3.006e-05,657.0,0.01974942
MDA/BTC,1606338928768,2020-11-25T21:15:28.768Z,sell,3.005e-05,1211.0,0.03639055
MDA/BTC,1606338928768,2020-11-25T21:15:28.768Z,sell,3.001e-05,385.0,0.01155385
MDA/BTC,1606338928768,2020-11-25T21:15:28.768Z,sell,3e-05,3531.0,0.10593
MDA/BTC,1606338964845,2020-11-25T21:16:04.845Z,sell,3e-05,16616.0,0.49848000000000003
MDA/BTC,1606338972935,2020-11-25T21:16:12.935Z,sell,3e-05,16617.0,0.49851
MDA/BTC,1606339035827,2020-11-25T21:17:15.827Z,buy,3.011e-05,385.0,0.011592350000000001
MDA/BTC,1606339035827,2020-11-25T21:17:15.827Z,buy,3.012e-05,2003.0,0.06033036
MDA/BTC,1606339041330,2020-11-25T21:17:21.330Z,sell,2.99e-05,6355.0,0.1900145
MDA/BTC,1606339041371,2020-11-25T21:17:21.371Z,buy,2.99e-05,859.0,0.025684099999999998
MDA/BTC,1606339059493,2020-11-25T21:17:39.493Z,buy,3.008e-05,4.0,0.00012032
MDA/BTC,1606339194164,2020-11-25T21:19:54.164Z,sell,2.988e-05,66.0,0.0019720799999999998
MDA/BTC,1606339194164,2020-11-25T21:19:54.164Z,sell,2.985e-05,34.0,0.0010149
MDA/BTC,1606339283470,2020-11-25T21:21:23.470Z,sell,2.986e-05,66.0,0.00197076
MDA/BTC,1606339283470,2020-11-25T21:21:23.470Z,sell,2.985e-05,34.0,0.0010149
MDA/BTC,1606339289608,2020-11-25T21:21:29.608Z,sell,2.981e-05,66.0,0.00196746
MDA/BTC,1606339289608,2020-11-25T21:21:29.608Z,sell,2.98e-05,7.0,0.0002086
MDA/BTC,1606339289608,2020-11-25T21:21:29.608Z,sell,2.979e-05,27.0,0.00080433
MDA/BTC,1606339294230,2020-11-25T21:21:34.230Z,sell,2.979e-05,20.0,0.0005958000000000001
MDA/BTC,1606339301124,2020-11-25T21:21:41.124Z,sell,2.974e-05,12.0,0.00035688
MDA/BTC,1606339329106,2020-11-25T21:22:09.106Z,sell,2.974e-05,101.0,0.00300374
MDA/BTC,1606339329216,2020-11-25T21:22:09.216Z,buy,2.974e-05,337.0,0.01002238
MDA/BTC,1606339391609,2020-11-25T21:23:11.609Z,sell,2.974e-05,4.0,0.00011896
MDA/BTC,1606339735422,2020-11-25T21:28:55.422Z,sell,2.972e-05,100.0,0.002972
MDA/BTC,1606339735422,2020-11-25T21:28:55.422Z,sell,2.953e-05,4.0,0.00011812
MDA/BTC,1606339735422,2020-11-25T21:28:55.422Z,sell,2.949e-05,1.0,2.949e-05
MDA/BTC,1606339753000,2020-11-25T21:29:13.000Z,sell,2.955e-05,12.0,0.0003546
MDA/BTC,1606340000204,2020-11-25T21:33:20.204Z,sell,2.971e-05,157.0,0.0046644699999999996
MDA/BTC,1606340000204,2020-11-25T21:33:20.204Z,sell,2.959e-05,8.0,0.00023672
MDA/BTC,1606340000226,2020-11-25T21:33:20.226Z,buy,2.974e-05,66.0,0.00196284
MDA/BTC,1606340000362,2020-11-25T21:33:20.362Z,buy,2.973e-05,60.0,0.0017838
MDA/BTC,1606340502832,2020-11-25T21:41:42.832Z,sell,2.972e-05,5.0,0.0001486
MDA/BTC,1606340502832,2020-11-25T21:41:42.832Z,sell,2.97e-05,157.0,0.0046629
MDA/BTC,1606340518678,2020-11-25T21:41:58.678Z,sell,2.96e-05,177.0,0.0052392
MDA/BTC,1606340518678,2020-11-25T21:41:58.678Z,sell,2.959e-05,655.0,0.01938145
MDA/BTC,1606340518678,2020-11-25T21:41:58.678Z,sell,2.958e-05,1304.0,0.03857232
MDA/BTC,1606340518726,2020-11-25T21:41:58.726Z,buy,2.958e-05,1139.0,0.03369162
MDA/BTC,1606340519035,2020-11-25T21:41:59.035Z,buy,2.958e-05,568.0,0.01680144
MDA/BTC,1606340520237,2020-11-25T21:42:00.237Z,buy,2.958e-05,21.0,0.00062118
MDA/BTC,1606340647865,2020-11-25T21:44:07.865Z,buy,2.958e-05,4.0,0.00011832
MDA/BTC,1606340659590,2020-11-25T21:44:19.590Z,buy,2.958e-05,1.0,2.958e-05
MDA/BTC,1606340659590,2020-11-25T21:44:19.590Z,buy,2.973e-05,107.0,0.00318111
MDA/BTC,1606340659590,2020-11-25T21:44:19.590Z,buy,2.984e-05,43.0,0.00128312
MDA/BTC,1606340659590,2020-11-25T21:44:19.590Z,buy,2.985e-05,4.0,0.0001194
MDA/BTC,1606340659590,2020-11-25T21:44:19.590Z,buy,2.989e-05,688.0,0.02056432
MDA/BTC,1606340659590,2020-11-25T21:44:19.590Z,buy,2.99e-05,93.0,0.0027806999999999997
MDA/BTC,1606341135765,2020-11-25T21:52:15.765Z,buy,2.988e-05,532.0,0.01589616
MDA/BTC,1606341162534,2020-11-25T21:52:42.534Z,buy,2.984e-05,135.0,0.0040284
MDA/BTC,1606341162534,2020-11-25T21:52:42.534Z,buy,2.985e-05,16.0,0.0004776
MDA/BTC,1606341219942,2020-11-25T21:53:39.942Z,sell,2.964e-05,40.0,0.0011856
MDA/BTC,1606341323067,2020-11-25T21:55:23.067Z,buy,2.986e-05,68.0,0.00203048
MDA/BTC,1606341347181,2020-11-25T21:55:47.181Z,sell,2.958e-05,68.0,0.00201144
MDA/BTC,1606341365108,2020-11-25T21:56:05.108Z,sell,2.955e-05,70.0,0.0020685
MDA/BTC,1606341381986,2020-11-25T21:56:21.986Z,sell,2.959e-05,540.0,0.0159786
MDA/BTC,1606341489302,2020-11-25T21:58:09.302Z,sell,2.953e-05,4.0,0.00011812
MDA/BTC,1606341489302,2020-11-25T21:58:09.302Z,sell,2.95e-05,27.0,0.0007965
MDA/BTC,1606341489302,2020-11-25T21:58:09.302Z,sell,2.949e-05,66.0,0.00194634
MDA/BTC,1606341489302,2020-11-25T21:58:09.302Z,sell,2.948e-05,274.0,0.00807752
MDA/BTC,1606341489302,2020-11-25T21:58:09.302Z,sell,2.945e-05,44.0,0.0012958
MDA/BTC,1606341489302,2020-11-25T21:58:09.302Z,sell,2.944e-05,100.0,0.002944
MDA/BTC,1606341489302,2020-11-25T21:58:09.302Z,sell,2.931e-05,485.0,0.01421535
MDA/BTC,1606341498111,2020-11-25T21:58:18.111Z,buy,2.957e-05,17.0,0.00050269
MDA/BTC,1606341511721,2020-11-25T21:58:31.721Z,sell,2.931e-05,12.0,0.00035172
MDA/BTC,1606341524890,2020-11-25T21:58:44.890Z,sell,2.932e-05,130.0,0.0038116
MDA/BTC,1606341527933,2020-11-25T21:58:47.933Z,sell,2.932e-05,29.0,0.00085028
MDA/BTC,1606341527933,2020-11-25T21:58:47.933Z,sell,2.931e-05,1.0,2.931e-05
MDA/BTC,1606341532455,2020-11-25T21:58:52.455Z,sell,2.932e-05,203.0,0.00595196
MDA/BTC,1606341532455,2020-11-25T21:58:52.455Z,sell,2.931e-05,127.0,0.00372237
MDA/BTC,1606341535672,2020-11-25T21:58:55.672Z,sell,2.931e-05,368.0,0.01078608
MDA/BTC,1606341535672,2020-11-25T21:58:55.672Z,sell,2.921e-05,32.0,0.00093472
MDA/BTC,1606341535672,2020-11-25T21:58:55.672Z,sell,2.931e-05,368.0,0.01078608
MDA/BTC,1606341535672,2020-11-25T21:58:55.672Z,sell,2.921e-05,32.0,0.00093472
MDA/BTC,1606341602143,2020-11-25T22:00:02.143Z,sell,2.922e-05,338.0,0.00987636
MDA/BTC,1606341698445,2020-11-25T22:01:38.445Z,buy,2.95e-05,2347.0,0.06923649999999999
MDA/BTC,1606341734869,2020-11-25T22:02:14.869Z,sell,2.923e-05,123.0,0.00359529
MDA/BTC,1606341734869,2020-11-25T22:02:14.869Z,sell,2.922e-05,38.0,0.0011103600000000001
MDA/BTC,1606341734869,2020-11-25T22:02:14.869Z,sell,2.921e-05,829.0,0.02421509
MDA/BTC,1606341734971,2020-11-25T22:02:14.971Z,buy,2.92e-05,709.0,0.0207028
MDA/BTC,1606341734982,2020-11-25T22:02:14.982Z,buy,2.92e-05,883.0,0.0257836
MDA/BTC,1606341907911,2020-11-25T22:05:07.911Z,buy,2.947e-05,34.0,0.00100198
MDA/BTC,1606341907911,2020-11-25T22:05:07.911Z,buy,2.953e-05,300.0,0.008859
MDA/BTC,1606342069368,2020-11-25T22:07:49.368Z,sell,2.922e-05,267.0,0.007801740000000001
MDA/BTC,1606342069424,2020-11-25T22:07:49.424Z,buy,2.922e-05,241.0,0.00704202
MDA/BTC,1606342099205,2020-11-25T22:08:19.205Z,buy,2.946e-05,8.0,0.00023568
MDA/BTC,1606342167809,2020-11-25T22:09:27.809Z,buy,2.947e-05,668.0,0.01968596
MDA/BTC,1606343188942,2020-11-25T22:26:28.942Z,sell,2.921e-05,4.0,0.00011684
MDA/BTC,1606343502716,2020-11-25T22:31:42.716Z,sell,2.918e-05,95.0,0.0027721
MDA/BTC,1606343502862,2020-11-25T22:31:42.862Z,sell,2.916e-05,47.0,0.0013705199999999999
MDA/BTC,1606343577017,2020-11-25T22:32:57.017Z,sell,2.916e-05,53.0,0.00154548
MDA/BTC,1606343577911,2020-11-25T22:32:57.911Z,sell,2.912e-05,39.0,0.00113568
MDA/BTC,1606343772875,2020-11-25T22:36:12.875Z,sell,2.889e-05,234.0,0.00676026
MDA/BTC,1606343772875,2020-11-25T22:36:12.875Z,sell,2.889e-05,73.0,0.00210897
MDA/BTC,1606343772875,2020-11-25T22:36:12.875Z,sell,2.888e-05,234.0,0.006757920000000001
MDA/BTC,1606343773001,2020-11-25T22:36:13.001Z,buy,2.88e-05,178.0,0.0051264
MDA/BTC,1606343773007,2020-11-25T22:36:13.007Z,sell,2.873e-05,274.0,0.00787202
MDA/BTC,1606343773206,2020-11-25T22:36:13.206Z,sell,2.873e-05,135.0,0.00387855
MDA/BTC,1606343805626,2020-11-25T22:36:45.626Z,sell,2.861e-05,90.0,0.0025748999999999998
MDA/BTC,1606343822437,2020-11-25T22:37:02.437Z,sell,2.861e-05,65.0,0.00185965
MDA/BTC,1606343838490,2020-11-25T22:37:18.490Z,sell,2.87e-05,4.0,0.0001148
MDA/BTC,1606343838490,2020-11-25T22:37:18.490Z,sell,2.861e-05,341.0,0.009756009999999999
MDA/BTC,1606343865743,2020-11-25T22:37:45.743Z,buy,2.875e-05,92.0,0.002645
MDA/BTC,1606343883264,2020-11-25T22:38:03.264Z,sell,2.875e-05,178.0,0.0051175000000000005
MDA/BTC,1606343883360,2020-11-25T22:38:03.360Z,sell,2.875e-05,89.0,0.0025587500000000003
MDA/BTC,1606343883468,2020-11-25T22:38:03.468Z,sell,2.875e-05,45.0,0.00129375
MDA/BTC,1606343906539,2020-11-25T22:38:26.539Z,buy,2.879e-05,7.0,0.00020153
MDA/BTC,1606343943198,2020-11-25T22:39:03.198Z,buy,2.877e-05,395.0,0.01136415
MDA/BTC,1606343943198,2020-11-25T22:39:03.198Z,buy,2.878e-05,98.0,0.00282044
MDA/BTC,1606344570548,2020-11-25T22:49:30.548Z,sell,2.858e-05,6.0,0.00017148
MDA/BTC,1606344592084,2020-11-25T22:49:52.084Z,sell,2.857e-05,193.0,0.00551401
MDA/BTC,1606344593184,2020-11-25T22:49:53.184Z,buy,2.855e-05,4.0,0.0001142
MDA/BTC,1606344596100,2020-11-25T22:49:56.100Z,buy,2.835e-05,98.0,0.0027783
MDA/BTC,1606344596259,2020-11-25T22:49:56.259Z,buy,2.835e-05,17.0,0.00048195000000000003
MDA/BTC,1606344785529,2020-11-25T22:53:05.529Z,sell,2.841e-05,119.0,0.0033807900000000003
MDA/BTC,1606344785529,2020-11-25T22:53:05.529Z,sell,2.84e-05,411.0,0.0116724
MDA/BTC,1606344801075,2020-11-25T22:53:21.075Z,sell,2.84e-05,293.0,0.008321199999999999
MDA/BTC,1606344801075,2020-11-25T22:53:21.075Z,sell,2.839e-05,2545.0,0.07225255
MDA/BTC,1606344900980,2020-11-25T22:55:00.980Z,sell,2.839e-05,31.0,0.00088009
MDA/BTC,1606344900980,2020-11-25T22:55:00.980Z,sell,2.835e-05,45.0,0.00127575
MDA/BTC,1606344900980,2020-11-25T22:55:00.980Z,sell,2.839e-05,31.0,0.00088009
MDA/BTC,1606344900980,2020-11-25T22:55:00.980Z,sell,2.835e-05,45.0,0.00127575
MDA/BTC,1606345787492,2020-11-25T23:09:47.492Z,sell,2.85e-05,80.0,0.00228
MDA/BTC,1606345787511,2020-11-25T23:09:47.511Z,sell,2.85e-05,40.0,0.00114
MDA/BTC,1606345936843,2020-11-25T23:12:16.843Z,sell,2.85e-05,271.0,0.0077235
MDA/BTC,1606346005779,2020-11-25T23:13:25.779Z,sell,2.833e-05,79.0,0.00223807
MDA/BTC,1606346123725,2020-11-25T23:15:23.725Z,buy,2.847e-05,6.0,0.00017082
MDA/BTC,1606346157393,2020-11-25T23:15:57.393Z,sell,2.833e-05,17.0,0.00048161000000000005
MDA/BTC,1606346165308,2020-11-25T23:16:05.308Z,buy,2.844e-05,677.0,0.019253879999999998
MDA/BTC,1606346165325,2020-11-25T23:16:05.325Z,sell,2.833e-05,43.0,0.00121819
MDA/BTC,1606346186267,2020-11-25T23:16:26.267Z,buy,2.844e-05,338.0,0.00961272
MDA/BTC,1606346200422,2020-11-25T23:16:40.422Z,buy,2.844e-05,366.0,0.01040904
MDA/BTC,1606346200422,2020-11-25T23:16:40.422Z,buy,2.845e-05,1393.0,0.03963085
MDA/BTC,1606346273078,2020-11-25T23:17:53.078Z,sell,2.83e-05,54.0,0.0015282
MDA/BTC,1606346275030,2020-11-25T23:17:55.030Z,sell,2.827e-05,267.0,0.0075480899999999995
MDA/BTC,1606346279725,2020-11-25T23:17:59.725Z,sell,2.825e-05,124.0,0.003503
MDA/BTC,1606346279831,2020-11-25T23:17:59.831Z,sell,2.824e-05,445.0,0.0125668
MDA/BTC,1606346279928,2020-11-25T23:17:59.928Z,sell,2.824e-05,223.0,0.00629752
MDA/BTC,1606346280133,2020-11-25T23:18:00.133Z,sell,2.823e-05,111.0,0.00313353
MDA/BTC,1606346280282,2020-11-25T23:18:00.282Z,sell,2.823e-05,55.0,0.00155265
MDA/BTC,1606346347272,2020-11-25T23:19:07.272Z,buy,2.836e-05,97.0,0.00275092
MDA/BTC,1606346347291,2020-11-25T23:19:07.291Z,sell,2.823e-05,64.0,0.00180672
MDA/BTC,1606347217102,2020-11-25T23:33:37.102Z,sell,2.825e-05,218.0,0.0061585
MDA/BTC,1606347217102,2020-11-25T23:33:37.102Z,sell,2.824e-05,718.0,0.02027632
MDA/BTC,1606347707421,2020-11-25T23:41:47.421Z,sell,2.827e-05,15.0,0.00042405
MDA/BTC,1606347910220,2020-11-25T23:45:10.220Z,buy,2.836e-05,427.0,0.01210972
MDA/BTC,1606347910235,2020-11-25T23:45:10.235Z,buy,2.836e-05,111.0,0.00314796
MDA/BTC,1606347910660,2020-11-25T23:45:10.660Z,buy,2.836e-05,160.0,0.0045376
MDA/BTC,1606347910856,2020-11-25T23:45:10.856Z,buy,2.836e-05,80.0,0.0022688
MDA/BTC,1606347972180,2020-11-25T23:46:12.180Z,buy,2.836e-05,8.0,0.00022688
MDA/BTC,1606347974870,2020-11-25T23:46:14.870Z,buy,2.842e-05,38.0,0.00107996
MDA/BTC,1606347974885,2020-11-25T23:46:14.885Z,buy,2.842e-05,46.0,0.00130732
MDA/BTC,1606348038104,2020-11-25T23:47:18.104Z,sell,2.841e-05,8.0,0.00022728
MDA/BTC,1606348048870,2020-11-25T23:47:28.870Z,buy,2.842e-05,5.0,0.00014209999999999998
MDA/BTC,1606348204578,2020-11-25T23:50:04.578Z,sell,2.84e-05,4.0,0.0001136
MDA/BTC,1606348250345,2020-11-25T23:50:50.345Z,buy,2.842e-05,630.0,0.0179046
MDA/BTC,1606348250360,2020-11-25T23:50:50.360Z,buy,2.842e-05,46.0,0.00130732
MDA/BTC,1606348251435,2020-11-25T23:50:51.435Z,buy,2.842e-05,89.0,0.00252938
MDA/BTC,1606348251537,2020-11-25T23:50:51.537Z,buy,2.847e-05,249.0,0.00708903
MDA/BTC,1606348251735,2020-11-25T23:50:51.735Z,buy,2.847e-05,124.0,0.0035302800000000002
MDA/BTC,1606348336020,2020-11-25T23:52:16.020Z,buy,2.847e-05,9.0,0.00025623
MDA/BTC,1606348336020,2020-11-25T23:52:16.020Z,buy,2.847e-05,9.0,0.00025623
MDA/BTC,1606348693960,2020-11-25T23:58:13.960Z,buy,2.853e-05,9.0,0.00025677
MDA/BTC,1606348702431,2020-11-25T23:58:22.431Z,buy,2.853e-05,364.0,0.01038492
MDA/BTC,1606348743305,2020-11-25T23:59:03.305Z,buy,2.857e-05,70.0,0.0019998999999999998
MDA/BTC,1606348744588,2020-11-25T23:59:04.588Z,buy,2.859e-05,166.0,0.00474594
MDA/BTC,1606348744912,2020-11-25T23:59:04.912Z,buy,2.859e-05,83.0,0.00237297
MDA/BTC,1606348903572,2020-11-26T00:01:43.572Z,buy,2.859e-05,9.0,0.00025731
MDA/BTC,1606348934128,2020-11-26T00:02:14.128Z,buy,2.859e-05,20.0,0.0005718
MDA/BTC,1606348934128,2020-11-26T00:02:14.128Z,buy,2.861e-05,100.0,0.002861
MDA/BTC,1606348934128,2020-11-26T00:02:14.128Z,buy,2.864e-05,228.0,0.00652992
MDA/BTC,1606348935180,2020-11-26T00:02:15.180Z,sell,2.867e-05,184.0,0.00527528
MDA/BTC,1606348935383,2020-11-26T00:02:15.383Z,sell,2.867e-05,92.0,0.00263764
MDA/BTC,1606348935484,2020-11-26T00:02:15.484Z,sell,2.867e-05,43.0,0.00123281
MDA/BTC,1606349574879,2020-11-26T00:12:54.879Z,buy,2.874e-05,5.0,0.0001437
MDA/BTC,1606349891197,2020-11-26T00:18:11.197Z,sell,2.864e-05,186.0,0.00532704
MDA/BTC,1606349892188,2020-11-26T00:18:12.188Z,sell,2.864e-05,160.0,0.0045824
MDA/BTC,1606349893458,2020-11-26T00:18:13.458Z,sell,2.864e-05,120.0,0.0034368
MDA/BTC,1606349894766,2020-11-26T00:18:14.766Z,sell,2.864e-05,90.0,0.0025776
MDA/BTC,1606349933803,2020-11-26T00:18:53.803Z,sell,2.863e-05,90.0,0.0025767
MDA/BTC,1606349935078,2020-11-26T00:18:55.078Z,sell,2.863e-05,90.0,0.0025767
MDA/BTC,1606349993360,2020-11-26T00:19:53.360Z,buy,2.872e-05,206.0,0.00591632
MDA/BTC,1606349993360,2020-11-26T00:19:53.360Z,buy,2.874e-05,818.0,0.02350932
MDA/BTC,1606349993360,2020-11-26T00:19:53.360Z,buy,2.875e-05,1269.0,0.03648375
MDA/BTC,1606349993360,2020-11-26T00:19:53.360Z,buy,2.876e-05,250.0,0.007189999999999999
MDA/BTC,1606349993360,2020-11-26T00:19:53.360Z,buy,2.879e-05,45.0,0.00129555
MDA/BTC,1606349993360,2020-11-26T00:19:53.360Z,buy,2.88e-05,997.0,0.0287136
MDA/BTC,1606349993360,2020-11-26T00:19:53.360Z,buy,2.881e-05,151.0,0.0043503100000000005
MDA/BTC,1606349993360,2020-11-26T00:19:53.360Z,buy,2.888e-05,100.0,0.002888
MDA/BTC,1606349993360,2020-11-26T00:19:53.360Z,buy,2.889e-05,268.0,0.00774252
MDA/BTC,1606349993360,2020-11-26T00:19:53.360Z,buy,2.898e-05,1077.0,0.03121146
MDA/BTC,1606349993360,2020-11-26T00:19:53.360Z,buy,2.899e-05,1053.0,0.03052647
MDA/BTC,1606349993470,2020-11-26T00:19:53.470Z,buy,2.899e-05,1060.0,0.030729399999999997
MDA/BTC,1606350320306,2020-11-26T00:25:20.306Z,buy,2.897e-05,45.0,0.00130365
MDA/BTC,1606350671126,2020-11-26T00:31:11.126Z,sell,2.867e-05,1125.0,0.032253750000000005
MDA/BTC,1606350685400,2020-11-26T00:31:25.400Z,sell,2.867e-05,43.0,0.00123281
MDA/BTC,1606350685400,2020-11-26T00:31:25.400Z,sell,2.867e-05,43.0,0.00123281
MDA/BTC,1606355522160,2020-11-26T01:52:02.160Z,sell,2.884e-05,58.0,0.00167272
MDA/BTC,1606355522160,2020-11-26T01:52:02.160Z,sell,2.883e-05,45.0,0.00129735
MDA/BTC,1606355522160,2020-11-26T01:52:02.160Z,sell,2.874e-05,27.0,0.00077598
MDA/BTC,1606355522160,2020-11-26T01:52:02.160Z,sell,2.873e-05,226.0,0.006492980000000001
MDA/BTC,1606355581216,2020-11-26T01:53:01.216Z,sell,2.873e-05,470.0,0.0135031
MDA/BTC,1606355581306,2020-11-26T01:53:01.306Z,buy,2.873e-05,317.0,0.00910741
MDA/BTC,1606355828661,2020-11-26T01:57:08.661Z,sell,2.872e-05,398.0,0.01143056
MDA/BTC,1606355886861,2020-11-26T01:58:06.861Z,buy,2.872e-05,137.0,0.00393464
MDA/BTC,1606355886956,2020-11-26T01:58:06.956Z,buy,2.872e-05,68.0,0.00195296
MDA/BTC,1606355886956,2020-11-26T01:58:06.956Z,buy,2.872e-05,68.0,0.00195296
MDA/BTC,1606357081196,2020-11-26T02:18:01.196Z,buy,2.872e-05,3.0,8.616e-05
MDA/BTC,1606357409630,2020-11-26T02:23:29.630Z,sell,2.864e-05,398.0,0.01139872
MDA/BTC,1606357409799,2020-11-26T02:23:29.799Z,sell,2.864e-05,199.0,0.00569936
MDA/BTC,1606357409924,2020-11-26T02:23:29.924Z,sell,2.864e-05,99.0,0.00283536
MDA/BTC,1606357410040,2020-11-26T02:23:30.040Z,sell,2.864e-05,50.0,0.0014320000000000001
MDA/BTC,1606357544563,2020-11-26T02:25:44.563Z,sell,2.864e-05,436.0,0.01248704
MDA/BTC,1606357544579,2020-11-26T02:25:44.579Z,sell,2.864e-05,93.0,0.00266352
MDA/BTC,1606357544754,2020-11-26T02:25:44.754Z,sell,2.861e-05,143.0,0.0040912299999999995
MDA/BTC,1606357544959,2020-11-26T02:25:44.959Z,sell,2.857e-05,107.0,0.00305699
MDA/BTC,1606357545859,2020-11-26T02:25:45.859Z,sell,2.857e-05,53.0,0.00151421
MDA/BTC,1606357563085,2020-11-26T02:26:03.085Z,sell,2.857e-05,11.0,0.00031427
MDA/BTC,1606357627989,2020-11-26T02:27:07.989Z,buy,2.854e-05,4.0,0.00011416
MDA/BTC,1606357643178,2020-11-26T02:27:23.178Z,sell,2.852e-05,27.0,0.00077004
MDA/BTC,1606357643178,2020-11-26T02:27:23.178Z,sell,2.85e-05,258.0,0.007353
MDA/BTC,1606357671819,2020-11-26T02:27:51.819Z,sell,2.834e-05,35.0,0.0009919
MDA/BTC,1606357671819,2020-11-26T02:27:51.819Z,sell,2.833e-05,100.0,0.002833
MDA/BTC,1606357671819,2020-11-26T02:27:51.819Z,sell,2.832e-05,110.0,0.0031152
MDA/BTC,1606357671819,2020-11-26T02:27:51.819Z,sell,2.825e-05,167.0,0.00471775
MDA/BTC,1606357671819,2020-11-26T02:27:51.819Z,sell,2.823e-05,741.0,0.02091843
MDA/BTC,1606357671819,2020-11-26T02:27:51.819Z,sell,2.815e-05,1043.0,0.02936045
MDA/BTC,1606357671915,2020-11-26T02:27:51.915Z,buy,2.815e-05,801.0,0.02254815
MDA/BTC,1606357675984,2020-11-26T02:27:55.984Z,buy,2.846e-05,655.0,0.0186413
MDA/BTC,1606357687907,2020-11-26T02:28:07.907Z,buy,2.842e-05,549.0,0.01560258
MDA/BTC,1606357855722,2020-11-26T02:30:55.722Z,buy,2.832e-05,357.0,0.01011024
MDA/BTC,1606357855722,2020-11-26T02:30:55.722Z,buy,2.833e-05,350.0,0.0099155
MDA/BTC,1606357873595,2020-11-26T02:31:13.595Z,buy,2.833e-05,101.0,0.00286133
MDA/BTC,1606357873595,2020-11-26T02:31:13.595Z,buy,2.834e-05,569.0,0.01612546
MDA/BTC,1606357898427,2020-11-26T02:31:38.427Z,buy,2.834e-05,37.0,0.00104858
MDA/BTC,1606357987918,2020-11-26T02:33:07.918Z,buy,2.824e-05,4.0,0.00011296
MDA/BTC,1606358089956,2020-11-26T02:34:49.956Z,buy,2.832e-05,2.0,5.664e-05
MDA/BTC,1606358117946,2020-11-26T02:35:17.946Z,buy,2.826e-05,6.0,0.00016956
MDA/BTC,1606358222697,2020-11-26T02:37:02.697Z,buy,2.835e-05,2.0,5.67e-05
MDA/BTC,1606358327151,2020-11-26T02:38:47.151Z,buy,2.84e-05,2.0,5.68e-05
MDA/BTC,1606358669202,2020-11-26T02:44:29.202Z,buy,2.839e-05,4.0,0.00011356
MDA/BTC,1606358790770,2020-11-26T02:46:30.770Z,buy,2.839e-05,2.0,5.678e-05
MDA/BTC,1606358945548,2020-11-26T02:49:05.548Z,buy,2.839e-05,37.0,0.00105043
MDA/BTC,1606358945548,2020-11-26T02:49:05.548Z,buy,2.84e-05,409.0,0.0116156
MDA/BTC,1606358955814,2020-11-26T02:49:15.814Z,buy,2.84e-05,10.0,0.00028399999999999996
MDA/BTC,1606358955814,2020-11-26T02:49:15.814Z,buy,2.845e-05,1051.0,0.02990095
MDA/BTC,1606358970251,2020-11-26T02:49:30.251Z,buy,2.845e-05,2.0,5.69e-05
MDA/BTC,1606359442484,2020-11-26T02:57:22.484Z,buy,2.842e-05,709.0,0.02014978
MDA/BTC,1606359442484,2020-11-26T02:57:22.484Z,buy,2.842e-05,709.0,0.02014978
MDA/BTC,1606359573244,2020-11-26T02:59:33.244Z,buy,2.833e-05,4.0,0.00011332
MDA/BTC,1606359573258,2020-11-26T02:59:33.258Z,buy,2.833e-05,32.0,0.00090656
MDA/BTC,1606359670721,2020-11-26T03:01:10.721Z,buy,2.833e-05,2.0,5.666e-05
MDA/BTC,1606359851438,2020-11-26T03:04:11.438Z,buy,2.831e-05,1041.0,0.029470709999999997
MDA/BTC,1606359908635,2020-11-26T03:05:08.635Z,sell,2.825e-05,383.0,0.01081975
MDA/BTC,1606359914952,2020-11-26T03:05:14.952Z,sell,2.828e-05,324.0,0.009162720000000001
MDA/BTC,1606359930508,2020-11-26T03:05:30.508Z,buy,2.838e-05,2389.0,0.06779982
MDA/BTC,1606360011714,2020-11-26T03:06:51.714Z,buy,2.838e-05,5.0,0.0001419
MDA/BTC,1606360011714,2020-11-26T03:06:51.714Z,buy,2.844e-05,180.0,0.0051192
MDA/BTC,1606360049680,2020-11-26T03:07:29.680Z,buy,2.842e-05,688.0,0.019552959999999998
MDA/BTC,1606360049680,2020-11-26T03:07:29.680Z,buy,2.843e-05,1830.0,0.0520269
MDA/BTC,1606360056624,2020-11-26T03:07:36.624Z,sell,2.83e-05,688.0,0.0194704
MDA/BTC,1606360057603,2020-11-26T03:07:37.603Z,sell,2.831e-05,688.0,0.01947728
MDA/BTC,1606360058517,2020-11-26T03:07:38.517Z,sell,2.832e-05,688.0,0.01948416
MDA/BTC,1606360070323,2020-11-26T03:07:50.323Z,sell,2.827e-05,409.0,0.01156243
MDA/BTC,1606360071240,2020-11-26T03:07:51.240Z,sell,2.828e-05,409.0,0.01156652
MDA/BTC,1606360073620,2020-11-26T03:07:53.620Z,sell,2.823e-05,59.0,0.00166557
MDA/BTC,1606360077615,2020-11-26T03:07:57.615Z,buy,2.841e-05,409.0,0.01161969
MDA/BTC,1606360077615,2020-11-26T03:07:57.615Z,buy,2.842e-05,2274.0,0.06462708
MDA/BTC,1606360077615,2020-11-26T03:07:57.615Z,buy,2.843e-05,507.0,0.01441401
MDA/BTC,1606360078630,2020-11-26T03:07:58.630Z,buy,2.843e-05,58.0,0.00164894
MDA/BTC,1606360078630,2020-11-26T03:07:58.630Z,buy,2.844e-05,400.0,0.011375999999999999
MDA/BTC,1606360381623,2020-11-26T03:13:01.623Z,buy,2.834e-05,19.0,0.00053846
MDA/BTC,1606360381623,2020-11-26T03:13:01.623Z,buy,2.835e-05,295.0,0.008363250000000001
MDA/BTC,1606360765796,2020-11-26T03:19:25.796Z,buy,2.822e-05,90.0,0.0025398
MDA/BTC,1606360776601,2020-11-26T03:19:36.601Z,buy,2.822e-05,454.0,0.012811880000000001
MDA/BTC,1606360786027,2020-11-26T03:19:46.027Z,buy,2.822e-05,146.0,0.0041201200000000006
MDA/BTC,1606360786146,2020-11-26T03:19:46.146Z,buy,2.822e-05,90.0,0.0025398
MDA/BTC,1606360796843,2020-11-26T03:19:56.843Z,buy,2.822e-05,221.0,0.00623662
MDA/BTC,1606360917777,2020-11-26T03:21:57.777Z,buy,2.822e-05,95.0,0.0026809
MDA/BTC,1606360917843,2020-11-26T03:21:57.843Z,buy,2.822e-05,90.0,0.0025398
MDA/BTC,1606360987905,2020-11-26T03:23:07.905Z,buy,2.822e-05,4.0,0.00011288
MDA/BTC,1606361298103,2020-11-26T03:28:18.103Z,buy,2.822e-05,982.0,0.02771204
MDA/BTC,1606361311705,2020-11-26T03:28:31.705Z,buy,2.822e-05,219.0,0.00618018
MDA/BTC,1606361312898,2020-11-26T03:28:32.898Z,buy,2.822e-05,30.0,0.0008466
MDA/BTC,1606361324766,2020-11-26T03:28:44.766Z,buy,2.828e-05,169.0,0.00477932
MDA/BTC,1606361377108,2020-11-26T03:29:37.108Z,sell,2.82e-05,4.0,0.0001128
MDA/BTC,1606361444083,2020-11-26T03:30:44.083Z,buy,2.833e-05,92.0,0.0026063600000000003
MDA/BTC,1606361470914,2020-11-26T03:31:10.914Z,buy,2.833e-05,475.0,0.01345675
MDA/BTC,1606361472573,2020-11-26T03:31:12.573Z,buy,2.833e-05,90.0,0.0025497000000000002
MDA/BTC,1606361497235,2020-11-26T03:31:37.235Z,buy,2.833e-05,3020.0,0.08555660000000001
MDA/BTC,1606361649340,2020-11-26T03:34:09.340Z,buy,2.83e-05,15.0,0.0004245
MDA/BTC,1606361649340,2020-11-26T03:34:09.340Z,buy,2.834e-05,76.0,0.00215384
MDA/BTC,1606361669206,2020-11-26T03:34:29.206Z,buy,2.834e-05,75.0,0.0021255
MDA/BTC,1606361682659,2020-11-26T03:34:42.659Z,buy,2.834e-05,93.0,0.00263562
MDA/BTC,1606361698507,2020-11-26T03:34:58.507Z,buy,2.834e-05,179.0,0.00507286
MDA/BTC,1606361710744,2020-11-26T03:35:10.744Z,buy,2.834e-05,255.0,0.0072267
MDA/BTC,1606361717083,2020-11-26T03:35:17.083Z,sell,2.822e-05,108.0,0.00304776
MDA/BTC,1606361717083,2020-11-26T03:35:17.083Z,sell,2.813e-05,9.0,0.00025317
MDA/BTC,1606361717083,2020-11-26T03:35:17.083Z,sell,2.805e-05,100.0,0.002805
MDA/BTC,1606361717083,2020-11-26T03:35:17.083Z,sell,2.803e-05,388.0,0.01087564
MDA/BTC,1606361717083,2020-11-26T03:35:17.083Z,sell,2.802e-05,559.0,0.01566318
MDA/BTC,1606361719730,2020-11-26T03:35:19.730Z,buy,2.833e-05,178.0,0.00504274
MDA/BTC,1606361730172,2020-11-26T03:35:30.172Z,sell,2.802e-05,32.0,0.00089664
MDA/BTC,1606361732625,2020-11-26T03:35:32.625Z,buy,2.834e-05,103.0,0.00291902
MDA/BTC,1606361750406,2020-11-26T03:35:50.406Z,buy,2.832e-05,115.0,0.0032568
MDA/BTC,1606361864078,2020-11-26T03:37:44.078Z,buy,2.813e-05,230.0,0.0064699
MDA/BTC,1606361872846,2020-11-26T03:37:52.846Z,buy,2.812e-05,43.0,0.00120916
MDA/BTC,1606361872846,2020-11-26T03:37:52.846Z,buy,2.813e-05,173.0,0.00486649
MDA/BTC,1606361888392,2020-11-26T03:38:08.392Z,buy,2.813e-05,268.0,0.00753884
MDA/BTC,1606361905843,2020-11-26T03:38:25.843Z,buy,2.813e-05,188.0,0.00528844
MDA/BTC,1606361914907,2020-11-26T03:38:34.907Z,buy,2.808e-05,5.0,0.0001404
MDA/BTC,1606361914907,2020-11-26T03:38:34.907Z,buy,2.813e-05,167.0,0.00469771
MDA/BTC,1606361923878,2020-11-26T03:38:43.878Z,buy,2.813e-05,119.0,0.00334747
MDA/BTC,1606362074660,2020-11-26T03:41:14.660Z,sell,2.803e-05,392.0,0.010987760000000001
MDA/BTC,1606362074660,2020-11-26T03:41:14.660Z,sell,2.802e-05,302.0,0.00846204
MDA/BTC,1606362074660,2020-11-26T03:41:14.660Z,sell,2.801e-05,4046.0,0.11332846
MDA/BTC,1606362124512,2020-11-26T03:42:04.512Z,sell,2.801e-05,253.0,0.007086530000000001
MDA/BTC,1606362124512,2020-11-26T03:42:04.512Z,sell,2.8e-05,595.0,0.01666
MDA/BTC,1606362157034,2020-11-26T03:42:37.034Z,sell,2.801e-05,127.0,0.00355727
MDA/BTC,1606362157034,2020-11-26T03:42:37.034Z,sell,2.8e-05,4526.0,0.126728
MDA/BTC,1606362175851,2020-11-26T03:42:55.851Z,sell,2.797e-05,377.0,0.01054469
MDA/BTC,1606362175851,2020-11-26T03:42:55.851Z,sell,2.793e-05,4.0,0.00011172
MDA/BTC,1606362175851,2020-11-26T03:42:55.851Z,sell,2.784e-05,10.0,0.0002784
MDA/BTC,1606362175851,2020-11-26T03:42:55.851Z,sell,2.779e-05,200.0,0.005558
MDA/BTC,1606362175851,2020-11-26T03:42:55.851Z,sell,2.777e-05,1174.0,0.03260198
MDA/BTC,1606362187864,2020-11-26T03:43:07.864Z,buy,2.777e-05,4.0,0.00011108
MDA/BTC,1606362380477,2020-11-26T03:46:20.477Z,buy,2.775e-05,396.0,0.010989
MDA/BTC,1606362381110,2020-11-26T03:46:21.110Z,buy,2.777e-05,968.0,0.02688136
MDA/BTC,1606362381405,2020-11-26T03:46:21.405Z,buy,2.777e-05,457.0,0.01269089
MDA/BTC,1606362383950,2020-11-26T03:46:23.950Z,buy,2.803e-05,8.0,0.00022424
MDA/BTC,1606362444430,2020-11-26T03:47:24.430Z,sell,2.768e-05,8.0,0.00022144
MDA/BTC,1606362788840,2020-11-26T03:53:08.840Z,buy,2.782e-05,388.0,0.01079416
MDA/BTC,1606362797579,2020-11-26T03:53:17.579Z,buy,2.783e-05,3010.0,0.0837683
MDA/BTC,1606362797847,2020-11-26T03:53:17.847Z,buy,2.783e-05,1723.0,0.04795109
MDA/BTC,1606362798148,2020-11-26T03:53:18.148Z,buy,2.783e-05,403.0,0.01121549
MDA/BTC,1606362798769,2020-11-26T03:53:18.769Z,buy,2.786e-05,71.0,0.0019780600000000002
MDA/BTC,1606362798769,2020-11-26T03:53:18.769Z,buy,2.786e-05,71.0,0.0019780600000000002
MDA/BTC,1606363281713,2020-11-26T04:01:21.713Z,sell,2.784e-05,15.0,0.0004176
MDA/BTC,1606363406040,2020-11-26T04:03:26.040Z,buy,2.805e-05,23.0,0.00064515
MDA/BTC,1606363414879,2020-11-26T04:03:34.879Z,buy,2.805e-05,49.0,0.00137445
MDA/BTC,1606363475796,2020-11-26T04:04:35.796Z,buy,2.805e-05,44.0,0.0012342
MDA/BTC,1606363475796,2020-11-26T04:04:35.796Z,buy,2.815e-05,28.0,0.0007882
MDA/BTC,1606363496884,2020-11-26T04:04:56.884Z,sell,2.778e-05,72.0,0.00200016
MDA/BTC,1606363876096,2020-11-26T04:11:16.096Z,sell,2.787e-05,254.0,0.0070789799999999995
MDA/BTC,1606364244223,2020-11-26T04:17:24.223Z,sell,2.791e-05,8.0,0.00022328
MDA/BTC,1606365007880,2020-11-26T04:30:07.880Z,sell,2.796e-05,4.0,0.00011184
MDA/BTC,1606366163576,2020-11-26T04:49:23.576Z,sell,2.777e-05,25.0,0.00069425
MDA/BTC,1606366163576,2020-11-26T04:49:23.576Z,sell,2.777e-05,25.0,0.00069425
MDA/BTC,1606368027037,2020-11-26T05:20:27.037Z,sell,2.802e-05,9.0,0.00025218
MDA/BTC,1606368027037,2020-11-26T05:20:27.037Z,sell,2.8e-05,322.0,0.009016
MDA/BTC,1606368027037,2020-11-26T05:20:27.037Z,sell,2.792e-05,582.0,0.01624944
MDA/BTC,1606368125805,2020-11-26T05:22:05.805Z,buy,2.824e-05,88.0,0.00248512
MDA/BTC,1606368125805,2020-11-26T05:22:05.805Z,buy,2.825e-05,4.0,0.000113
MDA/BTC,1606368125805,2020-11-26T05:22:05.805Z,buy,2.833e-05,12.0,0.00033996000000000005
MDA/BTC,1606368272985,2020-11-26T05:24:32.985Z,buy,2.833e-05,88.0,0.00249304
MDA/BTC,1606368273110,2020-11-26T05:24:33.110Z,sell,2.833e-05,118.0,0.00334294
MDA/BTC,1606368273210,2020-11-26T05:24:33.210Z,sell,2.833e-05,176.0,0.00498608
MDA/BTC,1606368273705,2020-11-26T05:24:33.705Z,sell,2.833e-05,88.0,0.00249304
MDA/BTC,1606368273814,2020-11-26T05:24:33.814Z,sell,2.833e-05,44.0,0.00124652
MDA/BTC,1606368322282,2020-11-26T05:25:22.282Z,sell,2.833e-05,159.0,0.00450447
MDA/BTC,1606368322292,2020-11-26T05:25:22.292Z,sell,2.833e-05,94.0,0.0026630200000000003
MDA/BTC,1606368727885,2020-11-26T05:32:07.885Z,sell,2.833e-05,4.0,0.00011332
MDA/BTC,1606369053913,2020-11-26T05:37:33.913Z,buy,2.835e-05,25.0,0.0007087500000000001
MDA/BTC,1606369303155,2020-11-26T05:41:43.155Z,buy,2.835e-05,166.0,0.0047061
MDA/BTC,1606369487433,2020-11-26T05:44:47.433Z,buy,2.844e-05,552.0,0.01569888
MDA/BTC,1606369487433,2020-11-26T05:44:47.433Z,buy,2.849e-05,342.0,0.00974358
MDA/BTC,1606369487433,2020-11-26T05:44:47.433Z,buy,2.856e-05,45.0,0.0012852
MDA/BTC,1606369487433,2020-11-26T05:44:47.433Z,buy,2.857e-05,2.0,5.714e-05
MDA/BTC,1606369487455,2020-11-26T05:44:47.455Z,sell,2.835e-05,90.0,0.0025515
MDA/BTC,1606369487676,2020-11-26T05:44:47.676Z,sell,2.836e-05,419.0,0.01188284
MDA/BTC,1606369487693,2020-11-26T05:44:47.693Z,sell,2.836e-05,269.0,0.00762884
MDA/BTC,1606369487693,2020-11-26T05:44:47.693Z,sell,2.835e-05,150.0,0.0042525
MDA/BTC,1606369488473,2020-11-26T05:44:48.473Z,sell,2.836e-05,131.0,0.00371516
MDA/BTC,1606369501940,2020-11-26T05:45:01.940Z,buy,2.857e-05,2.0,5.714e-05
MDA/BTC,1606369501940,2020-11-26T05:45:01.940Z,buy,2.861e-05,12.0,0.00034332
MDA/BTC,1606369590625,2020-11-26T05:46:30.625Z,buy,2.861e-05,88.0,0.00251768
MDA/BTC,1606369595322,2020-11-26T05:46:35.322Z,sell,2.862e-05,17.0,0.00048654
MDA/BTC,1606369595322,2020-11-26T05:46:35.322Z,sell,2.836e-05,73.0,0.00207028
MDA/BTC,1606369595716,2020-11-26T05:46:35.716Z,sell,2.837e-05,832.0,0.02360384
MDA/BTC,1606369595723,2020-11-26T05:46:35.723Z,sell,2.837e-05,332.0,0.009418840000000001
MDA/BTC,1606369606680,2020-11-26T05:46:46.680Z,sell,2.841e-05,17.0,0.00048297
MDA/BTC,1606369606680,2020-11-26T05:46:46.680Z,sell,2.84e-05,157.0,0.0044588
MDA/BTC,1606369606680,2020-11-26T05:46:46.680Z,sell,2.841e-05,17.0,0.00048297
MDA/BTC,1606369606680,2020-11-26T05:46:46.680Z,sell,2.84e-05,157.0,0.0044588
MDA/BTC,1606370168232,2020-11-26T05:56:08.232Z,buy,2.858e-05,47.0,0.00134326
MDA/BTC,1606370432237,2020-11-26T06:00:32.237Z,buy,2.858e-05,4.0,0.00011432
MDA/BTC,1606370713590,2020-11-26T06:05:13.590Z,sell,2.858e-05,4.0,0.00011432
MDA/BTC,1606371314883,2020-11-26T06:15:14.883Z,sell,2.858e-05,5.0,0.0001429
MDA/BTC,1606371869259,2020-11-26T06:24:29.259Z,sell,2.858e-05,176.0,0.00503008
MDA/BTC,1606371869259,2020-11-26T06:24:29.259Z,sell,2.837e-05,28.0,0.00079436
MDA/BTC,1606371869259,2020-11-26T06:24:29.259Z,sell,2.836e-05,328.0,0.009302079999999999
MDA/BTC,1606371869259,2020-11-26T06:24:29.259Z,sell,2.858e-05,176.0,0.00503008
MDA/BTC,1606371869259,2020-11-26T06:24:29.259Z,sell,2.837e-05,28.0,0.00079436
MDA/BTC,1606371869259,2020-11-26T06:24:29.259Z,sell,2.836e-05,328.0,0.009302079999999999
MDA/BTC,1606373757043,2020-11-26T06:55:57.043Z,buy,2.859e-05,157.0,0.0044886299999999995
MDA/BTC,1606373757043,2020-11-26T06:55:57.043Z,buy,2.861e-05,264.0,0.00755304
MDA/BTC,1606374231304,2020-11-26T07:03:51.304Z,buy,2.861e-05,10.0,0.00028609999999999996
MDA/BTC,1606375406088,2020-11-26T07:23:26.088Z,sell,2.836e-05,191.0,0.00541676
MDA/BTC,1606375406088,2020-11-26T07:23:26.088Z,sell,2.836e-05,191.0,0.00541676
MDA/BTC,1606376967949,2020-11-26T07:49:27.949Z,buy,2.861e-05,40.0,0.0011443999999999998
MDA/BTC,1606377011366,2020-11-26T07:50:11.366Z,sell,2.861e-05,1.0,2.861e-05
MDA/BTC,1606377012378,2020-11-26T07:50:12.378Z,sell,2.851e-05,10.0,0.0002851
MDA/BTC,1606377581138,2020-11-26T07:59:41.138Z,sell,2.864e-05,4.0,0.00011456
MDA/BTC,1606377585902,2020-11-26T07:59:45.902Z,sell,2.864e-05,1414.0,0.04049696
MDA/BTC,1606377585902,2020-11-26T07:59:45.902Z,sell,2.863e-05,55.0,0.00157465
MDA/BTC,1606377585905,2020-11-26T07:59:45.905Z,sell,2.863e-05,561.0,0.016061429999999998
MDA/BTC,1606377585905,2020-11-26T07:59:45.905Z,sell,2.861e-05,5.0,0.00014304999999999998
MDA/BTC,1606377587178,2020-11-26T07:59:47.178Z,sell,2.86e-05,308.0,0.0088088
MDA/BTC,1606377618807,2020-11-26T08:00:18.807Z,sell,2.86e-05,817.0,0.0233662
MDA/BTC,1606377691353,2020-11-26T08:01:31.353Z,sell,2.86e-05,5910.0,0.169026
MDA/BTC,1606377748293,2020-11-26T08:02:28.293Z,sell,2.86e-05,1858.0,0.0531388
MDA/BTC,1606377853217,2020-11-26T08:04:13.217Z,sell,2.86e-05,5000.0,0.14300000000000002
MDA/BTC,1606377891492,2020-11-26T08:04:51.492Z,sell,2.86e-05,2791.0,0.07982260000000001
MDA/BTC,1606377897686,2020-11-26T08:04:57.686Z,sell,2.86e-05,707.0,0.0202202
MDA/BTC,1606378023607,2020-11-26T08:07:03.607Z,sell,2.86e-05,8.0,0.0002288
MDA/BTC,1606378023607,2020-11-26T08:07:03.607Z,sell,2.86e-05,8.0,0.0002288
MDA/BTC,1606379161547,2020-11-26T08:26:01.547Z,buy,2.878e-05,36.0,0.00103608
MDA/BTC,1606379161547,2020-11-26T08:26:01.547Z,buy,2.887e-05,44.0,0.00127028
MDA/BTC,1606379161547,2020-11-26T08:26:01.547Z,buy,2.888e-05,100.0,0.002888
MDA/BTC,1606379161547,2020-11-26T08:26:01.547Z,buy,2.889e-05,103.0,0.00297567
MDA/BTC,1606379161591,2020-11-26T08:26:01.591Z,buy,2.889e-05,9.0,0.00026000999999999997
MDA/BTC,1606379194739,2020-11-26T08:26:34.739Z,buy,2.896e-05,188.0,0.00544448
MDA/BTC,1606379196642,2020-11-26T08:26:36.642Z,buy,2.896e-05,4.0,0.00011584
MDA/BTC,1606379197935,2020-11-26T08:26:37.935Z,buy,2.896e-05,4.0,0.00011584
MDA/BTC,1606379257090,2020-11-26T08:27:37.090Z,buy,2.89e-05,524.0,0.0151436
MDA/BTC,1606379257835,2020-11-26T08:27:37.835Z,buy,2.89e-05,217.0,0.0062713000000000005
MDA/BTC,1606379258242,2020-11-26T08:27:38.242Z,buy,2.89e-05,384.0,0.0110976
MDA/BTC,1606379291884,2020-11-26T08:28:11.884Z,buy,2.898e-05,4.0,0.00011592
MDA/BTC,1606379295133,2020-11-26T08:28:15.133Z,buy,2.899e-05,54.0,0.0015654599999999999
MDA/BTC,1606379298316,2020-11-26T08:28:18.316Z,buy,2.9e-05,35.0,0.001015
MDA/BTC,1606379318066,2020-11-26T08:28:38.066Z,buy,2.907e-05,4.0,0.00011628
MDA/BTC,1606379318066,2020-11-26T08:28:38.066Z,buy,2.908e-05,6.0,0.00017448
MDA/BTC,1606379318066,2020-11-26T08:28:38.066Z,buy,2.91e-05,857.0,0.024938699999999998
MDA/BTC,1606379318511,2020-11-26T08:28:38.511Z,buy,2.91e-05,211.0,0.0061401
MDA/BTC,1606379321957,2020-11-26T08:28:41.957Z,buy,2.91e-05,279.0,0.0081189
MDA/BTC,1606379322461,2020-11-26T08:28:42.461Z,buy,2.91e-05,167.0,0.0048597
MDA/BTC,1606379322584,2020-11-26T08:28:42.584Z,buy,2.916e-05,100.0,0.0029159999999999998
MDA/BTC,1606379372141,2020-11-26T08:29:32.141Z,buy,2.91e-05,4.0,0.0001164
MDA/BTC,1606379380772,2020-11-26T08:29:40.772Z,buy,2.921e-05,4.0,0.00011684
MDA/BTC,1606379395067,2020-11-26T08:29:55.067Z,buy,2.91e-05,82.0,0.0023861999999999998
MDA/BTC,1606379424769,2020-11-26T08:30:24.769Z,buy,2.932e-05,688.0,0.02017216
MDA/BTC,1606379424769,2020-11-26T08:30:24.769Z,buy,2.933e-05,1456.0,0.042704479999999996
MDA/BTC,1606379425208,2020-11-26T08:30:25.208Z,buy,2.933e-05,685.0,0.02009105
MDA/BTC,1606379441230,2020-11-26T08:30:41.230Z,buy,2.944e-05,4.0,0.00011776
MDA/BTC,1606379472344,2020-11-26T08:31:12.344Z,buy,2.942e-05,112.0,0.00329504
MDA/BTC,1606379486725,2020-11-26T08:31:26.725Z,sell,2.917e-05,7.0,0.00020419
MDA/BTC,1606379496953,2020-11-26T08:31:36.953Z,buy,2.936e-05,4.0,0.00011744
MDA/BTC,1606379517647,2020-11-26T08:31:57.647Z,buy,2.936e-05,6.0,0.00017616
MDA/BTC,1606379533895,2020-11-26T08:32:13.895Z,buy,2.94e-05,187.0,0.0054978
MDA/BTC,1606379533895,2020-11-26T08:32:13.895Z,buy,2.944e-05,96.0,0.00282624
MDA/BTC,1606379533895,2020-11-26T08:32:13.895Z,buy,2.945e-05,116.0,0.0034162000000000003
MDA/BTC,1606379568332,2020-11-26T08:32:48.332Z,sell,2.936e-05,4000.0,0.11744
MDA/BTC,1606379573238,2020-11-26T08:32:53.238Z,sell,2.936e-05,24.0,0.00070464
MDA/BTC,1606379717738,2020-11-26T08:35:17.738Z,sell,2.908e-05,22.0,0.00063976
MDA/BTC,1606379734679,2020-11-26T08:35:34.679Z,buy,2.933e-05,8.0,0.00023464
MDA/BTC,1606379734679,2020-11-26T08:35:34.679Z,buy,2.936e-05,119.0,0.0034938400000000002
MDA/BTC,1606379742432,2020-11-26T08:35:42.432Z,buy,2.936e-05,4.0,0.00011744
MDA/BTC,1606379929484,2020-11-26T08:38:49.484Z,sell,2.908e-05,14.0,0.00040711999999999996
MDA/BTC,1606380110172,2020-11-26T08:41:50.172Z,sell,2.917e-05,8.0,0.00023336
MDA/BTC,1606380530352,2020-11-26T08:48:50.352Z,sell,2.916e-05,100.0,0.0029159999999999998
MDA/BTC,1606380646049,2020-11-26T08:50:46.049Z,sell,2.908e-05,7.0,0.00020355999999999998
MDA/BTC,1606380646049,2020-11-26T08:50:46.049Z,sell,2.895e-05,27.0,0.0007816499999999999
MDA/BTC,1606380646049,2020-11-26T08:50:46.049Z,sell,2.89e-05,141.0,0.0040749
MDA/BTC,1606380646049,2020-11-26T08:50:46.049Z,sell,2.889e-05,250.0,0.0072225
MDA/BTC,1606380692283,2020-11-26T08:51:32.283Z,sell,2.895e-05,6004.0,0.1738158
MDA/BTC,1606380692283,2020-11-26T08:51:32.283Z,sell,2.89e-05,446.0,0.0128894
MDA/BTC,1606380692283,2020-11-26T08:51:32.283Z,sell,2.889e-05,228.0,0.00658692
MDA/BTC,1606380692772,2020-11-26T08:51:32.772Z,sell,2.888e-05,100.0,0.002888
MDA/BTC,1606380692772,2020-11-26T08:51:32.772Z,sell,2.885e-05,20.0,0.000577
MDA/BTC,1606380695254,2020-11-26T08:51:35.254Z,buy,2.914e-05,55.0,0.0016026999999999999
MDA/BTC,1606380705030,2020-11-26T08:51:45.030Z,buy,2.888e-05,688.0,0.019869440000000002
MDA/BTC,1606380705030,2020-11-26T08:51:45.030Z,buy,2.889e-05,530.0,0.0153117
MDA/BTC,1606381025102,2020-11-26T08:57:05.102Z,sell,2.889e-05,26.0,0.00075114
MDA/BTC,1606381028445,2020-11-26T08:57:08.445Z,sell,2.889e-05,42.0,0.00121338
MDA/BTC,1606381088053,2020-11-26T08:58:08.053Z,buy,2.889e-05,84.0,0.00242676
MDA/BTC,1606381117634,2020-11-26T08:58:37.634Z,buy,2.889e-05,152.0,0.00439128
MDA/BTC,1606381117634,2020-11-26T08:58:37.634Z,buy,2.898e-05,8.0,0.00023184
MDA/BTC,1606381117634,2020-11-26T08:58:37.634Z,buy,2.914e-05,34.0,0.00099076
MDA/BTC,1606381117634,2020-11-26T08:58:37.634Z,buy,2.916e-05,41.0,0.00119556
MDA/BTC,1606381221109,2020-11-26T09:00:21.109Z,sell,2.88e-05,41.0,0.0011807999999999999
MDA/BTC,1606381226076,2020-11-26T09:00:26.076Z,sell,2.88e-05,9.0,0.0002592
MDA/BTC,1606381235447,2020-11-26T09:00:35.447Z,sell,2.88e-05,7.0,0.0002016
MDA/BTC,1606381256232,2020-11-26T09:00:56.232Z,buy,2.916e-05,59.0,0.00172044
MDA/BTC,1606381256232,2020-11-26T09:00:56.232Z,buy,2.921e-05,16.0,0.00046736
MDA/BTC,1606381256232,2020-11-26T09:00:56.232Z,buy,2.933e-05,8.0,0.00023464
MDA/BTC,1606381256232,2020-11-26T09:00:56.232Z,buy,2.944e-05,788.0,0.02319872
MDA/BTC,1606381267650,2020-11-26T09:01:07.650Z,sell,2.944e-05,306.0,0.00900864
MDA/BTC,1606381278987,2020-11-26T09:01:18.987Z,buy,2.944e-05,113.0,0.00332672
MDA/BTC,1606381298359,2020-11-26T09:01:38.359Z,buy,2.944e-05,4.0,0.00011776
MDA/BTC,1606381345910,2020-11-26T09:02:25.910Z,buy,2.944e-05,38.0,0.00111872
MDA/BTC,1606381393795,2020-11-26T09:03:13.795Z,sell,2.919e-05,72.0,0.00210168
MDA/BTC,1606381404589,2020-11-26T09:03:24.589Z,sell,2.917e-05,7.0,0.00020419
MDA/BTC,1606381404589,2020-11-26T09:03:24.589Z,sell,2.916e-05,100.0,0.0029159999999999998
MDA/BTC,1606381432098,2020-11-26T09:03:52.098Z,sell,2.916e-05,1728.0,0.05038848
MDA/BTC,1606381432098,2020-11-26T09:03:52.098Z,sell,2.916e-05,1728.0,0.05038848
MDA/BTC,1606381649009,2020-11-26T09:07:29.009Z,sell,2.891e-05,90.0,0.0026019
MDA/BTC,1606381785208,2020-11-26T09:09:45.208Z,sell,2.889e-05,4.0,0.00011556
MDA/BTC,1606381785208,2020-11-26T09:09:45.208Z,sell,2.888e-05,32.0,0.00092416
MDA/BTC,1606381814115,2020-11-26T09:10:14.115Z,sell,2.894e-05,601.0,0.01739294
MDA/BTC,1606381814115,2020-11-26T09:10:14.115Z,sell,2.893e-05,2981.0,0.08624033
MDA/BTC,1606382157030,2020-11-26T09:15:57.030Z,sell,2.888e-05,41.0,0.0011840800000000001
MDA/BTC,1606382745810,2020-11-26T09:25:45.810Z,sell,2.888e-05,27.0,0.00077976
MDA/BTC,1606382753934,2020-11-26T09:25:53.934Z,sell,2.885e-05,8.0,0.0002308
MDA/BTC,1606382762716,2020-11-26T09:26:02.716Z,sell,2.879e-05,49.0,0.00141071
MDA/BTC,1606382763002,2020-11-26T09:26:03.002Z,buy,2.879e-05,4.0,0.00011516
MDA/BTC,1606382766417,2020-11-26T09:26:06.417Z,buy,2.879e-05,11.0,0.00031669
MDA/BTC,1606382766417,2020-11-26T09:26:06.417Z,buy,2.88e-05,24.0,0.0006912
MDA/BTC,1606382766691,2020-11-26T09:26:06.691Z,buy,2.88e-05,38.0,0.0010944
MDA/BTC,1606382777533,2020-11-26T09:26:17.533Z,buy,2.877e-05,71.0,0.00204267
MDA/BTC,1606382777607,2020-11-26T09:26:17.607Z,buy,2.877e-05,35.0,0.00100695
MDA/BTC,1606382780277,2020-11-26T09:26:20.277Z,sell,2.872e-05,27.0,0.00077544
MDA/BTC,1606382803547,2020-11-26T09:26:43.547Z,sell,2.871e-05,16.0,0.00045936
MDA/BTC,1606383243700,2020-11-26T09:34:03.700Z,buy,2.872e-05,302.0,0.00867344
MDA/BTC,1606383243709,2020-11-26T09:34:03.709Z,buy,2.872e-05,151.0,0.00433672
MDA/BTC,1606383243824,2020-11-26T09:34:03.824Z,buy,2.872e-05,76.0,0.00218272
MDA/BTC,1606383244138,2020-11-26T09:34:04.138Z,buy,2.872e-05,38.0,0.00109136
MDA/BTC,1606383244391,2020-11-26T09:34:04.391Z,buy,2.872e-05,90.0,0.0025848
MDA/BTC,1606383244419,2020-11-26T09:34:04.419Z,buy,2.872e-05,64.0,0.00183808
MDA/BTC,1606383252710,2020-11-26T09:34:12.710Z,buy,2.872e-05,90.0,0.0025848
MDA/BTC,1606383252723,2020-11-26T09:34:12.723Z,buy,2.872e-05,75.0,0.002154
MDA/BTC,1606383253124,2020-11-26T09:34:13.124Z,buy,2.872e-05,37.0,0.00106264
MDA/BTC,1606383578599,2020-11-26T09:39:38.599Z,sell,2.871e-05,4.0,0.00011484
MDA/BTC,1606383578599,2020-11-26T09:39:38.599Z,sell,2.869e-05,25.0,0.00071725
MDA/BTC,1606383952006,2020-11-26T09:45:52.006Z,sell,2.861e-05,106.0,0.00303266
MDA/BTC,1606384087871,2020-11-26T09:48:07.871Z,buy,2.858e-05,4.0,0.00011432
MDA/BTC,1606384162240,2020-11-26T09:49:22.240Z,sell,2.857e-05,39.0,0.00111423
MDA/BTC,1606384170485,2020-11-26T09:49:30.485Z,sell,2.85e-05,149.0,0.0042465
MDA/BTC,1606384170485,2020-11-26T09:49:30.485Z,sell,2.844e-05,120.0,0.0034127999999999997
MDA/BTC,1606384170485,2020-11-26T09:49:30.485Z,sell,2.843e-05,2357.0,0.06700951
MDA/BTC,1606384170485,2020-11-26T09:49:30.485Z,sell,2.838e-05,320.0,0.0090816
MDA/BTC,1606384170485,2020-11-26T09:49:30.485Z,sell,2.837e-05,70.0,0.0019859
MDA/BTC,1606384170485,2020-11-26T09:49:30.485Z,sell,2.836e-05,688.0,0.01951168
MDA/BTC,1606384170485,2020-11-26T09:49:30.485Z,sell,2.835e-05,248.0,0.0070308
MDA/BTC,1606384227279,2020-11-26T09:50:27.279Z,buy,2.842e-05,23.0,0.00065366
MDA/BTC,1606384388312,2020-11-26T09:53:08.312Z,buy,2.842e-05,4.0,0.00011368
MDA/BTC,1606384404756,2020-11-26T09:53:24.756Z,sell,2.835e-05,1242.0,0.035210700000000004
MDA/BTC,1606384482777,2020-11-26T09:54:42.777Z,sell,2.835e-05,428.0,0.0121338
MDA/BTC,1606384583351,2020-11-26T09:56:23.351Z,buy,2.837e-05,70.0,0.0019859
MDA/BTC,1606384583551,2020-11-26T09:56:23.551Z,buy,2.836e-05,262.0,0.00743032
MDA/BTC,1606384583663,2020-11-26T09:56:23.663Z,buy,2.836e-05,131.0,0.00371516
MDA/BTC,1606384584556,2020-11-26T09:56:24.556Z,buy,2.836e-05,65.0,0.0018434
MDA/BTC,1606384782888,2020-11-26T09:59:42.888Z,sell,2.835e-05,1175.0,0.03331125
MDA/BTC,1606384782951,2020-11-26T09:59:42.951Z,sell,2.835e-05,593.0,0.01681155
MDA/BTC,1606384783156,2020-11-26T09:59:43.156Z,sell,2.835e-05,296.0,0.0083916
MDA/BTC,1606384783260,2020-11-26T09:59:43.260Z,sell,2.835e-05,148.0,0.0041958
MDA/BTC,1606384829903,2020-11-26T10:00:29.903Z,buy,2.836e-05,50.0,0.001418
MDA/BTC,1606384829903,2020-11-26T10:00:29.903Z,buy,2.836e-05,50.0,0.001418
MDA/BTC,1606385255608,2020-11-26T10:07:35.608Z,buy,2.836e-05,174.0,0.00493464
MDA/BTC,1606385288794,2020-11-26T10:08:08.794Z,sell,2.833e-05,66.0,0.0018697800000000001
MDA/BTC,1606385522635,2020-11-26T10:12:02.635Z,buy,2.836e-05,5.0,0.0001418
MDA/BTC,1606385667374,2020-11-26T10:14:27.374Z,buy,2.836e-05,6.0,0.00017015999999999998
MDA/BTC,1606385749758,2020-11-26T10:15:49.758Z,buy,2.836e-05,70.0,0.0019852
MDA/BTC,1606385749766,2020-11-26T10:15:49.766Z,buy,2.836e-05,37.0,0.00104932
MDA/BTC,1606387327366,2020-11-26T10:42:07.366Z,buy,2.836e-05,5.0,0.0001418
MDA/BTC,1606387829539,2020-11-26T10:50:29.539Z,buy,2.836e-05,4404.0,0.12489744
MDA/BTC,1606387829539,2020-11-26T10:50:29.539Z,buy,2.842e-05,44.0,0.00125048
MDA/BTC,1606387829539,2020-11-26T10:50:29.539Z,buy,2.843e-05,75.0,0.00213225
MDA/BTC,1606387829539,2020-11-26T10:50:29.539Z,buy,2.855e-05,688.0,0.0196424
MDA/BTC,1606387829539,2020-11-26T10:50:29.539Z,buy,2.856e-05,1841.0,0.05257896
MDA/BTC,1606387829539,2020-11-26T10:50:29.539Z,buy,2.836e-05,4404.0,0.12489744
MDA/BTC,1606387829539,2020-11-26T10:50:29.539Z,buy,2.842e-05,44.0,0.00125048
MDA/BTC,1606387829539,2020-11-26T10:50:29.539Z,buy,2.843e-05,75.0,0.00213225
MDA/BTC,1606387829539,2020-11-26T10:50:29.539Z,buy,2.855e-05,688.0,0.0196424
MDA/BTC,1606387829539,2020-11-26T10:50:29.539Z,buy,2.856e-05,1841.0,0.05257896
MDA/BTC,1606388701257,2020-11-26T11:05:01.257Z,buy,2.856e-05,4.0,0.00011424
MDA/BTC,1606388718150,2020-11-26T11:05:18.150Z,buy,2.871e-05,7.0,0.00020097000000000002
MDA/BTC,1606388759776,2020-11-26T11:05:59.776Z,buy,2.871e-05,341.0,0.009790110000000001
MDA/BTC,1606388775577,2020-11-26T11:06:15.577Z,buy,2.888e-05,18.0,0.00051984
MDA/BTC,1606388824404,2020-11-26T11:07:04.404Z,buy,2.888e-05,82.0,0.0023681600000000002
MDA/BTC,1606389091482,2020-11-26T11:11:31.482Z,buy,2.888e-05,4.0,0.00011552
MDA/BTC,1606389091482,2020-11-26T11:11:31.482Z,buy,2.889e-05,4.0,0.00011556
MDA/BTC,1606389128319,2020-11-26T11:12:08.319Z,sell,2.898e-05,4.0,0.00011592
MDA/BTC,1606389157080,2020-11-26T11:12:37.080Z,buy,2.901e-05,4.0,0.00011604
MDA/BTC,1606389157893,2020-11-26T11:12:37.893Z,buy,2.901e-05,4.0,0.00011604
MDA/BTC,1606389191531,2020-11-26T11:13:11.531Z,buy,2.901e-05,7.0,0.00020307
MDA/BTC,1606389306926,2020-11-26T11:15:06.926Z,buy,2.901e-05,11.0,0.00031911
MDA/BTC,1606389307225,2020-11-26T11:15:07.225Z,sell,2.906e-05,4.0,0.00011624
MDA/BTC,1606389337337,2020-11-26T11:15:37.337Z,buy,2.909e-05,4.0,0.00011636
MDA/BTC,1606390201783,2020-11-26T11:30:01.783Z,sell,2.885e-05,27.0,0.00077895
MDA/BTC,1606390201783,2020-11-26T11:30:01.783Z,sell,2.882e-05,43.0,0.0012392599999999998
MDA/BTC,1606390201783,2020-11-26T11:30:01.783Z,sell,2.885e-05,27.0,0.00077895
MDA/BTC,1606390201783,2020-11-26T11:30:01.783Z,sell,2.882e-05,43.0,0.0012392599999999998
MDA/BTC,1606393542761,2020-11-26T12:25:42.761Z,buy,2.901e-05,10.0,0.0002901
MDA/BTC,1606393542761,2020-11-26T12:25:42.761Z,buy,2.909e-05,3.0,8.727e-05
MDA/BTC,1606393542761,2020-11-26T12:25:42.761Z,buy,2.911e-05,6.0,0.00017466
MDA/BTC,1606393542761,2020-11-26T12:25:42.761Z,buy,2.912e-05,9.0,0.00026208
MDA/BTC,1606393569359,2020-11-26T12:26:09.359Z,buy,2.916e-05,4.0,0.00011664
MDA/BTC,1606393569609,2020-11-26T12:26:09.609Z,buy,2.916e-05,7.0,0.00020412
MDA/BTC,1606393615203,2020-11-26T12:26:55.203Z,buy,2.916e-05,4.0,0.00011664
MDA/BTC,1606393615203,2020-11-26T12:26:55.203Z,buy,2.916e-05,4.0,0.00011664
MDA/BTC,1606394517787,2020-11-26T12:41:57.787Z,buy,2.916e-05,89.0,0.00259524
MDA/BTC,1606394517787,2020-11-26T12:41:57.787Z,buy,2.921e-05,4.0,0.00011684
MDA/BTC,1606394517902,2020-11-26T12:41:57.902Z,sell,2.921e-05,46.0,0.00134366
MDA/BTC,1606394540160,2020-11-26T12:42:20.160Z,buy,2.925e-05,7.0,0.00020475
MDA/BTC,1606394540160,2020-11-26T12:42:20.160Z,buy,2.927e-05,4.0,0.00011708
MDA/BTC,1606394543637,2020-11-26T12:42:23.637Z,buy,2.928e-05,4.0,0.00011712
MDA/BTC,1606394543761,2020-11-26T12:42:23.761Z,buy,2.928e-05,7.0,0.00020496000000000002
MDA/BTC,1606395068972,2020-11-26T12:51:08.972Z,sell,2.921e-05,5.0,0.00014605
MDA/BTC,1606395517312,2020-11-26T12:58:37.312Z,buy,2.932e-05,4.0,0.00011728
MDA/BTC,1606395558818,2020-11-26T12:59:18.818Z,sell,2.921e-05,45.0,0.00131445
MDA/BTC,1606395558818,2020-11-26T12:59:18.818Z,sell,2.92e-05,55.0,0.001606
MDA/BTC,1606395831439,2020-11-26T13:03:51.439Z,buy,2.932e-05,36.0,0.0010555200000000001
MDA/BTC,1606395831439,2020-11-26T13:03:51.439Z,buy,2.937e-05,51.0,0.0014978699999999999
MDA/BTC,1606395831439,2020-11-26T13:03:51.439Z,buy,2.939e-05,4.0,0.00011756
MDA/BTC,1606395831439,2020-11-26T13:03:51.439Z,buy,2.941e-05,9.0,0.00026469
MDA/BTC,1606395835380,2020-11-26T13:03:55.380Z,buy,2.939e-05,4.0,0.00011756
MDA/BTC,1606395841967,2020-11-26T13:04:01.967Z,sell,2.935e-05,52.0,0.0015262
MDA/BTC,1606395876402,2020-11-26T13:04:36.402Z,buy,2.944e-05,12.0,0.00035328
MDA/BTC,1606395974226,2020-11-26T13:06:14.226Z,buy,2.943e-05,7.0,0.00020601000000000001
MDA/BTC,1606396324300,2020-11-26T13:12:04.300Z,buy,2.944e-05,166.0,0.00488704
MDA/BTC,1606396324312,2020-11-26T13:12:04.312Z,sell,2.94e-05,43.0,0.0012642
MDA/BTC,1606396397082,2020-11-26T13:13:17.082Z,buy,2.943e-05,198.0,0.005827140000000001
MDA/BTC,1606396397082,2020-11-26T13:13:17.082Z,buy,2.944e-05,384.0,0.01130496
MDA/BTC,1606396513299,2020-11-26T13:15:13.299Z,sell,2.94e-05,4.0,0.0001176
MDA/BTC,1606396622116,2020-11-26T13:17:02.116Z,sell,2.94e-05,10.0,0.000294
MDA/BTC,1606396743984,2020-11-26T13:19:03.984Z,sell,2.94e-05,10.0,0.000294
MDA/BTC,1606396743984,2020-11-26T13:19:03.984Z,sell,2.935e-05,82.0,0.0024067
MDA/BTC,1606396743984,2020-11-26T13:19:03.984Z,sell,2.928e-05,18.0,0.00052704
MDA/BTC,1606396754386,2020-11-26T13:19:14.386Z,sell,2.928e-05,35.0,0.0010248
MDA/BTC,1606396797125,2020-11-26T13:19:57.125Z,buy,2.944e-05,22.0,0.00064768
MDA/BTC,1606396998371,2020-11-26T13:23:18.371Z,sell,2.92e-05,12.0,0.0003504
MDA/BTC,1606396998371,2020-11-26T13:23:18.371Z,sell,2.916e-05,100.0,0.0029159999999999998
MDA/BTC,1606396998371,2020-11-26T13:23:18.371Z,sell,2.912e-05,11.0,0.00032031999999999997
MDA/BTC,1606396998371,2020-11-26T13:23:18.371Z,sell,2.911e-05,66.0,0.0019212600000000002
MDA/BTC,1606397000665,2020-11-26T13:23:20.665Z,sell,2.911e-05,15.0,0.00043665
MDA/BTC,1606397000665,2020-11-26T13:23:20.665Z,sell,2.911e-05,15.0,0.00043665
MDA/BTC,1606397328425,2020-11-26T13:28:48.425Z,sell,2.914e-05,4.0,0.00011656
MDA/BTC,1606397328425,2020-11-26T13:28:48.425Z,sell,2.912e-05,44.0,0.0012812799999999999
MDA/BTC,1606397328425,2020-11-26T13:28:48.425Z,sell,2.911e-05,265.0,0.00771415
MDA/BTC,1606397328425,2020-11-26T13:28:48.425Z,sell,2.903e-05,21.0,0.00060963
MDA/BTC,1606397908607,2020-11-26T13:38:28.607Z,buy,2.925e-05,683.0,0.01997775
MDA/BTC,1606398274183,2020-11-26T13:44:34.183Z,buy,2.923e-05,10.0,0.0002923
MDA/BTC,1606399041716,2020-11-26T13:57:21.716Z,buy,2.921e-05,124.0,0.00362204
MDA/BTC,1606399513492,2020-11-26T14:05:13.492Z,sell,2.904e-05,8.0,0.00023232
MDA/BTC,1606399543855,2020-11-26T14:05:43.855Z,buy,2.903e-05,4.0,0.00011612
MDA/BTC,1606399555500,2020-11-26T14:05:55.500Z,sell,2.903e-05,368.0,0.010683040000000001
MDA/BTC,1606399634031,2020-11-26T14:07:14.031Z,sell,2.901e-05,517.0,0.01499817
MDA/BTC,1606399634031,2020-11-26T14:07:14.031Z,sell,2.9e-05,1671.0,0.048459
MDA/BTC,1606399634970,2020-11-26T14:07:14.970Z,buy,2.9e-05,47.0,0.001363
MDA/BTC,1606399654077,2020-11-26T14:07:34.077Z,sell,2.899e-05,49.0,0.0014205099999999998
MDA/BTC,1606399654077,2020-11-26T14:07:34.077Z,sell,2.891e-05,45.0,0.00130095
MDA/BTC,1606399654077,2020-11-26T14:07:34.077Z,sell,2.89e-05,432.0,0.0124848
MDA/BTC,1606399708571,2020-11-26T14:08:28.571Z,sell,2.889e-05,45.0,0.00130005
MDA/BTC,1606399708571,2020-11-26T14:08:28.571Z,sell,2.888e-05,100.0,0.002888
MDA/BTC,1606399708571,2020-11-26T14:08:28.571Z,sell,2.882e-05,27.0,0.00077814
MDA/BTC,1606399708571,2020-11-26T14:08:28.571Z,sell,2.879e-05,4.0,0.00011516
MDA/BTC,1606399708571,2020-11-26T14:08:28.571Z,sell,2.876e-05,12.0,0.00034512
MDA/BTC,1606399708571,2020-11-26T14:08:28.571Z,sell,2.874e-05,7.0,0.00020118
MDA/BTC,1606399708571,2020-11-26T14:08:28.571Z,sell,2.863e-05,741.0,0.02121483
MDA/BTC,1606399709976,2020-11-26T14:08:29.976Z,buy,2.888e-05,7.0,0.00020216
MDA/BTC,1606399776722,2020-11-26T14:09:36.722Z,sell,2.88e-05,4.0,0.0001152
MDA/BTC,1606399776722,2020-11-26T14:09:36.722Z,sell,2.861e-05,100.0,0.002861
MDA/BTC,1606399776722,2020-11-26T14:09:36.722Z,sell,2.86e-05,426.0,0.012183600000000001
MDA/BTC,1606399853495,2020-11-26T14:10:53.495Z,buy,2.881e-05,144.0,0.00414864
MDA/BTC,1606399853495,2020-11-26T14:10:53.495Z,buy,2.888e-05,100.0,0.002888
MDA/BTC,1606399853495,2020-11-26T14:10:53.495Z,buy,2.893e-05,10.0,0.0002893
MDA/BTC,1606399859416,2020-11-26T14:10:59.416Z,sell,2.9e-05,59.0,0.001711
MDA/BTC,1606399859416,2020-11-26T14:10:59.416Z,sell,2.9e-05,59.0,0.001711
MDA/BTC,1606400930058,2020-11-26T14:28:50.058Z,buy,2.878e-05,274.0,0.007885719999999999
MDA/BTC,1606401329259,2020-11-26T14:35:29.259Z,sell,2.865e-05,100.0,0.002865
MDA/BTC,1606401413532,2020-11-26T14:36:53.532Z,sell,2.865e-05,25.0,0.00071625
MDA/BTC,1606401470734,2020-11-26T14:37:50.734Z,sell,2.867e-05,1149.0,0.032941830000000005
MDA/BTC,1606401582941,2020-11-26T14:39:42.941Z,buy,2.891e-05,37.0,0.00106967
MDA/BTC,1606401582941,2020-11-26T14:39:42.941Z,buy,2.892e-05,163.0,0.0047139600000000005
MDA/BTC,1606402290246,2020-11-26T14:51:30.246Z,sell,2.866e-05,164.0,0.00470024
MDA/BTC,1606402290246,2020-11-26T14:51:30.246Z,sell,2.865e-05,439.0,0.01257735
MDA/BTC,1606402290246,2020-11-26T14:51:30.246Z,sell,2.866e-05,164.0,0.00470024
MDA/BTC,1606402290246,2020-11-26T14:51:30.246Z,sell,2.865e-05,439.0,0.01257735
MDA/BTC,1606403556850,2020-11-26T15:12:36.850Z,sell,2.871e-05,609.0,0.017484390000000002
MDA/BTC,1606403556853,2020-11-26T15:12:36.853Z,sell,2.871e-05,79.0,0.00226809
MDA/BTC,1606403556853,2020-11-26T15:12:36.853Z,sell,2.87e-05,461.0,0.0132307
MDA/BTC,1606403556930,2020-11-26T15:12:36.930Z,sell,2.87e-05,247.0,0.0070888999999999995
MDA/BTC,1606403629541,2020-11-26T15:13:49.541Z,sell,2.869e-05,103.0,0.00295507
MDA/BTC,1606404648104,2020-11-26T15:30:48.104Z,sell,2.869e-05,89.0,0.0025534100000000003
MDA/BTC,1606404648104,2020-11-26T15:30:48.104Z,sell,2.868e-05,2327.0,0.06673836
MDA/BTC,1606404664130,2020-11-26T15:31:04.130Z,sell,2.867e-05,8.0,0.00022936
MDA/BTC,1606404664130,2020-11-26T15:31:04.130Z,sell,2.866e-05,1870.0,0.0535942
MDA/BTC,1606405206993,2020-11-26T15:40:06.993Z,buy,2.886e-05,51.0,0.0014718600000000002
MDA/BTC,1606405206993,2020-11-26T15:40:06.993Z,buy,2.886e-05,51.0,0.0014718600000000002
MDA/BTC,1606410026337,2020-11-26T17:00:26.337Z,sell,2.862e-05,943.0,0.02698866
MDA/BTC,1606410338936,2020-11-26T17:05:38.936Z,sell,2.862e-05,289.0,0.00827118
MDA/BTC,1606410352055,2020-11-26T17:05:52.055Z,sell,2.861e-05,100.0,0.002861
MDA/BTC,1606410352216,2020-11-26T17:05:52.216Z,buy,2.874e-05,43.0,0.0012358199999999999
MDA/BTC,1606410352216,2020-11-26T17:05:52.216Z,buy,2.875e-05,53.0,0.0015237500000000001
MDA/BTC,1606410365938,2020-11-26T17:06:05.938Z,sell,2.86e-05,555.0,0.015873
MDA/BTC,1606410449524,2020-11-26T17:07:29.524Z,sell,2.86e-05,681.0,0.0194766
MDA/BTC,1606410528175,2020-11-26T17:08:48.175Z,sell,2.86e-05,86.0,0.0024596
MDA/BTC,1606410528175,2020-11-26T17:08:48.175Z,sell,2.857e-05,12.0,0.00034283999999999996
MDA/BTC,1606410528175,2020-11-26T17:08:48.175Z,sell,2.849e-05,44.0,0.00125356
MDA/BTC,1606410528175,2020-11-26T17:08:48.175Z,sell,2.848e-05,14.0,0.00039872
MDA/BTC,1606410528175,2020-11-26T17:08:48.175Z,sell,2.86e-05,86.0,0.0024596
MDA/BTC,1606410528175,2020-11-26T17:08:48.175Z,sell,2.857e-05,12.0,0.00034283999999999996
MDA/BTC,1606410528175,2020-11-26T17:08:48.175Z,sell,2.849e-05,44.0,0.00125356
MDA/BTC,1606410528175,2020-11-26T17:08:48.175Z,sell,2.848e-05,14.0,0.00039872
MDA/BTC,1606411298837,2020-11-26T17:21:38.837Z,buy,2.851e-05,90.0,0.0025659
MDA/BTC,1606411299971,2020-11-26T17:21:39.971Z,sell,2.848e-05,18.0,0.00051264
MDA/BTC,1606411344440,2020-11-26T17:22:24.440Z,sell,2.844e-05,4.0,0.00011376
MDA/BTC,1606411344440,2020-11-26T17:22:24.440Z,sell,2.84e-05,439.0,0.012467599999999999
MDA/BTC,1606411527949,2020-11-26T17:25:27.949Z,buy,2.85e-05,155.0,0.0044175
MDA/BTC,1606411774271,2020-11-26T17:29:34.271Z,buy,2.85e-05,267.0,0.007609500000000001
MDA/BTC,1606412214927,2020-11-26T17:36:54.927Z,buy,2.85e-05,38.0,0.001083
MDA/BTC,1606412626890,2020-11-26T17:43:46.890Z,sell,2.838e-05,12.0,0.00034056
MDA/BTC,1606412626890,2020-11-26T17:43:46.890Z,sell,2.833e-05,33.0,0.0009348900000000001
MDA/BTC,1606413495082,2020-11-26T17:58:15.082Z,sell,2.833e-05,5.0,0.00014165
MDA/BTC,1606413626190,2020-11-26T18:00:26.190Z,buy,2.833e-05,238.0,0.00674254
MDA/BTC,1606413626190,2020-11-26T18:00:26.190Z,buy,2.833e-05,238.0,0.00674254
MDA/BTC,1606416700240,2020-11-26T18:51:40.240Z,buy,2.835e-05,31.0,0.00087885
MDA/BTC,1606416700240,2020-11-26T18:51:40.240Z,buy,2.835e-05,31.0,0.00087885
MDA/BTC,1606417663641,2020-11-26T19:07:43.641Z,buy,2.858e-05,31.0,0.00088598
MDA/BTC,1606417687926,2020-11-26T19:08:07.926Z,sell,2.858e-05,4.0,0.00011432
MDA/BTC,1606417745971,2020-11-26T19:09:05.971Z,buy,2.859e-05,4.0,0.00011436
MDA/BTC,1606417746491,2020-11-26T19:09:06.491Z,buy,2.859e-05,32.0,0.00091488
MDA/BTC,1606417746491,2020-11-26T19:09:06.491Z,buy,2.859e-05,32.0,0.00091488
MDA/BTC,1606420981463,2020-11-26T20:03:01.463Z,buy,2.859e-05,4.0,0.00011436
MDA/BTC,1606420981463,2020-11-26T20:03:01.463Z,buy,2.861e-05,100.0,0.002861
MDA/BTC,1606420981463,2020-11-26T20:03:01.463Z,buy,2.882e-05,106.0,0.00305492
MDA/BTC,1606421144034,2020-11-26T20:05:44.034Z,sell,2.858e-05,90.0,0.0025722
MDA/BTC,1606421144034,2020-11-26T20:05:44.034Z,sell,2.858e-05,90.0,0.0025722
MDA/BTC,1606421882396,2020-11-26T20:18:02.396Z,sell,2.848e-05,54.0,0.00153792
MDA/BTC,1606422026305,2020-11-26T20:20:26.305Z,buy,2.873e-05,6.0,0.00017238
MDA/BTC,1606422627063,2020-11-26T20:30:27.063Z,sell,2.857e-05,49.0,0.00139993
MDA/BTC,1606423392031,2020-11-26T20:43:12.031Z,buy,2.873e-05,13.0,0.00037349000000000003
MDA/BTC,1606423392031,2020-11-26T20:43:12.031Z,buy,2.873e-05,13.0,0.00037349000000000003
MDA/BTC,1606424757235,2020-11-26T21:05:57.235Z,sell,2.856e-05,13.0,0.00037128000000000004
MDA/BTC,1606426474907,2020-11-26T21:34:34.907Z,buy,2.872e-05,52.0,0.00149344
MDA/BTC,1606426474907,2020-11-26T21:34:34.907Z,buy,2.872e-05,52.0,0.00149344
MDA/BTC,1606427129864,2020-11-26T21:45:29.864Z,buy,2.872e-05,36.0,0.00103392
MDA/BTC,1606427175164,2020-11-26T21:46:15.164Z,buy,2.873e-05,137.0,0.00393601
MDA/BTC,1606429457538,2020-11-26T22:24:17.538Z,sell,2.881e-05,486.0,0.01400166
MDA/BTC,1606429498794,2020-11-26T22:24:58.794Z,sell,2.881e-05,158.0,0.00455198
MDA/BTC,1606429633574,2020-11-26T22:27:13.574Z,buy,2.881e-05,146.0,0.00420626
MDA/BTC,1606429633582,2020-11-26T22:27:13.582Z,buy,2.881e-05,139.0,0.00400459
MDA/BTC,1606429637467,2020-11-26T22:27:17.467Z,buy,2.886e-05,12.0,0.00034632
MDA/BTC,1606429961368,2020-11-26T22:32:41.368Z,sell,2.88e-05,90.0,0.0025919999999999997
MDA/BTC,1606429961391,2020-11-26T22:32:41.391Z,sell,2.88e-05,3093.0,0.0890784
MDA/BTC,1606429961396,2020-11-26T22:32:41.396Z,sell,2.88e-05,3090.0,0.088992
MDA/BTC,1606429961401,2020-11-26T22:32:41.401Z,sell,2.88e-05,139.0,0.0040032
MDA/BTC,1606429969740,2020-11-26T22:32:49.740Z,sell,2.88e-05,2405.0,0.06926399999999999
MDA/BTC,1606429969744,2020-11-26T22:32:49.744Z,sell,2.88e-05,1433.0,0.0412704
MDA/BTC,1606429969752,2020-11-26T22:32:49.752Z,sell,2.88e-05,2326.0,0.0669888
MDA/BTC,1606429969758,2020-11-26T22:32:49.758Z,sell,2.88e-05,225.0,0.00648
MDA/BTC,1606429970134,2020-11-26T22:32:50.134Z,buy,2.886e-05,143.0,0.004126980000000001
MDA/BTC,1606429970134,2020-11-26T22:32:50.134Z,buy,2.888e-05,100.0,0.002888
MDA/BTC,1606429970134,2020-11-26T22:32:50.134Z,buy,2.889e-05,334.0,0.00964926
MDA/BTC,1606429970134,2020-11-26T22:32:50.134Z,buy,2.89e-05,63.0,0.0018207
MDA/BTC,1606429970134,2020-11-26T22:32:50.134Z,buy,2.892e-05,35.0,0.0010122
MDA/BTC,1606429970134,2020-11-26T22:32:50.134Z,buy,2.894e-05,42.0,0.0012154800000000001
MDA/BTC,1606429970134,2020-11-26T22:32:50.134Z,buy,2.905e-05,52.0,0.0015106
MDA/BTC,1606429970134,2020-11-26T22:32:50.134Z,buy,2.915e-05,138.0,0.0040227
MDA/BTC,1606429970134,2020-11-26T22:32:50.134Z,buy,2.916e-05,100.0,0.0029159999999999998
MDA/BTC,1606429970134,2020-11-26T22:32:50.134Z,buy,2.918e-05,13.0,0.00037934
MDA/BTC,1606429970134,2020-11-26T22:32:50.134Z,buy,2.92e-05,49.0,0.0014308
MDA/BTC,1606429970134,2020-11-26T22:32:50.134Z,buy,2.921e-05,4.0,0.00011684
MDA/BTC,1606429970134,2020-11-26T22:32:50.134Z,buy,2.922e-05,688.0,0.02010336
MDA/BTC,1606429970134,2020-11-26T22:32:50.134Z,buy,2.923e-05,54.0,0.00157842
MDA/BTC,1606429970134,2020-11-26T22:32:50.134Z,buy,2.937e-05,985.0,0.02892945
MDA/BTC,1606429970134,2020-11-26T22:32:50.134Z,buy,2.886e-05,143.0,0.004126980000000001
MDA/BTC,1606429970134,2020-11-26T22:32:50.134Z,buy,2.888e-05,100.0,0.002888
MDA/BTC,1606429970134,2020-11-26T22:32:50.134Z,buy,2.889e-05,334.0,0.00964926
MDA/BTC,1606429970134,2020-11-26T22:32:50.134Z,buy,2.89e-05,63.0,0.0018207
MDA/BTC,1606429970134,2020-11-26T22:32:50.134Z,buy,2.892e-05,35.0,0.0010122
MDA/BTC,1606429970134,2020-11-26T22:32:50.134Z,buy,2.894e-05,42.0,0.0012154800000000001
MDA/BTC,1606429970134,2020-11-26T22:32:50.134Z,buy,2.905e-05,52.0,0.0015106
MDA/BTC,1606429970134,2020-11-26T22:32:50.134Z,buy,2.915e-05,138.0,0.0040227
MDA/BTC,1606429970134,2020-11-26T22:32:50.134Z,buy,2.916e-05,100.0,0.0029159999999999998
MDA/BTC,1606429970134,2020-11-26T22:32:50.134Z,buy,2.918e-05,13.0,0.00037934
MDA/BTC,1606429970134,2020-11-26T22:32:50.134Z,buy,2.92e-05,49.0,0.0014308
MDA/BTC,1606429970134,2020-11-26T22:32:50.134Z,buy,2.921e-05,4.0,0.00011684
MDA/BTC,1606429970134,2020-11-26T22:32:50.134Z,buy,2.922e-05,688.0,0.02010336
MDA/BTC,1606429970134,2020-11-26T22:32:50.134Z,buy,2.923e-05,54.0,0.00157842
MDA/BTC,1606429970134,2020-11-26T22:32:50.134Z,buy,2.937e-05,985.0,0.02892945
MDA/BTC,1606430814277,2020-11-26T22:46:54.277Z,buy,2.93e-05,688.0,0.0201584
MDA/BTC,1606430814277,2020-11-26T22:46:54.277Z,buy,2.931e-05,2601.0,0.07623531
MDA/BTC,1606431785243,2020-11-26T23:03:05.243Z,buy,2.94e-05,90.0,0.002646
MDA/BTC,1606431785243,2020-11-26T23:03:05.243Z,buy,2.94e-05,90.0,0.002646
MDA/BTC,1606433713785,2020-11-26T23:35:13.785Z,sell,2.898e-05,6.0,0.00017388
MDA/BTC,1606434257175,2020-11-26T23:44:17.175Z,buy,2.941e-05,134.0,0.00394094
MDA/BTC,1606434257175,2020-11-26T23:44:17.175Z,buy,2.942e-05,66.0,0.00194172
MDA/BTC,1606434579379,2020-11-26T23:49:39.379Z,sell,2.898e-05,1100.0,0.031878000000000004
MDA/BTC,1606434579379,2020-11-26T23:49:39.379Z,sell,2.897e-05,5127.0,0.14852919
MDA/BTC,1606434630375,2020-11-26T23:50:30.375Z,buy,2.94e-05,1485.0,0.043658999999999996
MDA/BTC,1606434742539,2020-11-26T23:52:22.539Z,buy,2.942e-05,1454.0,0.04277668
MDA/BTC,1606434742539,2020-11-26T23:52:22.539Z,buy,2.943e-05,5127.0,0.15088761
MDA/BTC,1606434792362,2020-11-26T23:53:12.362Z,buy,2.943e-05,9.0,0.00026487
MDA/BTC,1606434792362,2020-11-26T23:53:12.362Z,buy,2.944e-05,100.0,0.002944
MDA/BTC,1606434792362,2020-11-26T23:53:12.362Z,buy,2.945e-05,123.0,0.0036223500000000003
MDA/BTC,1606434792362,2020-11-26T23:53:12.362Z,buy,2.946e-05,1989.0,0.05859594
MDA/BTC,1606434931321,2020-11-26T23:55:31.321Z,buy,2.951e-05,136.0,0.00401336
MDA/BTC,1606434931321,2020-11-26T23:55:31.321Z,buy,2.953e-05,359.0,0.01060127
MDA/BTC,1606434931321,2020-11-26T23:55:31.321Z,buy,2.957e-05,138.0,0.00408066
MDA/BTC,1606434931321,2020-11-26T23:55:31.321Z,buy,2.958e-05,2322.0,0.06868476
MDA/BTC,1606434936724,2020-11-26T23:55:36.724Z,sell,2.958e-05,79.0,0.0023368200000000003
MDA/BTC,1606434967928,2020-11-26T23:56:07.928Z,sell,2.958e-05,4.0,0.00011832
MDA/BTC,1606434999853,2020-11-26T23:56:39.853Z,buy,2.959e-05,188.0,0.00556292
MDA/BTC,1606435007494,2020-11-26T23:56:47.494Z,buy,2.965e-05,34.0,0.0010081
MDA/BTC,1606435153655,2020-11-26T23:59:13.655Z,buy,2.963e-05,4.0,0.00011852
MDA/BTC,1606435153655,2020-11-26T23:59:13.655Z,buy,2.965e-05,182.0,0.0053963
MDA/BTC,1606435153655,2020-11-26T23:59:13.655Z,buy,2.972e-05,1062.0,0.03156264
MDA/BTC,1606435177494,2020-11-26T23:59:37.494Z,buy,2.974e-05,18.0,0.00053532
MDA/BTC,1606435188440,2020-11-26T23:59:48.440Z,buy,2.985e-05,4.0,0.0001194
MDA/BTC,1606435188440,2020-11-26T23:59:48.440Z,buy,3e-05,33.0,0.00099
MDA/BTC,1606435190493,2020-11-26T23:59:50.493Z,sell,2.974e-05,67.0,0.00199258
MDA/BTC,1606435263554,2020-11-27T00:01:03.554Z,buy,3e-05,67.0,0.00201
MDA/BTC,1606435263554,2020-11-27T00:01:03.554Z,buy,3.01e-05,10.0,0.000301
MDA/BTC,1606435263554,2020-11-27T00:01:03.554Z,buy,3.017e-05,4.0,0.00012068
MDA/BTC,1606435263554,2020-11-27T00:01:03.554Z,buy,3.036e-05,33.0,0.0010018800000000001
MDA/BTC,1606435263554,2020-11-27T00:01:03.554Z,buy,3.038e-05,53.0,0.00161014
MDA/BTC,1606435322627,2020-11-27T00:02:02.627Z,buy,3.037e-05,214.0,0.006499179999999999
MDA/BTC,1606435322627,2020-11-27T00:02:02.627Z,buy,3.038e-05,619.0,0.01880522
MDA/BTC,1606435322627,2020-11-27T00:02:02.627Z,buy,3.041e-05,51.0,0.00155091
MDA/BTC,1606435322627,2020-11-27T00:02:02.627Z,buy,3.042e-05,34.0,0.00103428
MDA/BTC,1606435322627,2020-11-27T00:02:02.627Z,buy,3.049e-05,3.0,9.147e-05
MDA/BTC,1606435322627,2020-11-27T00:02:02.627Z,buy,3.05e-05,3671.0,0.1119655
MDA/BTC,1606435322627,2020-11-27T00:02:02.627Z,buy,3.051e-05,174.0,0.00530874
MDA/BTC,1606435322627,2020-11-27T00:02:02.627Z,buy,3.052e-05,527.0,0.01608404
MDA/BTC,1606435322640,2020-11-27T00:02:02.640Z,sell,3.052e-05,124.0,0.00378448
MDA/BTC,1606435322645,2020-11-27T00:02:02.645Z,sell,3.052e-05,3184.0,0.09717568
MDA/BTC,1606435322645,2020-11-27T00:02:02.645Z,sell,3.052e-05,947.0,0.028902439999999998
MDA/BTC,1606435322771,2020-11-27T00:02:02.771Z,sell,2.997e-05,47.0,0.00140859
MDA/BTC,1606435322771,2020-11-27T00:02:02.771Z,sell,2.974e-05,479.0,0.01424546
MDA/BTC,1606435322771,2020-11-27T00:02:02.771Z,sell,2.972e-05,100.0,0.002972
MDA/BTC,1606435322771,2020-11-27T00:02:02.771Z,sell,2.969e-05,26.0,0.0007719399999999999
MDA/BTC,1606435322771,2020-11-27T00:02:02.771Z,sell,2.955e-05,236.0,0.0069738
MDA/BTC,1606435322771,2020-11-27T00:02:02.771Z,sell,2.953e-05,4.0,0.00011812
MDA/BTC,1606435322771,2020-11-27T00:02:02.771Z,sell,2.948e-05,156.0,0.00459888
MDA/BTC,1606435323297,2020-11-27T00:02:03.297Z,buy,2.977e-05,77.0,0.00229229
MDA/BTC,1606435323444,2020-11-27T00:02:03.444Z,sell,2.975e-05,356.0,0.010591
MDA/BTC,1606435323444,2020-11-27T00:02:03.444Z,sell,2.947e-05,174.0,0.00512778
MDA/BTC,1606435337355,2020-11-27T00:02:17.355Z,buy,2.977e-05,34.0,0.0010121800000000001
MDA/BTC,1606435342759,2020-11-27T00:02:22.759Z,buy,2.977e-05,4.0,0.00011908
MDA/BTC,1606435364370,2020-11-27T00:02:44.370Z,sell,2.951e-05,19.0,0.00056069
MDA/BTC,1606435367125,2020-11-27T00:02:47.125Z,sell,2.951e-05,37.0,0.00109187
MDA/BTC,1606435381354,2020-11-27T00:03:01.354Z,buy,2.965e-05,41.0,0.00121565
MDA/BTC,1606435381354,2020-11-27T00:03:01.354Z,buy,2.965e-05,41.0,0.00121565
MDA/BTC,1606435402735,2020-11-27T00:03:22.735Z,sell,2.966e-05,34.0,0.00100844
MDA/BTC,1606435402762,2020-11-27T00:03:22.762Z,sell,2.966e-05,34.0,0.00100844
MDA/BTC,1606435402774,2020-11-27T00:03:22.774Z,sell,2.966e-05,30.0,0.0008898
MDA/BTC,1606435402774,2020-11-27T00:03:22.774Z,sell,2.965e-05,4.0,0.0001186
MDA/BTC,1606435402791,2020-11-27T00:03:22.791Z,sell,2.965e-05,28.0,0.0008302
MDA/BTC,1606435402791,2020-11-27T00:03:22.791Z,sell,2.957e-05,5.0,0.00014785
MDA/BTC,1606435402795,2020-11-27T00:03:22.795Z,sell,2.957e-05,34.0,0.00100538
MDA/BTC,1606435403162,2020-11-27T00:03:23.162Z,sell,2.958e-05,34.0,0.00100572
MDA/BTC,1606435403172,2020-11-27T00:03:23.172Z,buy,2.995e-05,41.0,0.00122795
MDA/BTC,1606435403214,2020-11-27T00:03:23.214Z,sell,2.995e-05,34.0,0.0010183
MDA/BTC,1606435403259,2020-11-27T00:03:23.259Z,sell,2.995e-05,38.0,0.0011381
MDA/BTC,1606435404217,2020-11-27T00:03:24.217Z,sell,2.995e-05,98.0,0.0029351
MDA/BTC,1606435412492,2020-11-27T00:03:32.492Z,buy,2.996e-05,4.0,0.00011984
MDA/BTC,1606435413061,2020-11-27T00:03:33.061Z,sell,2.995e-05,4.0,0.0001198
MDA/BTC,1606435445137,2020-11-27T00:04:05.137Z,buy,2.996e-05,35.0,0.0010486
MDA/BTC,1606435445137,2020-11-27T00:04:05.137Z,buy,3e-05,100.0,0.003
MDA/BTC,1606435445137,2020-11-27T00:04:05.137Z,buy,3.017e-05,4.0,0.00012068
MDA/BTC,1606435445137,2020-11-27T00:04:05.137Z,buy,3.018e-05,77.0,0.00232386
MDA/BTC,1606435445137,2020-11-27T00:04:05.137Z,buy,3.029e-05,84.0,0.00254436
MDA/BTC,1606435452278,2020-11-27T00:04:12.278Z,buy,3.029e-05,52.0,0.00157508
MDA/BTC,1606435455223,2020-11-27T00:04:15.223Z,buy,3.029e-05,122.0,0.00369538
MDA/BTC,1606435456835,2020-11-27T00:04:16.835Z,buy,3.031e-05,122.0,0.00369782
MDA/BTC,1606435502011,2020-11-27T00:05:02.011Z,buy,3.03e-05,32.0,0.0009696
MDA/BTC,1606435502011,2020-11-27T00:05:02.011Z,buy,3.031e-05,114.0,0.00345534
MDA/BTC,1606435502011,2020-11-27T00:05:02.011Z,buy,3.036e-05,269.0,0.00816684
MDA/BTC,1606435502024,2020-11-27T00:05:02.024Z,sell,3.036e-05,290.0,0.0088044
MDA/BTC,1606435502039,2020-11-27T00:05:02.039Z,sell,3.036e-05,1360.0,0.0412896
MDA/BTC,1606435502044,2020-11-27T00:05:02.044Z,sell,3.036e-05,3017.0,0.09159612
MDA/BTC,1606435502057,2020-11-27T00:05:02.057Z,sell,3.036e-05,2880.0,0.08743680000000001
MDA/BTC,1606435502887,2020-11-27T00:05:02.887Z,buy,3.043e-05,37.0,0.00112591
MDA/BTC,1606435502887,2020-11-27T00:05:02.887Z,buy,3.046e-05,98.0,0.0029850799999999998
MDA/BTC,1606435502887,2020-11-27T00:05:02.887Z,buy,3.048e-05,384.0,0.01170432
MDA/BTC,1606435502887,2020-11-27T00:05:02.887Z,buy,3.049e-05,4.0,0.00012196
MDA/BTC,1606435502887,2020-11-27T00:05:02.887Z,buy,3.052e-05,264.0,0.00805728
MDA/BTC,1606435502887,2020-11-27T00:05:02.887Z,buy,3.053e-05,2063.0,0.06298339
MDA/BTC,1606435508920,2020-11-27T00:05:08.920Z,buy,3.053e-05,36.0,0.0010990800000000001
MDA/BTC,1606435510219,2020-11-27T00:05:10.219Z,buy,3.053e-05,33.0,0.00100749
MDA/BTC,1606435511742,2020-11-27T00:05:11.742Z,buy,3.053e-05,16.0,0.00048848
MDA/BTC,1606435541075,2020-11-27T00:05:41.075Z,buy,3.053e-05,1827.0,0.055778310000000005
MDA/BTC,1606435558575,2020-11-27T00:05:58.575Z,sell,3.01e-05,32.0,0.0009632
MDA/BTC,1606435575730,2020-11-27T00:06:15.730Z,sell,3.009e-05,331.0,0.009959790000000001
MDA/BTC,1606435664537,2020-11-27T00:07:44.537Z,sell,3.01e-05,94.0,0.0028294
MDA/BTC,1606435664537,2020-11-27T00:07:44.537Z,sell,3.002e-05,48.0,0.00144096
MDA/BTC,1606435664537,2020-11-27T00:07:44.537Z,sell,3.001e-05,4.0,0.00012004
MDA/BTC,1606435706369,2020-11-27T00:08:26.369Z,sell,3.036e-05,73.0,0.00221628
MDA/BTC,1606435720999,2020-11-27T00:08:40.999Z,sell,3.017e-05,4.0,0.00012068
MDA/BTC,1606435720999,2020-11-27T00:08:40.999Z,sell,3.001e-05,49.0,0.0014704899999999999
MDA/BTC,1606435751711,2020-11-27T00:09:11.711Z,sell,3.004e-05,73.0,0.00219292
MDA/BTC,1606435762808,2020-11-27T00:09:22.808Z,buy,3.048e-05,94.0,0.00286512
MDA/BTC,1606435762808,2020-11-27T00:09:22.808Z,buy,3.049e-05,73.0,0.00222577
MDA/BTC,1606435762808,2020-11-27T00:09:22.808Z,buy,3.052e-05,404.0,0.01233008
MDA/BTC,1606435762808,2020-11-27T00:09:22.808Z,buy,3.053e-05,1646.0,0.05025238
MDA/BTC,1606435763346,2020-11-27T00:09:23.346Z,sell,3.053e-05,32.0,0.00097696
MDA/BTC,1606435763852,2020-11-27T00:09:23.852Z,sell,3.053e-05,7.0,0.00021371
MDA/BTC,1606435845490,2020-11-27T00:10:45.490Z,sell,3.053e-05,4.0,0.00012212
MDA/BTC,1606435866096,2020-11-27T00:11:06.096Z,sell,3.053e-05,38.0,0.00116014
MDA/BTC,1606435866382,2020-11-27T00:11:06.382Z,sell,3.053e-05,4.0,0.00012212
MDA/BTC,1606435925797,2020-11-27T00:12:05.797Z,buy,3.054e-05,34.0,0.00103836
MDA/BTC,1606435925797,2020-11-27T00:12:05.797Z,buy,3.059e-05,47.0,0.00143773
MDA/BTC,1606435925797,2020-11-27T00:12:05.797Z,buy,3.061e-05,86.0,0.00263246
MDA/BTC,1606435934228,2020-11-27T00:12:14.228Z,buy,3.053e-05,4.0,0.00012212
MDA/BTC,1606435937058,2020-11-27T00:12:17.058Z,buy,3.061e-05,33.0,0.00101013
MDA/BTC,1606435940960,2020-11-27T00:12:20.960Z,buy,3.061e-05,1872.0,0.05730192
MDA/BTC,1606435942271,2020-11-27T00:12:22.271Z,sell,3.061e-05,7.0,0.00021427
MDA/BTC,1606435942907,2020-11-27T00:12:22.907Z,buy,3.065e-05,17.0,0.00052105
MDA/BTC,1606435953143,2020-11-27T00:12:33.143Z,buy,3.069e-05,32.0,0.00098208
MDA/BTC,1606435953143,2020-11-27T00:12:33.143Z,buy,3.075e-05,8.0,0.000246
MDA/BTC,1606435953143,2020-11-27T00:12:33.143Z,buy,3.08e-05,69.0,0.0021252000000000003
MDA/BTC,1606435953143,2020-11-27T00:12:33.143Z,buy,3.081e-05,32.0,0.00098592
MDA/BTC,1606435953143,2020-11-27T00:12:33.143Z,buy,3.084e-05,23.0,0.00070932
MDA/BTC,1606435960796,2020-11-27T00:12:40.796Z,buy,3.084e-05,77.0,0.00237468
MDA/BTC,1606435961387,2020-11-27T00:12:41.387Z,sell,3.084e-05,4.0,0.00012336
MDA/BTC,1606435966795,2020-11-27T00:12:46.795Z,sell,3.084e-05,182.0,0.005612880000000001
MDA/BTC,1606435966795,2020-11-27T00:12:46.795Z,sell,3.058e-05,673.0,0.020580340000000003
MDA/BTC,1606435966795,2020-11-27T00:12:46.795Z,sell,3.057e-05,361.0,0.01103577
MDA/BTC,1606435966795,2020-11-27T00:12:46.795Z,sell,3.055e-05,327.0,0.00998985
MDA/BTC,1606435966795,2020-11-27T00:12:46.795Z,sell,3.05e-05,48.0,0.001464
MDA/BTC,1606435966795,2020-11-27T00:12:46.795Z,sell,3.049e-05,32.0,0.00097568
MDA/BTC,1606435966795,2020-11-27T00:12:46.795Z,sell,3.032e-05,33.0,0.00100056
MDA/BTC,1606435966795,2020-11-27T00:12:46.795Z,sell,3.031e-05,275.0,0.00833525
MDA/BTC,1606435968212,2020-11-27T00:12:48.212Z,buy,3.092e-05,62.0,0.00191704
MDA/BTC,1606435972390,2020-11-27T00:12:52.390Z,sell,3.033e-05,169.0,0.00512577
MDA/BTC,1606435972390,2020-11-27T00:12:52.390Z,sell,3.032e-05,815.0,0.0247108
MDA/BTC,1606436003933,2020-11-27T00:13:23.933Z,buy,3.071e-05,842.0,0.025857820000000004
MDA/BTC,1606436003933,2020-11-27T00:13:23.933Z,buy,3.072e-05,334.0,0.010260479999999999
MDA/BTC,1606436003933,2020-11-27T00:13:23.933Z,buy,3.075e-05,34.0,0.0010455
MDA/BTC,1606436071081,2020-11-27T00:14:31.081Z,buy,3.1e-05,12.0,0.00037200000000000004
MDA/BTC,1606436112542,2020-11-27T00:15:12.542Z,sell,3.06e-05,10.0,0.00030599999999999996
MDA/BTC,1606436144852,2020-11-27T00:15:44.852Z,sell,3.093e-05,10.0,0.0003093
MDA/BTC,1606436145411,2020-11-27T00:15:45.411Z,sell,3.093e-05,32.0,0.00098976
MDA/BTC,1606436170574,2020-11-27T00:16:10.574Z,buy,3.1e-05,83.0,0.002573
MDA/BTC,1606436170574,2020-11-27T00:16:10.574Z,buy,3.105e-05,32.0,0.0009936
MDA/BTC,1606436208106,2020-11-27T00:16:48.106Z,buy,3.105e-05,31.0,0.0009625500000000001
MDA/BTC,1606436208106,2020-11-27T00:16:48.106Z,buy,3.106e-05,327.0,0.01015662
MDA/BTC,1606436208106,2020-11-27T00:16:48.106Z,buy,3.113e-05,268.0,0.00834284
MDA/BTC,1606436208106,2020-11-27T00:16:48.106Z,buy,3.116e-05,113.0,0.0035210799999999998
MDA/BTC,1606436208106,2020-11-27T00:16:48.106Z,buy,3.117e-05,1215.0,0.037871550000000004
MDA/BTC,1606436220602,2020-11-27T00:17:00.602Z,buy,3.12e-05,767.0,0.0239304
MDA/BTC,1606436227173,2020-11-27T00:17:07.173Z,buy,3.111e-05,4.0,0.00012444
MDA/BTC,1606436227173,2020-11-27T00:17:07.173Z,buy,3.12e-05,7736.0,0.2413632
MDA/BTC,1606436235438,2020-11-27T00:17:15.438Z,buy,3.125e-05,79.0,0.00246875
MDA/BTC,1606436235438,2020-11-27T00:17:15.438Z,buy,3.126e-05,66.0,0.00206316
MDA/BTC,1606436235438,2020-11-27T00:17:15.438Z,buy,3.128e-05,18.0,0.00056304
MDA/BTC,1606436235438,2020-11-27T00:17:15.438Z,buy,3.129e-05,109.0,0.00341061
MDA/BTC,1606436235438,2020-11-27T00:17:15.438Z,buy,3.13e-05,28.0,0.0008764
MDA/BTC,1606436241109,2020-11-27T00:17:21.109Z,sell,3.121e-05,662.0,0.020661020000000002
MDA/BTC,1606436241109,2020-11-27T00:17:21.109Z,sell,3.12e-05,4338.0,0.1353456
MDA/BTC,1606436244208,2020-11-27T00:17:24.208Z,buy,3.13e-05,455.0,0.0142415
MDA/BTC,1606436244208,2020-11-27T00:17:24.208Z,buy,3.141e-05,49.0,0.00153909
MDA/BTC,1606436244208,2020-11-27T00:17:24.208Z,buy,3.142e-05,662.0,0.02080004
MDA/BTC,1606436244208,2020-11-27T00:17:24.208Z,buy,3.143e-05,267.0,0.008391810000000001
MDA/BTC,1606436244208,2020-11-27T00:17:24.208Z,buy,3.147e-05,1272.0,0.040029840000000004
MDA/BTC,1606436244208,2020-11-27T00:17:24.208Z,buy,3.15e-05,1017.0,0.0320355
MDA/BTC,1606436246559,2020-11-27T00:17:26.559Z,buy,3.15e-05,32.0,0.001008
MDA/BTC,1606436247191,2020-11-27T00:17:27.191Z,buy,3.15e-05,104.0,0.003276
MDA/BTC,1606436248092,2020-11-27T00:17:28.092Z,sell,3.15e-05,78.0,0.002457
MDA/BTC,1606436251395,2020-11-27T00:17:31.395Z,buy,3.161e-05,27.0,0.0008534699999999999
MDA/BTC,1606436251395,2020-11-27T00:17:31.395Z,buy,3.176e-05,45.0,0.0014292
MDA/BTC,1606436251395,2020-11-27T00:17:31.395Z,buy,3.182e-05,28.0,0.0008909599999999999
MDA/BTC,1606436269998,2020-11-27T00:17:49.998Z,sell,3.138e-05,92.0,0.00288696
MDA/BTC,1606436269998,2020-11-27T00:17:49.998Z,sell,3.137e-05,5.0,0.00015685
MDA/BTC,1606436275508,2020-11-27T00:17:55.508Z,buy,3.181e-05,92.0,0.00292652
MDA/BTC,1606436275526,2020-11-27T00:17:55.526Z,sell,3.181e-05,90.0,0.0028629000000000003
MDA/BTC,1606436275565,2020-11-27T00:17:55.565Z,sell,3.181e-05,1.0,3.181e-05
MDA/BTC,1606436298894,2020-11-27T00:18:18.894Z,buy,3.135e-05,115.0,0.0036052500000000004
MDA/BTC,1606436299417,2020-11-27T00:18:19.417Z,buy,3.158e-05,4.0,0.00012632
MDA/BTC,1606436299417,2020-11-27T00:18:19.417Z,buy,3.182e-05,176.0,0.00560032
MDA/BTC,1606436311594,2020-11-27T00:18:31.594Z,buy,3.181e-05,115.0,0.00365815
MDA/BTC,1606436311594,2020-11-27T00:18:31.594Z,buy,3.182e-05,432.0,0.013746239999999998
MDA/BTC,1606436326490,2020-11-27T00:18:46.490Z,buy,3.182e-05,1055.0,0.0335701
MDA/BTC,1606436327058,2020-11-27T00:18:47.058Z,buy,3.182e-05,501.0,0.01594182
MDA/BTC,1606436327078,2020-11-27T00:18:47.078Z,sell,3.182e-05,260.0,0.0082732
MDA/BTC,1606436327107,2020-11-27T00:18:47.107Z,sell,3.182e-05,29.0,0.0009227799999999999
MDA/BTC,1606436338122,2020-11-27T00:18:58.122Z,sell,3.153e-05,998.0,0.03146694
MDA/BTC,1606436346280,2020-11-27T00:19:06.280Z,buy,3.151e-05,5.0,0.00015755
MDA/BTC,1606436346280,2020-11-27T00:19:06.280Z,buy,3.19e-05,113.0,0.0036047
MDA/BTC,1606436346280,2020-11-27T00:19:06.280Z,buy,3.192e-05,120.0,0.0038304
MDA/BTC,1606436346280,2020-11-27T00:19:06.280Z,buy,3.195e-05,66.0,0.0021087
MDA/BTC,1606436346280,2020-11-27T00:19:06.280Z,buy,3.2e-05,46.0,0.001472
MDA/BTC,1606436346424,2020-11-27T00:19:06.424Z,sell,3.181e-05,5.0,0.00015905000000000002
MDA/BTC,1606436346424,2020-11-27T00:19:06.424Z,sell,3.16e-05,227.0,0.0071732
MDA/BTC,1606436353574,2020-11-27T00:19:13.574Z,sell,3.148e-05,812.0,0.025561759999999996
MDA/BTC,1606436353574,2020-11-27T00:19:13.574Z,sell,3.147e-05,186.0,0.005853420000000001
MDA/BTC,1606436385767,2020-11-27T00:19:45.767Z,sell,3.191e-05,78.0,0.00248898
MDA/BTC,1606436386491,2020-11-27T00:19:46.491Z,sell,3.191e-05,6.0,0.00019145999999999999
MDA/BTC,1606436388686,2020-11-27T00:19:48.686Z,buy,3.193e-05,186.0,0.00593898
MDA/BTC,1606436388686,2020-11-27T00:19:48.686Z,buy,3.194e-05,227.0,0.007250380000000001
MDA/BTC,1606436388723,2020-11-27T00:19:48.723Z,sell,3.194e-05,505.0,0.0161297
MDA/BTC,1606436388758,2020-11-27T00:19:48.758Z,sell,3.194e-05,55.0,0.0017567000000000001
MDA/BTC,1606436401694,2020-11-27T00:20:01.694Z,sell,3.152e-05,31.0,0.0009771200000000002
MDA/BTC,1606436409697,2020-11-27T00:20:09.697Z,sell,3.127e-05,25.0,0.0007817499999999999
MDA/BTC,1606436410396,2020-11-27T00:20:10.396Z,sell,3.12e-05,36.0,0.0011232
MDA/BTC,1606436414236,2020-11-27T00:20:14.236Z,sell,3.12e-05,51.0,0.0015912
MDA/BTC,1606436414236,2020-11-27T00:20:14.236Z,sell,3.119e-05,142.0,0.00442898
MDA/BTC,1606436415530,2020-11-27T00:20:15.530Z,sell,3.118e-05,207.0,0.006454260000000001
MDA/BTC,1606436422086,2020-11-27T00:20:22.086Z,sell,3.089e-05,46.0,0.0014209399999999999
MDA/BTC,1606436422086,2020-11-27T00:20:22.086Z,sell,3.082e-05,47.0,0.00144854
MDA/BTC,1606436422086,2020-11-27T00:20:22.086Z,sell,3.078e-05,172.0,0.00529416
MDA/BTC,1606436422086,2020-11-27T00:20:22.086Z,sell,3.077e-05,302.0,0.00929254
MDA/BTC,1606436434446,2020-11-27T00:20:34.446Z,buy,3.111e-05,50.0,0.0015555
MDA/BTC,1606436441436,2020-11-27T00:20:41.436Z,buy,3.111e-05,68.0,0.00211548
MDA/BTC,1606436466392,2020-11-27T00:21:06.392Z,sell,3.08e-05,5.0,0.000154
MDA/BTC,1606436470590,2020-11-27T00:21:10.590Z,buy,3.111e-05,119.0,0.00370209
MDA/BTC,1606436470590,2020-11-27T00:21:10.590Z,buy,3.14e-05,48.0,0.0015071999999999998
MDA/BTC,1606436470590,2020-11-27T00:21:10.590Z,buy,3.143e-05,61.0,0.0019172300000000002
MDA/BTC,1606436470590,2020-11-27T00:21:10.590Z,buy,3.15e-05,122.0,0.003843
MDA/BTC,1606436496063,2020-11-27T00:21:36.063Z,sell,3.086e-05,2512.0,0.07752032
MDA/BTC,1606436496063,2020-11-27T00:21:36.063Z,sell,3.08e-05,11.0,0.00033880000000000005
MDA/BTC,1606436496063,2020-11-27T00:21:36.063Z,sell,3.077e-05,1485.0,0.04569345
MDA/BTC,1606436496153,2020-11-27T00:21:36.153Z,buy,3.077e-05,992.0,0.03052384
MDA/BTC,1606436512512,2020-11-27T00:21:52.512Z,sell,3.076e-05,36.0,0.00110736
MDA/BTC,1606436528302,2020-11-27T00:22:08.302Z,sell,3.069e-05,124.0,0.00380556
MDA/BTC,1606436528302,2020-11-27T00:22:08.302Z,sell,3.065e-05,70.0,0.0021455
MDA/BTC,1606436528302,2020-11-27T00:22:08.302Z,sell,3.058e-05,1806.0,0.05522748
MDA/BTC,1606436529722,2020-11-27T00:22:09.722Z,buy,3.062e-05,31.0,0.0009492200000000001
MDA/BTC,1606436638884,2020-11-27T00:23:58.884Z,sell,3.057e-05,65.0,0.00198705
MDA/BTC,1606436638884,2020-11-27T00:23:58.884Z,sell,3.049e-05,4.0,0.00012196
MDA/BTC,1606436638884,2020-11-27T00:23:58.884Z,sell,3.036e-05,49.0,0.0014876400000000001
MDA/BTC,1606436638884,2020-11-27T00:23:58.884Z,sell,3.035e-05,26.0,0.0007890999999999999
MDA/BTC,1606436638884,2020-11-27T00:23:58.884Z,sell,3.026e-05,56.0,0.0016945600000000001
MDA/BTC,1606436643938,2020-11-27T00:24:03.938Z,sell,3.027e-05,35.0,0.00105945
MDA/BTC,1606436643938,2020-11-27T00:24:03.938Z,sell,3.026e-05,35.0,0.0010591
MDA/BTC,1606436643938,2020-11-27T00:24:03.938Z,sell,3.017e-05,4.0,0.00012068
MDA/BTC,1606436643938,2020-11-27T00:24:03.938Z,sell,3.013e-05,76.0,0.00228988
MDA/BTC,1606436670724,2020-11-27T00:24:30.724Z,sell,3.013e-05,11.0,0.00033143
MDA/BTC,1606436670724,2020-11-27T00:24:30.724Z,sell,3.003e-05,329.0,0.009879869999999999
MDA/BTC,1606436692820,2020-11-27T00:24:52.820Z,buy,3.044e-05,16.0,0.00048704
MDA/BTC,1606436695526,2020-11-27T00:24:55.526Z,sell,3.003e-05,69.0,0.00207207
MDA/BTC,1606436702324,2020-11-27T00:25:02.324Z,buy,3.039e-05,65.0,0.00197535
MDA/BTC,1606436707620,2020-11-27T00:25:07.620Z,buy,3.041e-05,53.0,0.00161173
MDA/BTC,1606436798553,2020-11-27T00:26:38.553Z,buy,3.01e-05,6.0,0.0001806
MDA/BTC,1606436804580,2020-11-27T00:26:44.580Z,sell,2.994e-05,129.0,0.00386226
MDA/BTC,1606436832876,2020-11-27T00:27:12.876Z,sell,2.985e-05,4.0,0.0001194
MDA/BTC,1606436833427,2020-11-27T00:27:13.427Z,buy,2.982e-05,72.0,0.00214704
MDA/BTC,1606436872050,2020-11-27T00:27:52.050Z,sell,2.972e-05,13.0,0.00038636
MDA/BTC,1606436875201,2020-11-27T00:27:55.201Z,buy,2.976e-05,51.0,0.00151776
MDA/BTC,1606436875603,2020-11-27T00:27:55.603Z,buy,2.979e-05,41.0,0.0012213900000000001
MDA/BTC,1606436877206,2020-11-27T00:27:57.206Z,buy,2.973e-05,41.0,0.00121893
MDA/BTC,1606436883169,2020-11-27T00:28:03.169Z,buy,3.008e-05,83.0,0.00249664
MDA/BTC,1606436904118,2020-11-27T00:28:24.118Z,sell,2.972e-05,43.0,0.00127796
MDA/BTC,1606436904439,2020-11-27T00:28:24.439Z,sell,2.972e-05,41.0,0.00121852
MDA/BTC,1606436917800,2020-11-27T00:28:37.800Z,sell,2.972e-05,612.0,0.01818864
MDA/BTC,1606436917800,2020-11-27T00:28:37.800Z,sell,2.963e-05,208.0,0.00616304
MDA/BTC,1606436917800,2020-11-27T00:28:37.800Z,sell,2.953e-05,155.0,0.00457715
MDA/BTC,1606436917800,2020-11-27T00:28:37.800Z,sell,2.952e-05,338.0,0.009977759999999999
MDA/BTC,1606436917800,2020-11-27T00:28:37.800Z,sell,2.948e-05,33.0,0.00097284
MDA/BTC,1606436917800,2020-11-27T00:28:37.800Z,sell,2.945e-05,608.0,0.0179056
MDA/BTC,1606436917800,2020-11-27T00:28:37.800Z,sell,2.944e-05,132.0,0.00388608
MDA/BTC,1606436918047,2020-11-27T00:28:38.047Z,buy,3.001e-05,4.0,0.00012004
MDA/BTC,1606436923551,2020-11-27T00:28:43.551Z,buy,2.945e-05,1039.0,0.030598550000000002
MDA/BTC,1606436926936,2020-11-27T00:28:46.936Z,sell,2.937e-05,451.0,0.01324587
MDA/BTC,1606436940205,2020-11-27T00:29:00.205Z,buy,2.942e-05,7.0,0.00020594
MDA/BTC,1606436964321,2020-11-27T00:29:24.321Z,buy,2.942e-05,1645.0,0.0483959
MDA/BTC,1606436964325,2020-11-27T00:29:24.325Z,buy,2.942e-05,180.0,0.0052956
MDA/BTC,1606436969848,2020-11-27T00:29:29.848Z,buy,2.963e-05,79.0,0.00234077
MDA/BTC,1606436971719,2020-11-27T00:29:31.719Z,buy,2.968e-05,338.0,0.01003184
MDA/BTC,1606436971719,2020-11-27T00:29:31.719Z,buy,2.97e-05,170.0,0.005049
MDA/BTC,1606437086905,2020-11-27T00:31:26.905Z,sell,2.941e-05,164.0,0.00482324
MDA/BTC,1606437086905,2020-11-27T00:31:26.905Z,sell,2.94e-05,316.0,0.0092904
MDA/BTC,1606437086905,2020-11-27T00:31:26.905Z,sell,2.939e-05,66.0,0.0019397400000000001
MDA/BTC,1606437125525,2020-11-27T00:32:05.525Z,sell,2.939e-05,1053.0,0.03094767
MDA/BTC,1606437185473,2020-11-27T00:33:05.473Z,buy,2.971e-05,730.0,0.021688299999999997
MDA/BTC,1606437226149,2020-11-27T00:33:46.149Z,sell,2.94e-05,672.0,0.0197568
MDA/BTC,1606437226149,2020-11-27T00:33:46.149Z,sell,2.939e-05,117.0,0.0034386300000000002
MDA/BTC,1606437299974,2020-11-27T00:34:59.974Z,buy,2.961e-05,99.0,0.00293139
MDA/BTC,1606437317139,2020-11-27T00:35:17.139Z,buy,2.962e-05,22.0,0.00065164
MDA/BTC,1606437320181,2020-11-27T00:35:20.181Z,buy,2.962e-05,10.0,0.0002962
MDA/BTC,1606437387644,2020-11-27T00:36:27.644Z,buy,2.96e-05,32.0,0.0009472
MDA/BTC,1606437466615,2020-11-27T00:37:46.615Z,sell,2.941e-05,163.0,0.00479383
MDA/BTC,1606437466721,2020-11-27T00:37:46.721Z,buy,2.941e-05,267.0,0.00785247
MDA/BTC,1606437466909,2020-11-27T00:37:46.909Z,buy,2.941e-05,133.0,0.00391153
MDA/BTC,1606437467127,2020-11-27T00:37:47.127Z,buy,2.941e-05,45.0,0.00132345
MDA/BTC,1606437889967,2020-11-27T00:44:49.967Z,sell,2.94e-05,163.0,0.0047922
MDA/BTC,1606438543846,2020-11-27T00:55:43.846Z,buy,2.969e-05,85.0,0.0025236499999999997
MDA/BTC,1606438543874,2020-11-27T00:55:43.874Z,buy,2.969e-05,78.0,0.0023158199999999997
MDA/BTC,1606438543874,2020-11-27T00:55:43.874Z,buy,2.972e-05,100.0,0.002972
MDA/BTC,1606438543874,2020-11-27T00:55:43.874Z,buy,2.983e-05,13.0,0.00038779
MDA/BTC,1606438545768,2020-11-27T00:55:45.768Z,buy,2.981e-05,65.0,0.00193765
MDA/BTC,1606438545809,2020-11-27T00:55:45.809Z,buy,2.981e-05,6.0,0.00017886
MDA/BTC,1606438582884,2020-11-27T00:56:22.884Z,sell,2.949e-05,85.0,0.00250665
MDA/BTC,1606438803723,2020-11-27T01:00:03.723Z,sell,2.949e-05,82.0,0.0024181800000000002
MDA/BTC,1606438803723,2020-11-27T01:00:03.723Z,sell,2.944e-05,100.0,0.002944
MDA/BTC,1606438803723,2020-11-27T01:00:03.723Z,sell,2.94e-05,688.0,0.0202272
MDA/BTC,1606438803723,2020-11-27T01:00:03.723Z,sell,2.939e-05,609.0,0.01789851
MDA/BTC,1606438803723,2020-11-27T01:00:03.723Z,sell,2.938e-05,139.0,0.00408382
MDA/BTC,1606438803723,2020-11-27T01:00:03.723Z,sell,2.937e-05,156.0,0.00458172
MDA/BTC,1606438803723,2020-11-27T01:00:03.723Z,sell,2.936e-05,944.0,0.02771584
MDA/BTC,1606438924656,2020-11-27T01:02:04.656Z,sell,2.935e-05,60.0,0.001761
MDA/BTC,1606438927517,2020-11-27T01:02:07.517Z,sell,2.935e-05,5.0,0.00014675
MDA/BTC,1606438973397,2020-11-27T01:02:53.397Z,sell,2.931e-05,36.0,0.0010551599999999999
MDA/BTC,1606438973397,2020-11-27T01:02:53.397Z,sell,2.931e-05,36.0,0.0010551599999999999
MDA/BTC,1606439266761,2020-11-27T01:07:46.761Z,buy,2.964e-05,167.0,0.00494988
MDA/BTC,1606439266761,2020-11-27T01:07:46.761Z,buy,2.967e-05,688.0,0.02041296
MDA/BTC,1606439266761,2020-11-27T01:07:46.761Z,buy,2.968e-05,2169.0,0.06437592
MDA/BTC,1606439720449,2020-11-27T01:15:20.449Z,buy,2.972e-05,7.0,0.00020804
MDA/BTC,1606440569590,2020-11-27T01:29:29.590Z,buy,2.972e-05,93.0,0.00276396
MDA/BTC,1606440569590,2020-11-27T01:29:29.590Z,buy,2.983e-05,432.0,0.01288656
MDA/BTC,1606440569590,2020-11-27T01:29:29.590Z,buy,2.984e-05,688.0,0.02052992
MDA/BTC,1606440569590,2020-11-27T01:29:29.590Z,buy,2.985e-05,334.0,0.0099699
MDA/BTC,1606440569590,2020-11-27T01:29:29.590Z,buy,2.993e-05,135.0,0.00404055
MDA/BTC,1606440569590,2020-11-27T01:29:29.590Z,buy,2.995e-05,231.0,0.00691845
MDA/BTC,1606440640674,2020-11-27T01:30:40.674Z,sell,2.987e-05,7.0,0.00020909
MDA/BTC,1606440640674,2020-11-27T01:30:40.674Z,sell,2.973e-05,1073.0,0.031900290000000005
MDA/BTC,1606440640674,2020-11-27T01:30:40.674Z,sell,2.972e-05,297.0,0.00882684
MDA/BTC,1606440640674,2020-11-27T01:30:40.674Z,sell,2.97e-05,2120.0,0.062964
MDA/BTC,1606440640674,2020-11-27T01:30:40.674Z,sell,2.963e-05,295.0,0.00874085
MDA/BTC,1606440640778,2020-11-27T01:30:40.778Z,buy,2.962e-05,4.0,0.00011848
MDA/BTC,1606440640973,2020-11-27T01:30:40.973Z,buy,2.962e-05,2421.0,0.07171002
MDA/BTC,1606440641165,2020-11-27T01:30:41.165Z,buy,2.962e-05,783.0,0.02319246
MDA/BTC,1606440651353,2020-11-27T01:30:51.353Z,sell,2.954e-05,90.0,0.0026585999999999997
MDA/BTC,1606440698437,2020-11-27T01:31:38.437Z,sell,2.965e-05,10.0,0.0002965
MDA/BTC,1606440712224,2020-11-27T01:31:52.224Z,buy,2.963e-05,153.0,0.00453339
MDA/BTC,1606440791959,2020-11-27T01:33:11.959Z,sell,2.963e-05,116.0,0.00343708
MDA/BTC,1606440911948,2020-11-27T01:35:11.948Z,buy,2.995e-05,10.0,0.0002995
MDA/BTC,1606440916968,2020-11-27T01:35:16.968Z,buy,2.993e-05,8.0,0.00023944
MDA/BTC,1606441301247,2020-11-27T01:41:41.247Z,sell,2.962e-05,135.0,0.0039987
MDA/BTC,1606441301301,2020-11-27T01:41:41.301Z,buy,2.962e-05,72.0,0.00213264
MDA/BTC,1606441301398,2020-11-27T01:41:41.398Z,buy,2.962e-05,36.0,0.00106632
MDA/BTC,1606441335115,2020-11-27T01:42:15.115Z,sell,2.955e-05,19.0,0.00056145
MDA/BTC,1606442402883,2020-11-27T02:00:02.883Z,buy,2.977e-05,135.0,0.00401895
MDA/BTC,1606442402883,2020-11-27T02:00:02.883Z,buy,2.98e-05,688.0,0.0205024
MDA/BTC,1606442402883,2020-11-27T02:00:02.883Z,buy,2.981e-05,375.0,0.011178750000000001
MDA/BTC,1606442402883,2020-11-27T02:00:02.883Z,buy,2.977e-05,135.0,0.00401895
MDA/BTC,1606442402883,2020-11-27T02:00:02.883Z,buy,2.98e-05,688.0,0.0205024
MDA/BTC,1606442402883,2020-11-27T02:00:02.883Z,buy,2.981e-05,375.0,0.011178750000000001
MDA/BTC,1606442767273,2020-11-27T02:06:07.273Z,buy,2.981e-05,4.0,0.00011924
MDA/BTC,1606443017732,2020-11-27T02:10:17.732Z,buy,2.996e-05,152.0,0.00455392
MDA/BTC,1606443017732,2020-11-27T02:10:17.732Z,buy,2.997e-05,276.0,0.00827172
MDA/BTC,1606443017732,2020-11-27T02:10:17.732Z,buy,2.998e-05,1203.0,0.03606594
MDA/BTC,1606443017753,2020-11-27T02:10:17.753Z,sell,2.998e-05,540.0,0.0161892
MDA/BTC,1606443445079,2020-11-27T02:17:25.079Z,sell,2.981e-05,330.0,0.0098373
MDA/BTC,1606443736518,2020-11-27T02:22:16.518Z,sell,2.981e-05,5.0,0.00014905000000000002
MDA/BTC,1606443736518,2020-11-27T02:22:16.518Z,sell,2.981e-05,5.0,0.00014905000000000002
MDA/BTC,1606446093634,2020-11-27T03:01:33.634Z,sell,2.953e-05,38.0,0.00112214
MDA/BTC,1606447315985,2020-11-27T03:21:55.985Z,sell,2.953e-05,4.0,0.00011812
MDA/BTC,1606447315985,2020-11-27T03:21:55.985Z,sell,2.953e-05,4.0,0.00011812
MDA/BTC,1606447686775,2020-11-27T03:28:06.775Z,sell,2.946e-05,133.0,0.00391818
MDA/BTC,1606447686838,2020-11-27T03:28:06.838Z,buy,2.946e-05,66.0,0.00194436
MDA/BTC,1606447853408,2020-11-27T03:30:53.408Z,sell,2.944e-05,100.0,0.002944
MDA/BTC,1606447880244,2020-11-27T03:31:20.244Z,buy,2.944e-05,46.0,0.00135424
MDA/BTC,1606447922596,2020-11-27T03:32:02.596Z,sell,2.943e-05,79.0,0.00232497
MDA/BTC,1606449815374,2020-11-27T04:03:35.374Z,sell,2.943e-05,4.0,0.00011772
MDA/BTC,1606449815447,2020-11-27T04:03:35.447Z,buy,2.943e-05,90.0,0.0026487
MDA/BTC,1606449815478,2020-11-27T04:03:35.478Z,buy,2.943e-05,46.0,0.00135378
MDA/BTC,1606449822148,2020-11-27T04:03:42.148Z,buy,2.942e-05,47.0,0.00138274
MDA/BTC,1606449826741,2020-11-27T04:03:46.741Z,buy,2.943e-05,44.0,0.00129492
MDA/BTC,1606449826853,2020-11-27T04:03:46.853Z,buy,2.943e-05,90.0,0.0026487
MDA/BTC,1606449826861,2020-11-27T04:03:46.861Z,buy,2.943e-05,67.0,0.00197181
MDA/BTC,1606449853725,2020-11-27T04:04:13.725Z,buy,2.943e-05,127.0,0.00373761
MDA/BTC,1606450324704,2020-11-27T04:12:04.704Z,sell,2.946e-05,392.0,0.011548319999999999
MDA/BTC,1606450324704,2020-11-27T04:12:04.704Z,sell,2.945e-05,603.0,0.01775835
MDA/BTC,1606450324704,2020-11-27T04:12:04.704Z,sell,2.944e-05,300.0,0.008832
MDA/BTC,1606450456910,2020-11-27T04:14:16.910Z,buy,2.966e-05,133.0,0.00394478
MDA/BTC,1606450456910,2020-11-27T04:14:16.910Z,buy,2.972e-05,100.0,0.002972
MDA/BTC,1606450456910,2020-11-27T04:14:16.910Z,buy,2.984e-05,49.0,0.00146216
MDA/BTC,1606450456910,2020-11-27T04:14:16.910Z,buy,2.985e-05,38.0,0.0011343
MDA/BTC,1606450456910,2020-11-27T04:14:16.910Z,buy,2.988e-05,160.0,0.0047808
MDA/BTC,1606450881225,2020-11-27T04:21:21.225Z,sell,2.953e-05,4.0,0.00011812
MDA/BTC,1606450881225,2020-11-27T04:21:21.225Z,sell,2.953e-05,4.0,0.00011812
MDA/BTC,1606450941300,2020-11-27T04:22:21.300Z,sell,2.945e-05,29.0,0.0008540500000000001
MDA/BTC,1606451294805,2020-11-27T04:28:14.805Z,sell,2.962e-05,52.0,0.00154024
MDA/BTC,1606451468288,2020-11-27T04:31:08.288Z,sell,2.962e-05,4.0,0.00011848
MDA/BTC,1606452611651,2020-11-27T04:50:11.651Z,buy,2.962e-05,4.0,0.00011848
MDA/BTC,1606453003723,2020-11-27T04:56:43.723Z,buy,2.976e-05,392.0,0.01166592
MDA/BTC,1606453003723,2020-11-27T04:56:43.723Z,buy,2.984e-05,30.0,0.0008952
MDA/BTC,1606453003723,2020-11-27T04:56:43.723Z,buy,2.985e-05,4.0,0.0001194
MDA/BTC,1606453003723,2020-11-27T04:56:43.723Z,buy,2.997e-05,578.0,0.01732266
MDA/BTC,1606453003723,2020-11-27T04:56:43.723Z,buy,2.998e-05,133.0,0.00398734
MDA/BTC,1606453003723,2020-11-27T04:56:43.723Z,buy,2.999e-05,863.0,0.02588137
MDA/BTC,1606453003723,2020-11-27T04:56:43.723Z,sell,2.954e-05,129.0,0.00381066
MDA/BTC,1606453003723,2020-11-27T04:56:43.723Z,sell,2.953e-05,18.0,0.00053154
MDA/BTC,1606453003771,2020-11-27T04:56:43.771Z,buy,2.953e-05,188.0,0.00555164
MDA/BTC,1606453566218,2020-11-27T05:06:06.218Z,sell,2.975e-05,111.0,0.00330225
MDA/BTC,1606453566218,2020-11-27T05:06:06.218Z,sell,2.975e-05,111.0,0.00330225
MDA/BTC,1606456679503,2020-11-27T05:57:59.503Z,sell,2.979e-05,5.0,0.00014895000000000002
MDA/BTC,1606456679503,2020-11-27T05:57:59.503Z,sell,2.976e-05,108.0,0.00321408
MDA/BTC,1606457130578,2020-11-27T06:05:30.578Z,buy,2.999e-05,129.0,0.00386871
MDA/BTC,1606457130578,2020-11-27T06:05:30.578Z,buy,3e-05,190.0,0.0057
MDA/BTC,1606457130578,2020-11-27T06:05:30.578Z,buy,3.009e-05,18.0,0.00054162
MDA/BTC,1606457130578,2020-11-27T06:05:30.578Z,buy,3.01e-05,127.0,0.0038227
MDA/BTC,1606457130578,2020-11-27T06:05:30.578Z,buy,3.016e-05,126.0,0.00380016
MDA/BTC,1606457130578,2020-11-27T06:05:30.578Z,buy,2.999e-05,129.0,0.00386871
MDA/BTC,1606457130578,2020-11-27T06:05:30.578Z,buy,3e-05,190.0,0.0057
MDA/BTC,1606457130578,2020-11-27T06:05:30.578Z,buy,3.009e-05,18.0,0.00054162
MDA/BTC,1606457130578,2020-11-27T06:05:30.578Z,buy,3.01e-05,127.0,0.0038227
MDA/BTC,1606457130578,2020-11-27T06:05:30.578Z,buy,3.016e-05,126.0,0.00380016
MDA/BTC,1606457200155,2020-11-27T06:06:40.155Z,buy,3.015e-05,578.0,0.0174267
MDA/BTC,1606457453432,2020-11-27T06:10:53.432Z,sell,2.997e-05,262.0,0.00785214
MDA/BTC,1606457453468,2020-11-27T06:10:53.468Z,sell,2.997e-05,45.0,0.00134865
MDA/BTC,1606457453468,2020-11-27T06:10:53.468Z,sell,2.995e-05,45.0,0.00134775
MDA/BTC,1606457566089,2020-11-27T06:12:46.089Z,sell,2.996e-05,178.0,0.00533288
MDA/BTC,1606457566089,2020-11-27T06:12:46.089Z,sell,2.993e-05,174.0,0.00520782
MDA/BTC,1606457566089,2020-11-27T06:12:46.089Z,sell,2.992e-05,678.0,0.02028576
MDA/BTC,1606457567301,2020-11-27T06:12:47.301Z,buy,2.992e-05,599.0,0.01792208
MDA/BTC,1606457567496,2020-11-27T06:12:47.496Z,buy,2.992e-05,53.0,0.00158576
MDA/BTC,1606458275549,2020-11-27T06:24:35.549Z,sell,2.992e-05,162.0,0.00484704
MDA/BTC,1606458275549,2020-11-27T06:24:35.549Z,sell,2.991e-05,234.0,0.00699894
MDA/BTC,1606459024717,2020-11-27T06:37:04.717Z,sell,2.991e-05,90.0,0.0026919
MDA/BTC,1606459036889,2020-11-27T06:37:16.889Z,sell,2.991e-05,258.0,0.00771678
MDA/BTC,1606459812243,2020-11-27T06:50:12.243Z,sell,2.991e-05,4.0,0.00011964
MDA/BTC,1606459812243,2020-11-27T06:50:12.243Z,sell,2.991e-05,4.0,0.00011964
MDA/BTC,1606461439257,2020-11-27T07:17:19.257Z,sell,2.991e-05,293.0,0.00876363
MDA/BTC,1606461439257,2020-11-27T07:17:19.257Z,sell,2.99e-05,1120.0,0.033488
MDA/BTC,1606462892188,2020-11-27T07:41:32.188Z,sell,2.99e-05,26.0,0.0007773999999999999
MDA/BTC,1606462979396,2020-11-27T07:42:59.396Z,sell,2.98e-05,44.0,0.0013112
MDA/BTC,1606463267991,2020-11-27T07:47:47.991Z,sell,2.972e-05,100.0,0.002972
MDA/BTC,1606463278907,2020-11-27T07:47:58.907Z,sell,2.97e-05,26.0,0.0007722
MDA/BTC,1606463294806,2020-11-27T07:48:14.806Z,sell,2.953e-05,5.0,0.00014765
MDA/BTC,1606463295350,2020-11-27T07:48:15.350Z,sell,2.953e-05,19.0,0.00056107
MDA/BTC,1606463295660,2020-11-27T07:48:15.660Z,sell,2.953e-05,69.0,0.00203757
MDA/BTC,1606463296571,2020-11-27T07:48:16.571Z,sell,2.952e-05,26.0,0.0007675199999999999
MDA/BTC,1606463300239,2020-11-27T07:48:20.239Z,sell,2.953e-05,20.0,0.0005906
MDA/BTC,1606463311208,2020-11-27T07:48:31.208Z,sell,2.953e-05,428.0,0.01263884
MDA/BTC,1606463311208,2020-11-27T07:48:31.208Z,sell,2.953e-05,428.0,0.01263884
MDA/BTC,1606463884990,2020-11-27T07:58:04.990Z,buy,2.98e-05,128.0,0.0038144
MDA/BTC,1606463884990,2020-11-27T07:58:04.990Z,buy,2.981e-05,47.0,0.0014010700000000001
MDA/BTC,1606463884990,2020-11-27T07:58:04.990Z,buy,2.982e-05,8.0,0.00023856
MDA/BTC,1606463885005,2020-11-27T07:58:05.005Z,buy,2.982e-05,18.0,0.00053676
MDA/BTC,1606463886327,2020-11-27T07:58:06.327Z,buy,2.98e-05,322.0,0.0095956
MDA/BTC,1606463886358,2020-11-27T07:58:06.358Z,buy,2.98e-05,4.0,0.0001192
MDA/BTC,1606463886529,2020-11-27T07:58:06.529Z,buy,2.978e-05,278.0,0.008278839999999999
MDA/BTC,1606463914808,2020-11-27T07:58:34.808Z,buy,2.978e-05,72.0,0.00214416
MDA/BTC,1606463915889,2020-11-27T07:58:35.889Z,buy,2.978e-05,129.0,0.00384162
MDA/BTC,1606464053521,2020-11-27T08:00:53.521Z,sell,2.965e-05,132.0,0.0039138
MDA/BTC,1606464068104,2020-11-27T08:01:08.104Z,sell,2.965e-05,16.0,0.0004744
MDA/BTC,1606464235364,2020-11-27T08:03:55.364Z,sell,2.947e-05,34.0,0.00100198
MDA/BTC,1606464236501,2020-11-27T08:03:56.501Z,buy,2.96e-05,155.0,0.004588
MDA/BTC,1606464237012,2020-11-27T08:03:57.012Z,sell,2.948e-05,110.0,0.0032427999999999997
