symbol,timestamp,datetime,side,price,amount,btc_volume
MDA/BTC,1609520563993,2021-01-01T17:02:43.993Z,sell,1.756e-05,53.0,0.00093068
MDA/BTC,1609520579059,2021-01-01T17:02:59.059Z,sell,1.74e-05,7.0,0.00012179999999999999
MDA/BTC,1609520579354,2021-01-01T17:02:59.354Z,buy,1.738e-05,29.0,0.00050402
MDA/BTC,1609520579754,2021-01-01T17:02:59.754Z,buy,1.741e-05,1161.0,0.02021301
MDA/BTC,1609520583481,2021-01-01T17:03:03.481Z,buy,1.741e-05,260.0,0.0045266
MDA/BTC,1609520709542,2021-01-01T17:05:09.542Z,buy,1.755e-05,29.0,0.00050895
MDA/BTC,1609520798138,2021-01-01T17:06:38.138Z,sell,1.75e-05,6.0,0.00010499999999999999
MDA/BTC,1609521124071,2021-01-01T17:12:04.071Z,buy,1.743e-05,114.0,0.00198702
MDA/BTC,1609521124201,2021-01-01T17:12:04.201Z,buy,1.743e-05,51.0,0.00088893
MDA/BTC,1609521131356,2021-01-01T17:12:11.356Z,buy,1.751e-05,16.0,0.00028016
MDA/BTC,1609521793105,2021-01-01T17:23:13.105Z,sell,1.749e-05,114.0,0.00199386
MDA/BTC,1609521824558,2021-01-01T17:23:44.558Z,sell,1.75e-05,51.0,0.0008925
MDA/BTC,1609522222425,2021-01-01T17:30:22.425Z,sell,1.75e-05,6.0,0.00010499999999999999
MDA/BTC,1609522236835,2021-01-01T17:30:36.835Z,buy,1.741e-05,1716.0,0.029875560000000002
MDA/BTC,1609522397851,2021-01-01T17:33:17.851Z,sell,1.748e-05,39.0,0.0006817199999999999
MDA/BTC,1609522625747,2021-01-01T17:37:05.747Z,buy,1.751e-05,20.0,0.0003502
MDA/BTC,1609522770693,2021-01-01T17:39:30.693Z,sell,1.738e-05,62.0,0.00107756
MDA/BTC,1609522770693,2021-01-01T17:39:30.693Z,sell,1.732e-05,330.0,0.0057156
MDA/BTC,1609522770693,2021-01-01T17:39:30.693Z,sell,1.723e-05,20.0,0.0003446
MDA/BTC,1609522770693,2021-01-01T17:39:30.693Z,sell,1.72e-05,1045.0,0.017974
MDA/BTC,1609522770693,2021-01-01T17:39:30.693Z,sell,1.719e-05,549.0,0.009437309999999999
MDA/BTC,1609522776109,2021-01-01T17:39:36.109Z,buy,1.733e-05,170.0,0.0029460999999999997
MDA/BTC,1609522776123,2021-01-01T17:39:36.123Z,buy,1.733e-05,216.0,0.00374328
MDA/BTC,1609522777094,2021-01-01T17:39:37.094Z,buy,1.733e-05,125.0,0.0021662499999999998
MDA/BTC,1609522777105,2021-01-01T17:39:37.105Z,buy,1.733e-05,127.0,0.00220091
MDA/BTC,1609522778120,2021-01-01T17:39:38.120Z,buy,1.731e-05,162.0,0.0028042199999999996
MDA/BTC,1609522778148,2021-01-01T17:39:38.148Z,buy,1.731e-05,160.0,0.0027695999999999997
MDA/BTC,1609522825092,2021-01-01T17:40:25.092Z,buy,1.714e-05,64.0,0.00109696
MDA/BTC,1609523132494,2021-01-01T17:45:32.494Z,sell,1.725e-05,428.0,0.007383
MDA/BTC,1609523187351,2021-01-01T17:46:27.351Z,sell,1.725e-05,1190.0,0.0205275
MDA/BTC,1609523191001,2021-01-01T17:46:31.001Z,sell,1.725e-05,14.0,0.0002415
MDA/BTC,1609523677126,2021-01-01T17:54:37.126Z,sell,1.716e-05,30.0,0.0005147999999999999
MDA/BTC,1609523677126,2021-01-01T17:54:37.126Z,sell,1.716e-05,30.0,0.0005147999999999999
MDA/BTC,1609524190233,2021-01-01T18:03:10.233Z,buy,1.72e-05,4523.0,0.0777956
MDA/BTC,1609524520216,2021-01-01T18:08:40.216Z,buy,1.74e-05,107.0,0.0018618
MDA/BTC,1609524522863,2021-01-01T18:08:42.863Z,buy,1.742e-05,20.0,0.0003484
MDA/BTC,1609524584898,2021-01-01T18:09:44.898Z,sell,1.74e-05,708.0,0.012319199999999999
MDA/BTC,1609524609260,2021-01-01T18:10:09.260Z,sell,1.722e-05,8.0,0.00013776
MDA/BTC,1609524955638,2021-01-01T18:15:55.638Z,sell,1.724e-05,181.0,0.0031204400000000004
MDA/BTC,1609525470580,2021-01-01T18:24:30.580Z,buy,1.725e-05,103.0,0.00177675
MDA/BTC,1609525538597,2021-01-01T18:25:38.597Z,sell,1.724e-05,92.0,0.0015860800000000001
MDA/BTC,1609526362152,2021-01-01T18:39:22.152Z,buy,1.725e-05,63.0,0.00108675
MDA/BTC,1609526450192,2021-01-01T18:40:50.192Z,sell,1.724e-05,443.0,0.00763732
MDA/BTC,1609526488833,2021-01-01T18:41:28.833Z,sell,1.724e-05,30.0,0.0005172
MDA/BTC,1609526525314,2021-01-01T18:42:05.314Z,sell,1.724e-05,83.0,0.00143092
MDA/BTC,1609526525727,2021-01-01T18:42:05.727Z,sell,1.716e-05,399.0,0.006846839999999999
MDA/BTC,1609526526116,2021-01-01T18:42:06.116Z,sell,1.712e-05,820.0,0.0140384
MDA/BTC,1609526532963,2021-01-01T18:42:12.963Z,sell,1.712e-05,64.0,0.00109568
MDA/BTC,1609526559429,2021-01-01T18:42:39.429Z,sell,1.704e-05,3157.0,0.05379528
MDA/BTC,1609526669828,2021-01-01T18:44:29.828Z,sell,1.711e-05,6.0,0.00010266
MDA/BTC,1609526669828,2021-01-01T18:44:29.828Z,sell,1.702e-05,172.0,0.00292744
MDA/BTC,1609526669828,2021-01-01T18:44:29.828Z,sell,1.701e-05,15.0,0.00025515
MDA/BTC,1609526669828,2021-01-01T18:44:29.828Z,sell,1.7e-05,2029.0,0.034493
MDA/BTC,1609526669828,2021-01-01T18:44:29.828Z,sell,1.7e-05,37.0,0.000629
MDA/BTC,1609526719575,2021-01-01T18:45:19.575Z,buy,1.706e-05,66.0,0.0011259599999999999
MDA/BTC,1609526999029,2021-01-01T18:49:59.029Z,sell,1.701e-05,19.0,0.00032319
MDA/BTC,1609527094578,2021-01-01T18:51:34.578Z,buy,1.698e-05,12.0,0.00020376
MDA/BTC,1609527127966,2021-01-01T18:52:07.966Z,buy,1.698e-05,3.0,5.094e-05
MDA/BTC,1609527129846,2021-01-01T18:52:09.846Z,buy,1.702e-05,8.0,0.00013616
MDA/BTC,1609527133830,2021-01-01T18:52:13.830Z,sell,1.698e-05,3.0,5.094e-05
MDA/BTC,1609527133830,2021-01-01T18:52:13.830Z,sell,1.695e-05,5.0,8.475e-05
MDA/BTC,1609527183618,2021-01-01T18:53:03.618Z,sell,1.695e-05,10.0,0.0001695
MDA/BTC,1609527183618,2021-01-01T18:53:03.618Z,sell,1.694e-05,504.0,0.00853776
MDA/BTC,1609527214710,2021-01-01T18:53:34.710Z,sell,1.69e-05,230.0,0.0038870000000000003
MDA/BTC,1609527214710,2021-01-01T18:53:34.710Z,sell,1.689e-05,498.0,0.008411219999999999
MDA/BTC,1609527214710,2021-01-01T18:53:34.710Z,sell,1.69e-05,230.0,0.0038870000000000003
MDA/BTC,1609527214710,2021-01-01T18:53:34.710Z,sell,1.689e-05,498.0,0.008411219999999999
MDA/BTC,1609527860574,2021-01-01T19:04:20.574Z,sell,1.69e-05,221.0,0.0037349
MDA/BTC,1609528087931,2021-01-01T19:08:07.931Z,sell,1.691e-05,201.0,0.0033989099999999998
MDA/BTC,1609528087931,2021-01-01T19:08:07.931Z,sell,1.69e-05,102.0,0.0017238000000000002
MDA/BTC,1609528533747,2021-01-01T19:15:33.747Z,buy,1.696e-05,64.0,0.00108544
MDA/BTC,1609528539331,2021-01-01T19:15:39.331Z,buy,1.696e-05,55.0,0.0009328
MDA/BTC,1609528539729,2021-01-01T19:15:39.729Z,buy,1.697e-05,98.0,0.0016630599999999998
MDA/BTC,1609528651332,2021-01-01T19:17:31.332Z,buy,1.7e-05,165.0,0.0028049999999999998
MDA/BTC,1609528651975,2021-01-01T19:17:31.975Z,buy,1.703e-05,911.0,0.015514330000000002
MDA/BTC,1609529252324,2021-01-01T19:27:32.324Z,sell,1.692e-05,77.0,0.00130284
MDA/BTC,1609529745940,2021-01-01T19:35:45.940Z,sell,1.698e-05,27.0,0.00045846
MDA/BTC,1609529984100,2021-01-01T19:39:44.100Z,sell,1.69e-05,101.0,0.0017069000000000001
MDA/BTC,1609529984100,2021-01-01T19:39:44.100Z,sell,1.689e-05,77.0,0.00130053
MDA/BTC,1609530058399,2021-01-01T19:40:58.399Z,sell,1.69e-05,27.0,0.00045630000000000003
MDA/BTC,1609530058399,2021-01-01T19:40:58.399Z,sell,1.69e-05,27.0,0.00045630000000000003
MDA/BTC,1609531312626,2021-01-01T20:01:52.626Z,buy,1.719e-05,473.0,0.00813087
MDA/BTC,1609531513701,2021-01-01T20:05:13.701Z,buy,1.719e-05,6.0,0.00010313999999999999
MDA/BTC,1609531514702,2021-01-01T20:05:14.702Z,buy,1.722e-05,18.0,0.00030996
MDA/BTC,1609531542903,2021-01-01T20:05:42.903Z,buy,1.725e-05,64.0,0.001104
MDA/BTC,1609531566854,2021-01-01T20:06:06.854Z,sell,1.727e-05,71.0,0.00122617
MDA/BTC,1609531627905,2021-01-01T20:07:07.905Z,sell,1.733e-05,6.0,0.00010397999999999999
MDA/BTC,1609531713333,2021-01-01T20:08:33.333Z,sell,1.734e-05,63.0,0.00109242
MDA/BTC,1609531924301,2021-01-01T20:12:04.301Z,sell,1.715e-05,79.0,0.00135485
MDA/BTC,1609531929383,2021-01-01T20:12:09.383Z,sell,1.718e-05,64.0,0.00109952
MDA/BTC,1609531985892,2021-01-01T20:13:05.892Z,buy,1.703e-05,576.0,0.00980928
MDA/BTC,1609532361353,2021-01-01T20:19:21.353Z,buy,1.723e-05,796.0,0.01371508
MDA/BTC,1609532361353,2021-01-01T20:19:21.353Z,buy,1.724e-05,841.0,0.01449884
MDA/BTC,1609532361353,2021-01-01T20:19:21.353Z,buy,1.725e-05,4471.0,0.07712474999999999
MDA/BTC,1609532361353,2021-01-01T20:19:21.353Z,buy,1.729e-05,64.0,0.00110656
MDA/BTC,1609532361353,2021-01-01T20:19:21.353Z,buy,1.73e-05,58.0,0.0010034
MDA/BTC,1609532361353,2021-01-01T20:19:21.353Z,buy,1.731e-05,3670.0,0.06352769999999999
MDA/BTC,1609532370918,2021-01-01T20:19:30.918Z,sell,1.717e-05,6.0,0.00010302
MDA/BTC,1609532370918,2021-01-01T20:19:30.918Z,sell,1.708e-05,8.0,0.00013664
MDA/BTC,1609532441598,2021-01-01T20:20:41.598Z,buy,1.731e-05,838.0,0.01450578
MDA/BTC,1609532441598,2021-01-01T20:20:41.598Z,buy,1.732e-05,176.0,0.00304832
MDA/BTC,1609532441598,2021-01-01T20:20:41.598Z,buy,1.742e-05,693.0,0.012072059999999999
MDA/BTC,1609532441598,2021-01-01T20:20:41.598Z,buy,1.744e-05,240.0,0.004185599999999999
MDA/BTC,1609532441598,2021-01-01T20:20:41.598Z,buy,1.746e-05,342.0,0.00597132
MDA/BTC,1609532441598,2021-01-01T20:20:41.598Z,buy,1.748e-05,296.0,0.005174079999999999
MDA/BTC,1609532441598,2021-01-01T20:20:41.598Z,buy,1.749e-05,182.0,0.00318318
MDA/BTC,1609532441598,2021-01-01T20:20:41.598Z,buy,1.75e-05,398.0,0.006964999999999999
MDA/BTC,1609532441598,2021-01-01T20:20:41.598Z,buy,1.756e-05,576.0,0.010114560000000002
MDA/BTC,1609532449044,2021-01-01T20:20:49.044Z,sell,1.718e-05,13.0,0.00022334
MDA/BTC,1609532514126,2021-01-01T20:21:54.126Z,buy,1.761e-05,226.0,0.00397986
MDA/BTC,1609532514126,2021-01-01T20:21:54.126Z,buy,1.762e-05,3653.0,0.06436586
MDA/BTC,1609532514126,2021-01-01T20:21:54.126Z,buy,1.764e-05,127.0,0.00224028
MDA/BTC,1609532518922,2021-01-01T20:21:58.922Z,sell,1.764e-05,90.0,0.0015876
MDA/BTC,1609532519308,2021-01-01T20:21:59.308Z,sell,1.764e-05,16.0,0.00028224
MDA/BTC,1609532530391,2021-01-01T20:22:10.391Z,sell,1.726e-05,27.0,0.00046602000000000004
MDA/BTC,1609532537019,2021-01-01T20:22:17.019Z,buy,1.76e-05,1412.0,0.0248512
MDA/BTC,1609532543499,2021-01-01T20:22:23.499Z,sell,1.74e-05,7.0,0.00012179999999999999
MDA/BTC,1609532543499,2021-01-01T20:22:23.499Z,sell,1.727e-05,17.0,0.00029359
MDA/BTC,1609532765112,2021-01-01T20:26:05.112Z,buy,1.762e-05,7.0,0.00012334
MDA/BTC,1609532773949,2021-01-01T20:26:13.949Z,sell,1.762e-05,62.0,0.00109244
MDA/BTC,1609532887902,2021-01-01T20:28:07.902Z,sell,1.765e-05,6.0,0.0001059
MDA/BTC,1609533004097,2021-01-01T20:30:04.097Z,sell,1.771e-05,35.0,0.00061985
MDA/BTC,1609533053650,2021-01-01T20:30:53.650Z,sell,1.774e-05,164.0,0.0029093599999999997
MDA/BTC,1609533053650,2021-01-01T20:30:53.650Z,sell,1.773e-05,814.0,0.01443222
MDA/BTC,1609533053650,2021-01-01T20:30:53.650Z,sell,1.772e-05,339.0,0.00600708
MDA/BTC,1609533053650,2021-01-01T20:30:53.650Z,sell,1.77e-05,105.0,0.0018585
MDA/BTC,1609533054373,2021-01-01T20:30:54.373Z,sell,1.762e-05,215.0,0.0037883
MDA/BTC,1609533063170,2021-01-01T20:31:03.170Z,sell,1.75e-05,381.0,0.0066675
MDA/BTC,1609533157306,2021-01-01T20:32:37.306Z,buy,1.747e-05,222.0,0.00387834
MDA/BTC,1609533157306,2021-01-01T20:32:37.306Z,buy,1.748e-05,23.0,0.00040204
MDA/BTC,1609533157306,2021-01-01T20:32:37.306Z,buy,1.749e-05,688.0,0.01203312
MDA/BTC,1609533157306,2021-01-01T20:32:37.306Z,buy,1.75e-05,433.0,0.007577499999999999
MDA/BTC,1609533169242,2021-01-01T20:32:49.242Z,buy,1.762e-05,381.0,0.006713220000000001
MDA/BTC,1609533169242,2021-01-01T20:32:49.242Z,buy,1.766e-05,106.0,0.00187196
MDA/BTC,1609533169242,2021-01-01T20:32:49.242Z,buy,1.767e-05,811.0,0.014330369999999999
MDA/BTC,1609533173343,2021-01-01T20:32:53.343Z,buy,1.767e-05,448.0,0.007916159999999998
MDA/BTC,1609533178392,2021-01-01T20:32:58.392Z,sell,1.746e-05,12.0,0.00020951999999999999
MDA/BTC,1609533183877,2021-01-01T20:33:03.877Z,sell,1.772e-05,79.0,0.00139988
MDA/BTC,1609533302402,2021-01-01T20:35:02.402Z,sell,1.747e-05,33.0,0.00057651
MDA/BTC,1609533322552,2021-01-01T20:35:22.552Z,sell,1.765e-05,688.0,0.0121432
MDA/BTC,1609533322552,2021-01-01T20:35:22.552Z,sell,1.764e-05,120.0,0.0021168000000000003
MDA/BTC,1609533338411,2021-01-01T20:35:38.411Z,buy,1.744e-05,6.0,0.00010464
MDA/BTC,1609533369191,2021-01-01T20:36:09.191Z,sell,1.773e-05,75.0,0.0013297500000000002
MDA/BTC,1609533369248,2021-01-01T20:36:09.248Z,sell,1.773e-05,65.0,0.0011524500000000002
MDA/BTC,1609533377684,2021-01-01T20:36:17.684Z,buy,1.781e-05,17.0,0.00030277
MDA/BTC,1609533377684,2021-01-01T20:36:17.684Z,buy,1.781e-05,17.0,0.00030277
MDA/BTC,1609533677333,2021-01-01T20:41:17.333Z,buy,1.767e-05,77.0,0.0013605899999999998
MDA/BTC,1609534155704,2021-01-01T20:49:15.704Z,buy,1.767e-05,166.0,0.00293322
MDA/BTC,1609534174707,2021-01-01T20:49:34.707Z,buy,1.784e-05,7.0,0.00012487999999999998
MDA/BTC,1609534200578,2021-01-01T20:50:00.578Z,sell,1.785e-05,347.0,0.00619395
MDA/BTC,1609534200851,2021-01-01T20:50:00.851Z,sell,1.784e-05,6.0,0.00010703999999999999
MDA/BTC,1609534211932,2021-01-01T20:50:11.932Z,sell,1.784e-05,61.0,0.0010882399999999999
MDA/BTC,1609534211953,2021-01-01T20:50:11.953Z,buy,1.792e-05,79.0,0.00141568
MDA/BTC,1609534211953,2021-01-01T20:50:11.953Z,buy,1.793e-05,87.0,0.0015599099999999999
MDA/BTC,1609534213529,2021-01-01T20:50:13.529Z,buy,1.795e-05,10.0,0.0001795
MDA/BTC,1609534244129,2021-01-01T20:50:44.129Z,buy,1.804e-05,194.0,0.00349976
MDA/BTC,1609534247248,2021-01-01T20:50:47.248Z,buy,1.804e-05,16.0,0.00028864
MDA/BTC,1609534470827,2021-01-01T20:54:30.827Z,buy,1.797e-05,6.0,0.00010782
MDA/BTC,1609534470827,2021-01-01T20:54:30.827Z,buy,1.804e-05,175.0,0.003157
MDA/BTC,1609534576035,2021-01-01T20:56:16.035Z,buy,1.802e-05,6.0,0.00010812
MDA/BTC,1609534596516,2021-01-01T20:56:36.516Z,buy,1.804e-05,7.0,0.00012628
MDA/BTC,1609534638684,2021-01-01T20:57:18.684Z,buy,1.803e-05,6.0,0.00010817999999999998
MDA/BTC,1609534638684,2021-01-01T20:57:18.684Z,buy,1.805e-05,6.0,0.0001083
MDA/BTC,1609534934331,2021-01-01T21:02:14.331Z,buy,1.804e-05,6.0,0.00010824000000000001
MDA/BTC,1609534956850,2021-01-01T21:02:36.850Z,sell,1.787e-05,7.0,0.00012509
MDA/BTC,1609534956850,2021-01-01T21:02:36.850Z,sell,1.786e-05,15.0,0.00026789999999999995
MDA/BTC,1609535437620,2021-01-01T21:10:37.620Z,sell,1.792e-05,6.0,0.00010752
MDA/BTC,1609535437620,2021-01-01T21:10:37.620Z,sell,1.79e-05,8.0,0.0001432
MDA/BTC,1609536226472,2021-01-01T21:23:46.472Z,buy,1.803e-05,8.0,0.00014424
MDA/BTC,1609536226472,2021-01-01T21:23:46.472Z,buy,1.804e-05,10.0,0.0001804
MDA/BTC,1609536941598,2021-01-01T21:35:41.598Z,buy,1.804e-05,36.0,0.00064944
MDA/BTC,1609536941598,2021-01-01T21:35:41.598Z,buy,1.805e-05,3.0,5.415e-05
MDA/BTC,1609536941598,2021-01-01T21:35:41.598Z,buy,1.804e-05,36.0,0.00064944
MDA/BTC,1609536941598,2021-01-01T21:35:41.598Z,buy,1.805e-05,3.0,5.415e-05
MDA/BTC,1609537009681,2021-01-01T21:36:49.681Z,buy,1.805e-05,3.0,5.415e-05
MDA/BTC,1609537009681,2021-01-01T21:36:49.681Z,buy,1.806e-05,91.0,0.00164346
MDA/BTC,1609537009681,2021-01-01T21:36:49.681Z,buy,1.817e-05,39.0,0.00070863
MDA/BTC,1609537009681,2021-01-01T21:36:49.681Z,buy,1.822e-05,18.0,0.00032795999999999997
MDA/BTC,1609537009681,2021-01-01T21:36:49.681Z,buy,1.828e-05,48.0,0.0008774400000000001
MDA/BTC,1609537009681,2021-01-01T21:36:49.681Z,buy,1.838e-05,101.0,0.00185638
MDA/BTC,1609537017167,2021-01-01T21:36:57.167Z,sell,1.791e-05,22.0,0.00039401999999999997
MDA/BTC,1609537043010,2021-01-01T21:37:23.010Z,sell,1.807e-05,6.0,0.00010842000000000001
MDA/BTC,1609537043010,2021-01-01T21:37:23.010Z,sell,1.806e-05,6.0,0.00010836
MDA/BTC,1609537043010,2021-01-01T21:37:23.010Z,sell,1.805e-05,59.0,0.00106495
MDA/BTC,1609537044453,2021-01-01T21:37:24.453Z,sell,1.806e-05,13.0,0.00023478
MDA/BTC,1609537079807,2021-01-01T21:37:59.807Z,sell,1.813e-05,105.0,0.00190365
MDA/BTC,1609537079807,2021-01-01T21:37:59.807Z,sell,1.811e-05,103.0,0.0018653300000000001
MDA/BTC,1609537079807,2021-01-01T21:37:59.807Z,sell,1.805e-05,92.0,0.0016606000000000001
MDA/BTC,1609537090643,2021-01-01T21:38:10.643Z,sell,1.804e-05,74.0,0.00133496
MDA/BTC,1609537500060,2021-01-01T21:45:00.060Z,sell,1.814e-05,9.0,0.00016325999999999998
MDA/BTC,1609537604357,2021-01-01T21:46:44.357Z,sell,1.814e-05,8.0,0.00014512
MDA/BTC,1609537726977,2021-01-01T21:48:46.977Z,buy,1.828e-05,6.0,0.00010968000000000001
MDA/BTC,1609537734631,2021-01-01T21:48:54.631Z,sell,1.833e-05,4.0,7.332e-05
MDA/BTC,1609537734631,2021-01-01T21:48:54.631Z,sell,1.83e-05,640.0,0.011712
MDA/BTC,1609537734733,2021-01-01T21:48:54.733Z,sell,1.83e-05,644.0,0.011785200000000001
MDA/BTC,1609537734926,2021-01-01T21:48:54.926Z,sell,1.83e-05,60.0,0.001098
MDA/BTC,1609537734950,2021-01-01T21:48:54.950Z,buy,1.833e-05,13.0,0.00023829
MDA/BTC,1609537734982,2021-01-01T21:48:54.982Z,sell,1.833e-05,91.0,0.0016680299999999998
MDA/BTC,1609537735322,2021-01-01T21:48:55.322Z,buy,1.834e-05,109.0,0.00199906
MDA/BTC,1609537736214,2021-01-01T21:48:56.214Z,buy,1.835e-05,54.0,0.0009908999999999999
MDA/BTC,1609537747859,2021-01-01T21:49:07.859Z,sell,1.833e-05,6.0,0.00010998
MDA/BTC,1609537771472,2021-01-01T21:49:31.472Z,sell,1.837e-05,326.0,0.005988619999999999
MDA/BTC,1609537796988,2021-01-01T21:49:56.988Z,sell,1.836e-05,298.0,0.00547128
MDA/BTC,1609537803772,2021-01-01T21:50:03.772Z,sell,1.835e-05,67.0,0.00122945
MDA/BTC,1609537815998,2021-01-01T21:50:15.998Z,sell,1.836e-05,16.0,0.00029376
MDA/BTC,1609537834655,2021-01-01T21:50:34.655Z,sell,1.836e-05,258.0,0.00473688
MDA/BTC,1609537852106,2021-01-01T21:50:52.106Z,sell,1.837e-05,253.0,0.00464761
MDA/BTC,1609537872092,2021-01-01T21:51:12.092Z,sell,1.837e-05,233.0,0.00428021
MDA/BTC,1609537890389,2021-01-01T21:51:30.389Z,sell,1.837e-05,215.0,0.00394955
MDA/BTC,1609537970849,2021-01-01T21:52:50.849Z,sell,1.837e-05,186.0,0.0034168199999999997
MDA/BTC,1609537976190,2021-01-01T21:52:56.190Z,sell,1.833e-05,106.0,0.00194298
MDA/BTC,1609537976190,2021-01-01T21:52:56.190Z,sell,1.832e-05,188.0,0.00344416
MDA/BTC,1609537976190,2021-01-01T21:52:56.190Z,sell,1.831e-05,606.0,0.011095859999999999
MDA/BTC,1609538049698,2021-01-01T21:54:09.698Z,sell,1.834e-05,175.0,0.0032095
MDA/BTC,1609538058197,2021-01-01T21:54:18.197Z,sell,1.834e-05,163.0,0.00298942
MDA/BTC,1609538067026,2021-01-01T21:54:27.026Z,sell,1.834e-05,152.0,0.0027876800000000003
MDA/BTC,1609538076601,2021-01-01T21:54:36.601Z,sell,1.834e-05,141.0,0.00258594
MDA/BTC,1609538086037,2021-01-01T21:54:46.037Z,sell,1.834e-05,133.0,0.00243922
MDA/BTC,1609538095426,2021-01-01T21:54:55.426Z,sell,1.834e-05,115.0,0.0021091
MDA/BTC,1609538103460,2021-01-01T21:55:03.460Z,sell,1.834e-05,109.0,0.00199906
MDA/BTC,1609538113813,2021-01-01T21:55:13.813Z,sell,1.834e-05,208.0,0.00381472
MDA/BTC,1609538122949,2021-01-01T21:55:22.949Z,sell,1.834e-05,199.0,0.0036496600000000003
MDA/BTC,1609538131137,2021-01-01T21:55:31.137Z,sell,1.834e-05,225.0,0.0041265
MDA/BTC,1609538139307,2021-01-01T21:55:39.307Z,sell,1.834e-05,210.0,0.0038514
MDA/BTC,1609538149317,2021-01-01T21:55:49.317Z,sell,1.834e-05,197.0,0.00361298
MDA/BTC,1609538157057,2021-01-01T21:55:57.057Z,sell,1.834e-05,185.0,0.0033929
MDA/BTC,1609538294353,2021-01-01T21:58:14.353Z,sell,1.835e-05,233.0,0.0042755499999999995
MDA/BTC,1609538323273,2021-01-01T21:58:43.273Z,sell,1.834e-05,266.0,0.00487844
MDA/BTC,1609538330396,2021-01-01T21:58:50.396Z,sell,1.834e-05,247.0,0.00452998
MDA/BTC,1609538338344,2021-01-01T21:58:58.344Z,sell,1.834e-05,230.0,0.0042182
MDA/BTC,1609538340191,2021-01-01T21:59:00.191Z,sell,1.834e-05,69.0,0.00126546
MDA/BTC,1609538356363,2021-01-01T21:59:16.363Z,sell,1.835e-05,210.0,0.0038534999999999997
MDA/BTC,1609538439402,2021-01-01T22:00:39.402Z,sell,1.834e-05,193.0,0.0035396200000000003
MDA/BTC,1609538448329,2021-01-01T22:00:48.329Z,sell,1.834e-05,210.0,0.0038514
MDA/BTC,1609538457218,2021-01-01T22:00:57.218Z,sell,1.834e-05,196.0,0.00359464
MDA/BTC,1609538465233,2021-01-01T22:01:05.233Z,sell,1.834e-05,184.0,0.00337456
MDA/BTC,1609538506403,2021-01-01T22:01:46.403Z,sell,1.834e-05,177.0,0.00324618
MDA/BTC,1609538512763,2021-01-01T22:01:52.763Z,sell,1.834e-05,166.0,0.0030444400000000003
MDA/BTC,1609538613545,2021-01-01T22:03:33.545Z,sell,1.834e-05,155.0,0.0028427
MDA/BTC,1609538620909,2021-01-01T22:03:40.909Z,sell,1.834e-05,148.0,0.00271432
MDA/BTC,1609538652421,2021-01-01T22:04:12.421Z,sell,1.834e-05,138.0,0.00253092
MDA/BTC,1609538659251,2021-01-01T22:04:19.251Z,sell,1.834e-05,131.0,0.00240254
MDA/BTC,1609538717784,2021-01-01T22:05:17.784Z,sell,1.834e-05,124.0,0.00227416
MDA/BTC,1609538725811,2021-01-01T22:05:25.811Z,sell,1.834e-05,120.0,0.0022008
MDA/BTC,1609538733721,2021-01-01T22:05:33.721Z,sell,1.834e-05,114.0,0.00209076
MDA/BTC,1609538747486,2021-01-01T22:05:47.486Z,sell,1.834e-05,106.0,0.00194404
MDA/BTC,1609538754132,2021-01-01T22:05:54.132Z,sell,1.834e-05,104.0,0.00190736
MDA/BTC,1609538801063,2021-01-01T22:06:41.063Z,sell,1.834e-05,34.0,0.00062356
MDA/BTC,1609538877311,2021-01-01T22:07:57.311Z,sell,1.835e-05,95.0,0.0017432499999999998
MDA/BTC,1609538896753,2021-01-01T22:08:16.753Z,sell,1.834e-05,94.0,0.00172396
MDA/BTC,1609538904836,2021-01-01T22:08:24.836Z,sell,1.834e-05,90.0,0.0016506000000000001
MDA/BTC,1609538951507,2021-01-01T22:09:11.507Z,sell,1.834e-05,81.0,0.00148554
MDA/BTC,1609538957705,2021-01-01T22:09:17.705Z,sell,1.834e-05,80.0,0.0014672
MDA/BTC,1609538965145,2021-01-01T22:09:25.145Z,sell,1.834e-05,77.0,0.00141218
MDA/BTC,1609538970970,2021-01-01T22:09:30.970Z,sell,1.834e-05,72.0,0.00132048
MDA/BTC,1609538976251,2021-01-01T22:09:36.251Z,sell,1.834e-05,71.0,0.00130214
MDA/BTC,1609538981801,2021-01-01T22:09:41.801Z,sell,1.834e-05,69.0,0.00126546
MDA/BTC,1609539068137,2021-01-01T22:11:08.137Z,sell,1.834e-05,64.0,0.00117376
MDA/BTC,1609539072130,2021-01-01T22:11:12.130Z,sell,1.834e-05,64.0,0.00117376
MDA/BTC,1609539098807,2021-01-01T22:11:38.807Z,sell,1.834e-05,59.0,0.0010820600000000001
MDA/BTC,1609539099694,2021-01-01T22:11:39.694Z,buy,1.834e-05,109.0,0.00199906
MDA/BTC,1609539100231,2021-01-01T22:11:40.231Z,buy,1.834e-05,61.0,0.00111874
MDA/BTC,1609539179275,2021-01-01T22:12:59.275Z,sell,1.835e-05,57.0,0.00104595
MDA/BTC,1609539186737,2021-01-01T22:13:06.737Z,buy,1.835e-05,55.0,0.00100925
MDA/BTC,1609539201304,2021-01-01T22:13:21.304Z,buy,1.839e-05,55.0,0.00101145
MDA/BTC,1609539202334,2021-01-01T22:13:22.334Z,buy,1.846e-05,108.0,0.00199368
MDA/BTC,1609539241955,2021-01-01T22:14:01.955Z,sell,1.84e-05,55.0,0.001012
MDA/BTC,1609539315797,2021-01-01T22:15:15.797Z,sell,1.834e-05,53.0,0.00097202
MDA/BTC,1609539323275,2021-01-01T22:15:23.275Z,sell,1.834e-05,57.0,0.00104538
MDA/BTC,1609539329821,2021-01-01T22:15:29.821Z,sell,1.834e-05,55.0,0.0010087
MDA/BTC,1609539452068,2021-01-01T22:17:32.068Z,sell,1.839e-05,55.0,0.00101145
MDA/BTC,1609539459809,2021-01-01T22:17:39.809Z,sell,1.839e-05,47.0,0.00086433
MDA/BTC,1609539465325,2021-01-01T22:17:45.325Z,sell,1.839e-05,48.0,0.0008827199999999999
MDA/BTC,1609539470213,2021-01-01T22:17:50.213Z,sell,1.839e-05,49.0,0.0009011099999999999
MDA/BTC,1609539520327,2021-01-01T22:18:40.327Z,sell,1.839e-05,45.0,0.0008275499999999999
MDA/BTC,1609539549636,2021-01-01T22:19:09.636Z,sell,1.839e-05,41.0,0.00075399
MDA/BTC,1609539555227,2021-01-01T22:19:15.227Z,sell,1.839e-05,40.0,0.0007355999999999999
MDA/BTC,1609539613550,2021-01-01T22:20:13.550Z,sell,1.833e-05,26.0,0.00047658
MDA/BTC,1609539614666,2021-01-01T22:20:14.666Z,sell,1.833e-05,76.0,0.0013930799999999999
MDA/BTC,1609539647616,2021-01-01T22:20:47.616Z,sell,1.816e-05,33.0,0.00059928
MDA/BTC,1609539716376,2021-01-01T22:21:56.376Z,sell,1.822e-05,6.0,0.00010931999999999999
MDA/BTC,1609539724854,2021-01-01T22:22:04.854Z,sell,1.815e-05,103.0,0.0018694500000000001
MDA/BTC,1609539752378,2021-01-01T22:22:32.378Z,sell,1.806e-05,6.0,0.00010836
MDA/BTC,1609539752378,2021-01-01T22:22:32.378Z,sell,1.796e-05,42.0,0.0007543200000000001
MDA/BTC,1609539757921,2021-01-01T22:22:37.921Z,sell,1.796e-05,23.0,0.00041308
MDA/BTC,1609539759541,2021-01-01T22:22:39.541Z,sell,1.796e-05,109.0,0.00195764
MDA/BTC,1609539760498,2021-01-01T22:22:40.498Z,sell,1.796e-05,61.0,0.00109556
MDA/BTC,1609539761137,2021-01-01T22:22:41.137Z,sell,1.796e-05,53.0,0.00095188
MDA/BTC,1609539761593,2021-01-01T22:22:41.593Z,sell,1.795e-05,108.0,0.0019386
MDA/BTC,1609539767274,2021-01-01T22:22:47.274Z,sell,1.795e-05,6.0,0.00010769999999999999
MDA/BTC,1609539767925,2021-01-01T22:22:47.925Z,sell,1.795e-05,55.0,0.00098725
MDA/BTC,1609539826864,2021-01-01T22:23:46.864Z,sell,1.791e-05,101.0,0.00180891
MDA/BTC,1609539851009,2021-01-01T22:24:11.009Z,buy,1.786e-05,70.0,0.0012502
MDA/BTC,1609539869978,2021-01-01T22:24:29.978Z,sell,1.785e-05,62.0,0.0011067
MDA/BTC,1609539874159,2021-01-01T22:24:34.159Z,sell,1.784e-05,6.0,0.00010703999999999999
MDA/BTC,1609539907891,2021-01-01T22:25:07.891Z,buy,1.772e-05,6.0,0.00010632
MDA/BTC,1609539961034,2021-01-01T22:26:01.034Z,buy,1.784e-05,105.0,0.0018731999999999998
MDA/BTC,1609539961034,2021-01-01T22:26:01.034Z,buy,1.785e-05,7.0,0.00012495
MDA/BTC,1609539977423,2021-01-01T22:26:17.423Z,sell,1.785e-05,90.0,0.0016065
MDA/BTC,1609539999615,2021-01-01T22:26:39.615Z,buy,1.789e-05,7.0,0.00012523
MDA/BTC,1609540002591,2021-01-01T22:26:42.591Z,buy,1.788e-05,53.0,0.0009476400000000001
MDA/BTC,1609540006140,2021-01-01T22:26:46.140Z,buy,1.79e-05,112.0,0.0020048
MDA/BTC,1609540006894,2021-01-01T22:26:46.894Z,buy,1.79e-05,50.0,0.0008950000000000001
MDA/BTC,1609540006894,2021-01-01T22:26:46.894Z,buy,1.791e-05,6.0,0.00010746
MDA/BTC,1609540007478,2021-01-01T22:26:47.478Z,buy,1.791e-05,232.0,0.00415512
MDA/BTC,1609540007870,2021-01-01T22:26:47.870Z,buy,1.795e-05,62.0,0.0011129
MDA/BTC,1609540007870,2021-01-01T22:26:47.870Z,buy,1.802e-05,56.0,0.00100912
MDA/BTC,1609540008490,2021-01-01T22:26:48.490Z,buy,1.802e-05,63.0,0.00113526
MDA/BTC,1609540008490,2021-01-01T22:26:48.490Z,buy,1.806e-05,6.0,0.00010836
MDA/BTC,1609540008490,2021-01-01T22:26:48.490Z,buy,1.828e-05,6.0,0.00010968000000000001
MDA/BTC,1609540008490,2021-01-01T22:26:48.490Z,buy,1.833e-05,37.0,0.0006782099999999999
MDA/BTC,1609540010994,2021-01-01T22:26:50.994Z,buy,1.834e-05,7.0,0.00012838000000000001
MDA/BTC,1609540024610,2021-01-01T22:27:04.610Z,buy,1.834e-05,262.0,0.00480508
MDA/BTC,1609540024610,2021-01-01T22:27:04.610Z,buy,1.839e-05,688.0,0.012652319999999998
MDA/BTC,1609540024610,2021-01-01T22:27:04.610Z,buy,1.84e-05,299.0,0.0055016
MDA/BTC,1609540024622,2021-01-01T22:27:04.622Z,sell,1.841e-05,190.0,0.0034979000000000004
MDA/BTC,1609540024625,2021-01-01T22:27:04.625Z,sell,1.841e-05,177.0,0.00325857
MDA/BTC,1609540024627,2021-01-01T22:27:04.627Z,sell,1.841e-05,197.0,0.0036267700000000005
MDA/BTC,1609540024634,2021-01-01T22:27:04.634Z,sell,1.841e-05,84.0,0.00154644
MDA/BTC,1609540024645,2021-01-01T22:27:04.645Z,sell,1.841e-05,173.0,0.0031849300000000003
MDA/BTC,1609540027156,2021-01-01T22:27:07.156Z,buy,1.847e-05,7.0,0.00012929
MDA/BTC,1609540027156,2021-01-01T22:27:07.156Z,buy,1.849e-05,56.0,0.00103544
MDA/BTC,1609540027156,2021-01-01T22:27:07.156Z,buy,1.85e-05,217.0,0.0040145
MDA/BTC,1609540027156,2021-01-01T22:27:07.156Z,buy,1.856e-05,137.0,0.0025427199999999996
MDA/BTC,1609540027156,2021-01-01T22:27:07.156Z,buy,1.872e-05,6.0,0.00011232000000000001
MDA/BTC,1609540027156,2021-01-01T22:27:07.156Z,buy,1.874e-05,18.0,0.00033732
MDA/BTC,1609540027236,2021-01-01T22:27:07.236Z,sell,1.876e-05,59.0,0.00110684
MDA/BTC,1609540027265,2021-01-01T22:27:07.265Z,sell,1.876e-05,58.0,0.00108808
MDA/BTC,1609540027276,2021-01-01T22:27:07.276Z,sell,1.876e-05,49.0,0.00091924
MDA/BTC,1609540040417,2021-01-01T22:27:20.417Z,sell,1.879e-05,7.0,0.00013153
MDA/BTC,1609540040417,2021-01-01T22:27:20.417Z,sell,1.862e-05,461.0,0.00858382
MDA/BTC,1609540040459,2021-01-01T22:27:20.459Z,sell,1.862e-05,97.0,0.0018061400000000001
MDA/BTC,1609540040624,2021-01-01T22:27:20.624Z,sell,1.85e-05,88.0,0.0016279999999999999
MDA/BTC,1609540040848,2021-01-01T22:27:20.848Z,sell,1.85e-05,56.0,0.001036
MDA/BTC,1609540048219,2021-01-01T22:27:28.219Z,sell,1.861e-05,11.0,0.00020470999999999998
MDA/BTC,1609540048219,2021-01-01T22:27:28.219Z,sell,1.842e-05,12.0,0.00022103999999999998
MDA/BTC,1609540048651,2021-01-01T22:27:28.651Z,sell,1.843e-05,112.0,0.00206416
MDA/BTC,1609540071838,2021-01-01T22:27:51.838Z,buy,1.855e-05,107.0,0.0019848500000000002
MDA/BTC,1609540073916,2021-01-01T22:27:53.916Z,buy,1.855e-05,93.0,0.00172515
MDA/BTC,1609540077589,2021-01-01T22:27:57.589Z,buy,1.876e-05,118.0,0.00221368
MDA/BTC,1609540077589,2021-01-01T22:27:57.589Z,buy,1.88e-05,74.0,0.0013912
MDA/BTC,1609540077589,2021-01-01T22:27:57.589Z,buy,1.881e-05,18.0,0.00033858
MDA/BTC,1609540077589,2021-01-01T22:27:57.589Z,buy,1.885e-05,462.0,0.0087087
MDA/BTC,1609540078130,2021-01-01T22:27:58.130Z,sell,1.888e-05,134.0,0.0025299199999999997
MDA/BTC,1609540080316,2021-01-01T22:28:00.316Z,buy,1.889e-05,125.0,0.00236125
MDA/BTC,1609540082527,2021-01-01T22:28:02.527Z,buy,1.87e-05,6.0,0.0001122
MDA/BTC,1609540082527,2021-01-01T22:28:02.527Z,buy,1.88e-05,32.0,0.0006016
MDA/BTC,1609540083149,2021-01-01T22:28:03.149Z,sell,1.859e-05,68.0,0.00126412
MDA/BTC,1609540084773,2021-01-01T22:28:04.773Z,buy,1.889e-05,13.0,0.00024557
MDA/BTC,1609540085880,2021-01-01T22:28:05.880Z,sell,1.86e-05,21.0,0.0003906
MDA/BTC,1609540086906,2021-01-01T22:28:06.906Z,buy,1.889e-05,13.0,0.00024557
MDA/BTC,1609540088925,2021-01-01T22:28:08.925Z,buy,1.889e-05,6.0,0.00011334
MDA/BTC,1609540092779,2021-01-01T22:28:12.779Z,buy,1.889e-05,10.0,0.0001889
MDA/BTC,1609540098602,2021-01-01T22:28:18.602Z,buy,1.889e-05,13.0,0.00024557
MDA/BTC,1609540107724,2021-01-01T22:28:27.724Z,buy,1.889e-05,7.0,0.00013223
MDA/BTC,1609540110847,2021-01-01T22:28:30.847Z,sell,1.861e-05,290.0,0.0053969
MDA/BTC,1609540110946,2021-01-01T22:28:30.946Z,sell,1.862e-05,195.0,0.0036309000000000003
MDA/BTC,1609540113351,2021-01-01T22:28:33.351Z,buy,1.889e-05,6.0,0.00011334
MDA/BTC,1609540118284,2021-01-01T22:28:38.284Z,buy,1.894e-05,6.0,0.00011364
MDA/BTC,1609540118284,2021-01-01T22:28:38.284Z,buy,1.895e-05,255.0,0.00483225
MDA/BTC,1609540122602,2021-01-01T22:28:42.602Z,buy,1.895e-05,6.0,0.0001137
MDA/BTC,1609540125747,2021-01-01T22:28:45.747Z,buy,1.895e-05,7.0,0.00013265
MDA/BTC,1609540130298,2021-01-01T22:28:50.298Z,buy,1.895e-05,6.0,0.0001137
MDA/BTC,1609540140178,2021-01-01T22:29:00.178Z,buy,1.895e-05,134.0,0.0025393
MDA/BTC,1609540140178,2021-01-01T22:29:00.178Z,buy,1.897e-05,326.0,0.00618422
MDA/BTC,1609540156181,2021-01-01T22:29:16.181Z,buy,1.9e-05,6.0,0.000114
MDA/BTC,1609540166526,2021-01-01T22:29:26.526Z,buy,1.9e-05,6.0,0.000114
MDA/BTC,1609540200925,2021-01-01T22:30:00.925Z,sell,1.877e-05,11.0,0.00020647000000000002
MDA/BTC,1609540200925,2021-01-01T22:30:00.925Z,sell,1.874e-05,256.0,0.00479744
MDA/BTC,1609540205463,2021-01-01T22:30:05.463Z,buy,1.874e-05,106.0,0.00198644
MDA/BTC,1609540206522,2021-01-01T22:30:06.522Z,buy,1.874e-05,8.0,0.00014992
MDA/BTC,1609540208404,2021-01-01T22:30:08.404Z,sell,1.874e-05,45.0,0.0008433
MDA/BTC,1609540208404,2021-01-01T22:30:08.404Z,sell,1.872e-05,6.0,0.00011232000000000001
MDA/BTC,1609540208404,2021-01-01T22:30:08.404Z,sell,1.871e-05,688.0,0.012872479999999999
MDA/BTC,1609540208404,2021-01-01T22:30:08.404Z,sell,1.87e-05,1321.0,0.0247027
MDA/BTC,1609540208404,2021-01-01T22:30:08.404Z,sell,1.868e-05,100.0,0.001868
MDA/BTC,1609540208404,2021-01-01T22:30:08.404Z,sell,1.858e-05,11.0,0.00020438000000000002
MDA/BTC,1609540208404,2021-01-01T22:30:08.404Z,sell,1.856e-05,296.0,0.0054937599999999994
MDA/BTC,1609540208404,2021-01-01T22:30:08.404Z,sell,1.855e-05,248.0,0.0046004
MDA/BTC,1609540233532,2021-01-01T22:30:33.532Z,sell,1.859e-05,100.0,0.001859
MDA/BTC,1609540233532,2021-01-01T22:30:33.532Z,sell,1.858e-05,50.0,0.0009290000000000001
MDA/BTC,1609540233532,2021-01-01T22:30:33.532Z,sell,1.855e-05,75.0,0.0013912500000000001
MDA/BTC,1609540233532,2021-01-01T22:30:33.532Z,sell,1.853e-05,72.0,0.00133416
MDA/BTC,1609540233532,2021-01-01T22:30:33.532Z,sell,1.85e-05,694.0,0.012839
MDA/BTC,1609540233532,2021-01-01T22:30:33.532Z,sell,1.849e-05,2438.0,0.04507862
MDA/BTC,1609540303077,2021-01-01T22:31:43.077Z,sell,1.863e-05,48.0,0.0008942399999999999
MDA/BTC,1609540303077,2021-01-01T22:31:43.077Z,sell,1.862e-05,54.0,0.00100548
MDA/BTC,1609540307798,2021-01-01T22:31:47.798Z,buy,1.858e-05,102.0,0.0018951600000000001
MDA/BTC,1609540310701,2021-01-01T22:31:50.701Z,sell,1.859e-05,47.0,0.00087373
MDA/BTC,1609540310701,2021-01-01T22:31:50.701Z,sell,1.858e-05,55.0,0.0010219
MDA/BTC,1609540314761,2021-01-01T22:31:54.761Z,sell,1.859e-05,45.0,0.00083655
MDA/BTC,1609540315056,2021-01-01T22:31:55.056Z,buy,1.858e-05,57.0,0.0010590600000000001
MDA/BTC,1609540318502,2021-01-01T22:31:58.502Z,sell,1.859e-05,44.0,0.00081796
MDA/BTC,1609540318502,2021-01-01T22:31:58.502Z,sell,1.858e-05,50.0,0.0009290000000000001
MDA/BTC,1609540334352,2021-01-01T22:32:14.352Z,sell,1.859e-05,43.0,0.00079937
MDA/BTC,1609540338469,2021-01-01T22:32:18.469Z,buy,1.858e-05,59.0,0.0010962200000000002
MDA/BTC,1609540341543,2021-01-01T22:32:21.543Z,sell,1.859e-05,44.0,0.00081796
MDA/BTC,1609540341543,2021-01-01T22:32:21.543Z,sell,1.858e-05,48.0,0.0008918400000000001
MDA/BTC,1609540353956,2021-01-01T22:32:33.956Z,sell,1.855e-05,43.0,0.00079765
MDA/BTC,1609540353956,2021-01-01T22:32:33.956Z,sell,1.854e-05,101.0,0.0018725399999999998
MDA/BTC,1609540353956,2021-01-01T22:32:33.956Z,sell,1.853e-05,657.0,0.01217421
MDA/BTC,1609540466764,2021-01-01T22:34:26.764Z,sell,1.839e-05,11.0,0.00020229
MDA/BTC,1609540471784,2021-01-01T22:34:31.784Z,sell,1.83e-05,109.0,0.0019947000000000003
MDA/BTC,1609540472522,2021-01-01T22:34:32.522Z,sell,1.83e-05,24.0,0.00043920000000000005
MDA/BTC,1609540473824,2021-01-01T22:34:33.824Z,sell,1.829e-05,104.0,0.00190216
MDA/BTC,1609540478472,2021-01-01T22:34:38.472Z,sell,1.829e-05,107.0,0.00195703
MDA/BTC,1609540482969,2021-01-01T22:34:42.969Z,sell,1.829e-05,93.0,0.00170097
MDA/BTC,1609540484756,2021-01-01T22:34:44.756Z,sell,1.829e-05,106.0,0.00193874
MDA/BTC,1609540484877,2021-01-01T22:34:44.877Z,sell,1.829e-05,107.0,0.00195703
MDA/BTC,1609540486278,2021-01-01T22:34:46.278Z,sell,1.829e-05,53.0,0.00096937
MDA/BTC,1609540503148,2021-01-01T22:35:03.148Z,sell,1.829e-05,96.0,0.0017558399999999998
MDA/BTC,1609540503428,2021-01-01T22:35:03.428Z,sell,1.829e-05,29.0,0.0005304099999999999
MDA/BTC,1609540503428,2021-01-01T22:35:03.428Z,sell,1.829e-05,29.0,0.0005304099999999999
MDA/BTC,1609540566896,2021-01-01T22:36:06.896Z,buy,1.847e-05,101.0,0.0018654700000000001
MDA/BTC,1609540634166,2021-01-01T22:37:14.166Z,sell,1.862e-05,33.0,0.00061446
MDA/BTC,1609540634892,2021-01-01T22:37:14.892Z,buy,1.859e-05,107.0,0.00198913
MDA/BTC,1609540635959,2021-01-01T22:37:15.959Z,buy,1.859e-05,40.0,0.0007436
MDA/BTC,1609540638286,2021-01-01T22:37:18.286Z,sell,1.86e-05,26.0,0.00048360000000000005
MDA/BTC,1609540638286,2021-01-01T22:37:18.286Z,sell,1.859e-05,67.0,0.00124553
MDA/BTC,1609540638658,2021-01-01T22:37:18.658Z,buy,1.859e-05,87.0,0.00161733
MDA/BTC,1609540644382,2021-01-01T22:37:24.382Z,sell,1.86e-05,25.0,0.000465
MDA/BTC,1609540644382,2021-01-01T22:37:24.382Z,sell,1.859e-05,20.0,0.0003718
MDA/BTC,1609540646692,2021-01-01T22:37:26.692Z,buy,1.859e-05,53.0,0.00098527
MDA/BTC,1609540650817,2021-01-01T22:37:30.817Z,buy,1.859e-05,82.0,0.00152438
MDA/BTC,1609540653838,2021-01-01T22:37:33.838Z,sell,1.86e-05,25.0,0.000465
MDA/BTC,1609540653838,2021-01-01T22:37:33.838Z,sell,1.859e-05,133.0,0.00247247
MDA/BTC,1609540661227,2021-01-01T22:37:41.227Z,buy,1.859e-05,22.0,0.00040898
MDA/BTC,1609540664312,2021-01-01T22:37:44.312Z,sell,1.86e-05,24.0,0.0004464
MDA/BTC,1609540664312,2021-01-01T22:37:44.312Z,sell,1.859e-05,85.0,0.00158015
MDA/BTC,1609540672131,2021-01-01T22:37:52.131Z,buy,1.859e-05,71.0,0.00131989
MDA/BTC,1609540684525,2021-01-01T22:38:04.525Z,sell,1.86e-05,23.0,0.00042780000000000004
MDA/BTC,1609540684525,2021-01-01T22:38:04.525Z,sell,1.859e-05,36.0,0.00066924
MDA/BTC,1609540684663,2021-01-01T22:38:04.663Z,buy,1.859e-05,107.0,0.00198913
MDA/BTC,1609540742971,2021-01-01T22:39:02.971Z,sell,1.839e-05,6.0,0.00011033999999999999
MDA/BTC,1609540745274,2021-01-01T22:39:05.274Z,sell,1.828e-05,107.0,0.00195596
MDA/BTC,1609540763170,2021-01-01T22:39:23.170Z,sell,1.82e-05,205.0,0.0037309999999999995
MDA/BTC,1609540763170,2021-01-01T22:39:23.170Z,sell,1.814e-05,254.0,0.00460756
MDA/BTC,1609540763395,2021-01-01T22:39:23.395Z,sell,1.814e-05,107.0,0.00194098
MDA/BTC,1609540767383,2021-01-01T22:39:27.383Z,sell,1.814e-05,101.0,0.00183214
MDA/BTC,1609540768671,2021-01-01T22:39:28.671Z,sell,1.814e-05,107.0,0.00194098
MDA/BTC,1609540771363,2021-01-01T22:39:31.363Z,sell,1.814e-05,107.0,0.00194098
MDA/BTC,1609540772269,2021-01-01T22:39:32.269Z,sell,1.814e-05,101.0,0.00183214
MDA/BTC,1609540773925,2021-01-01T22:39:33.925Z,sell,1.814e-05,107.0,0.00194098
MDA/BTC,1609540779975,2021-01-01T22:39:39.975Z,sell,1.814e-05,215.0,0.0039000999999999997
MDA/BTC,1609540787596,2021-01-01T22:39:47.596Z,sell,1.814e-05,53.0,0.0009614199999999999
MDA/BTC,1609540807020,2021-01-01T22:40:07.020Z,buy,1.808e-05,71.0,0.00128368
MDA/BTC,1609540811380,2021-01-01T22:40:11.380Z,sell,1.806e-05,6.0,0.00010836
MDA/BTC,1609540888821,2021-01-01T22:41:28.821Z,buy,1.806e-05,34.0,0.0006140399999999999
MDA/BTC,1609541287879,2021-01-01T22:48:07.879Z,buy,1.791e-05,6.0,0.00010746
MDA/BTC,1609541393749,2021-01-01T22:49:53.749Z,sell,1.802e-05,6.0,0.00010812
MDA/BTC,1609541393749,2021-01-01T22:49:53.749Z,sell,1.801e-05,56.0,0.00100856
MDA/BTC,1609541727580,2021-01-01T22:55:27.580Z,buy,1.824e-05,102.0,0.00186048
MDA/BTC,1609541727580,2021-01-01T22:55:27.580Z,buy,1.827e-05,688.0,0.01256976
MDA/BTC,1609541727580,2021-01-01T22:55:27.580Z,buy,1.828e-05,960.0,0.0175488
MDA/BTC,1609541765220,2021-01-01T22:56:05.220Z,buy,1.829e-05,34.0,0.00062186
MDA/BTC,1609541847723,2021-01-01T22:57:27.723Z,buy,1.807e-05,13.0,0.00023491
MDA/BTC,1609542263082,2021-01-01T23:04:23.082Z,sell,1.819e-05,496.0,0.00902224
MDA/BTC,1609542265023,2021-01-01T23:04:25.023Z,sell,1.819e-05,444.0,0.00807636
MDA/BTC,1609542283591,2021-01-01T23:04:43.591Z,buy,1.829e-05,6.0,0.00010973999999999999
MDA/BTC,1609542283603,2021-01-01T23:04:43.603Z,sell,1.835e-05,4.0,7.34e-05
MDA/BTC,1609542283603,2021-01-01T23:04:43.603Z,sell,1.819e-05,255.0,0.00463845
MDA/BTC,1609542283633,2021-01-01T23:04:43.633Z,sell,1.819e-05,65.0,0.00118235
MDA/BTC,1609542283673,2021-01-01T23:04:43.673Z,sell,1.818e-05,65.0,0.0011817
MDA/BTC,1609542299368,2021-01-01T23:04:59.368Z,sell,1.83e-05,10.0,0.000183
MDA/BTC,1609542299368,2021-01-01T23:04:59.368Z,sell,1.829e-05,1079.0,0.019734909999999998
MDA/BTC,1609542299379,2021-01-01T23:04:59.379Z,sell,1.829e-05,2295.0,0.04197555
MDA/BTC,1609542299382,2021-01-01T23:04:59.382Z,sell,1.829e-05,1571.0,0.02873359
MDA/BTC,1609542304612,2021-01-01T23:05:04.612Z,buy,1.836e-05,107.0,0.00196452
MDA/BTC,1609542309354,2021-01-01T23:05:09.354Z,buy,1.837e-05,59.0,0.0010838299999999998
MDA/BTC,1609542309391,2021-01-01T23:05:09.391Z,buy,1.837e-05,5.0,9.185e-05
MDA/BTC,1609542368757,2021-01-01T23:06:08.757Z,buy,1.85e-05,6.0,0.00011099999999999999
MDA/BTC,1609542407422,2021-01-01T23:06:47.422Z,buy,1.856e-05,16.0,0.00029696
MDA/BTC,1609542423000,2021-01-01T23:07:03.000Z,buy,1.86e-05,107.0,0.0019902
MDA/BTC,1609542453527,2021-01-01T23:07:33.527Z,buy,1.86e-05,98.0,0.0018228
MDA/BTC,1609542486078,2021-01-01T23:08:06.078Z,buy,1.869e-05,38.0,0.0007102199999999999
MDA/BTC,1609542486362,2021-01-01T23:08:06.362Z,sell,1.869e-05,6.0,0.00011214
MDA/BTC,1609542499201,2021-01-01T23:08:19.201Z,sell,1.87e-05,135.0,0.0025245000000000003
MDA/BTC,1609542506907,2021-01-01T23:08:26.907Z,sell,1.87e-05,126.0,0.0023562
MDA/BTC,1609542515227,2021-01-01T23:08:35.227Z,sell,1.87e-05,106.0,0.0019822
MDA/BTC,1609542521741,2021-01-01T23:08:41.741Z,sell,1.87e-05,100.0,0.0018700000000000001
MDA/BTC,1609542526417,2021-01-01T23:08:46.417Z,sell,1.87e-05,100.0,0.0018700000000000001
MDA/BTC,1609542544147,2021-01-01T23:09:04.147Z,sell,1.87e-05,99.0,0.0018513
MDA/BTC,1609542636776,2021-01-01T23:10:36.776Z,buy,1.872e-05,6.0,0.00011232000000000001
MDA/BTC,1609542639460,2021-01-01T23:10:39.460Z,buy,1.875e-05,106.0,0.0019874999999999997
MDA/BTC,1609542640302,2021-01-01T23:10:40.302Z,buy,1.875e-05,213.0,0.00399375
MDA/BTC,1609542641818,2021-01-01T23:10:41.818Z,buy,1.875e-05,106.0,0.0019874999999999997
MDA/BTC,1609542644372,2021-01-01T23:10:44.372Z,buy,1.875e-05,106.0,0.0019874999999999997
MDA/BTC,1609542656143,2021-01-01T23:10:56.143Z,sell,1.873e-05,92.0,0.0017231599999999998
MDA/BTC,1609542656143,2021-01-01T23:10:56.143Z,sell,1.872e-05,152.0,0.00284544
MDA/BTC,1609542668235,2021-01-01T23:11:08.235Z,sell,1.873e-05,73.0,0.00136729
MDA/BTC,1609542678831,2021-01-01T23:11:18.831Z,sell,1.874e-05,69.0,0.00129306
MDA/BTC,1609542704891,2021-01-01T23:11:44.891Z,buy,1.878e-05,15.0,0.0002817
MDA/BTC,1609542735845,2021-01-01T23:12:15.845Z,sell,1.874e-05,65.0,0.0012181
MDA/BTC,1609542735845,2021-01-01T23:12:15.845Z,sell,1.873e-05,4595.0,0.08606435
MDA/BTC,1609542870352,2021-01-01T23:14:30.352Z,sell,1.87e-05,62.0,0.0011594
MDA/BTC,1609542878886,2021-01-01T23:14:38.886Z,sell,1.87e-05,71.0,0.0013277
MDA/BTC,1609542890150,2021-01-01T23:14:50.150Z,sell,1.87e-05,55.0,0.0010285000000000001
MDA/BTC,1609542897774,2021-01-01T23:14:57.774Z,sell,1.87e-05,64.0,0.0011968
MDA/BTC,1609542904487,2021-01-01T23:15:04.487Z,sell,1.87e-05,60.0,0.001122
MDA/BTC,1609542912787,2021-01-01T23:15:12.787Z,sell,1.87e-05,56.0,0.0010472
MDA/BTC,1609542920100,2021-01-01T23:15:20.100Z,sell,1.87e-05,53.0,0.0009911
MDA/BTC,1609542925540,2021-01-01T23:15:25.540Z,sell,1.87e-05,51.0,0.0009537
MDA/BTC,1609542932610,2021-01-01T23:15:32.610Z,sell,1.87e-05,48.0,0.0008976
MDA/BTC,1609542958180,2021-01-01T23:15:58.180Z,sell,1.871e-05,39.0,0.00072969
MDA/BTC,1609542975856,2021-01-01T23:16:15.856Z,sell,1.87e-05,37.0,0.0006919000000000001
MDA/BTC,1609542982462,2021-01-01T23:16:22.462Z,sell,1.87e-05,35.0,0.0006545
MDA/BTC,1609542988019,2021-01-01T23:16:28.019Z,sell,1.87e-05,33.0,0.0006171
MDA/BTC,1609542991020,2021-01-01T23:16:31.020Z,sell,1.87e-05,31.0,0.0005797
MDA/BTC,1609542991020,2021-01-01T23:16:31.020Z,sell,1.869e-05,6.0,0.00011214
MDA/BTC,1609543027690,2021-01-01T23:17:07.690Z,sell,1.869e-05,29.0,0.00054201
MDA/BTC,1609543062956,2021-01-01T23:17:42.956Z,sell,1.864e-05,54.0,0.00100656
MDA/BTC,1609543072725,2021-01-01T23:17:52.725Z,sell,1.863e-05,50.0,0.0009314999999999999
MDA/BTC,1609543079057,2021-01-01T23:17:59.057Z,sell,1.863e-05,45.0,0.00083835
MDA/BTC,1609543086453,2021-01-01T23:18:06.453Z,sell,1.863e-05,41.0,0.00076383
MDA/BTC,1609543131289,2021-01-01T23:18:51.289Z,sell,1.867e-05,35.0,0.00065345
MDA/BTC,1609543131289,2021-01-01T23:18:51.289Z,sell,1.862e-05,2127.0,0.03960474
MDA/BTC,1609543202609,2021-01-01T23:20:02.609Z,sell,1.872e-05,18.0,0.00033696
MDA/BTC,1609543267880,2021-01-01T23:21:07.880Z,sell,1.876e-05,6.0,0.00011255999999999999
MDA/BTC,1609543407697,2021-01-01T23:23:27.697Z,sell,1.876e-05,78.0,0.00146328
MDA/BTC,1609543407697,2021-01-01T23:23:27.697Z,sell,1.871e-05,6.0,0.00011225999999999999
MDA/BTC,1609543407697,2021-01-01T23:23:27.697Z,sell,1.869e-05,31.0,0.0005793899999999999
MDA/BTC,1609543451613,2021-01-01T23:24:11.613Z,sell,1.876e-05,48.0,0.0009004799999999999
MDA/BTC,1609543479813,2021-01-01T23:24:39.813Z,sell,1.876e-05,21.0,0.00039396
MDA/BTC,1609543496225,2021-01-01T23:24:56.225Z,sell,1.876e-05,44.0,0.00082544
MDA/BTC,1609543568716,2021-01-01T23:26:08.716Z,sell,1.876e-05,73.0,0.00136948
MDA/BTC,1609543590548,2021-01-01T23:26:30.548Z,sell,1.876e-05,64.0,0.00120064
MDA/BTC,1609543598497,2021-01-01T23:26:38.497Z,sell,1.876e-05,54.0,0.00101304
MDA/BTC,1609543606422,2021-01-01T23:26:46.422Z,sell,1.876e-05,49.0,0.00091924
MDA/BTC,1609543612340,2021-01-01T23:26:52.340Z,sell,1.876e-05,45.0,0.0008442
MDA/BTC,1609543618472,2021-01-01T23:26:58.472Z,sell,1.876e-05,42.0,0.00078792
MDA/BTC,1609543624814,2021-01-01T23:27:04.814Z,sell,1.876e-05,38.0,0.00071288
MDA/BTC,1609543631937,2021-01-01T23:27:11.937Z,sell,1.876e-05,35.0,0.0006566
MDA/BTC,1609543638553,2021-01-01T23:27:18.553Z,sell,1.876e-05,11.0,0.00020636
MDA/BTC,1609543649670,2021-01-01T23:27:29.670Z,buy,1.876e-05,20.0,0.0003752
MDA/BTC,1609543666010,2021-01-01T23:27:46.010Z,sell,1.876e-05,1.0,1.876e-05
MDA/BTC,1609543688751,2021-01-01T23:28:08.751Z,sell,1.85e-05,6.0,0.00011099999999999999
MDA/BTC,1609543695267,2021-01-01T23:28:15.267Z,sell,1.836e-05,44.0,0.00080784
MDA/BTC,1609543695644,2021-01-01T23:28:15.644Z,sell,1.836e-05,53.0,0.00097308
MDA/BTC,1609543704056,2021-01-01T23:28:24.056Z,buy,1.836e-05,188.0,0.00345168
MDA/BTC,1609543704206,2021-01-01T23:28:24.206Z,buy,1.836e-05,827.0,0.01518372
MDA/BTC,1609543709444,2021-01-01T23:28:29.444Z,sell,1.828e-05,6.0,0.00010968000000000001
MDA/BTC,1609543723319,2021-01-01T23:28:43.319Z,buy,1.815e-05,2859.0,0.05189085
MDA/BTC,1609543726389,2021-01-01T23:28:46.389Z,buy,1.812e-05,688.0,0.01246656
MDA/BTC,1609543727212,2021-01-01T23:28:47.212Z,buy,1.811e-05,9381.0,0.16988991
MDA/BTC,1609543727768,2021-01-01T23:28:47.768Z,sell,1.81e-05,6.0,0.0001086
MDA/BTC,1609543727768,2021-01-01T23:28:47.768Z,sell,1.808e-05,10.0,0.0001808
MDA/BTC,1609543742805,2021-01-01T23:29:02.805Z,sell,1.808e-05,6.0,0.00010847999999999999
MDA/BTC,1609543742805,2021-01-01T23:29:02.805Z,sell,1.806e-05,6.0,0.00010836
MDA/BTC,1609543742805,2021-01-01T23:29:02.805Z,sell,1.793e-05,88.0,0.00157784
MDA/BTC,1609543743890,2021-01-01T23:29:03.890Z,sell,1.822e-05,6.0,0.00010931999999999999
MDA/BTC,1609543754136,2021-01-01T23:29:14.136Z,buy,1.821e-05,28.0,0.00050988
MDA/BTC,1609543786916,2021-01-01T23:29:46.916Z,sell,1.804e-05,100.0,0.001804
MDA/BTC,1609543786916,2021-01-01T23:29:46.916Z,sell,1.804e-05,100.0,0.001804
MDA/BTC,1609544306248,2021-01-01T23:38:26.248Z,buy,1.827e-05,54.0,0.00098658
MDA/BTC,1609544314825,2021-01-01T23:38:34.825Z,buy,1.828e-05,6.0,0.00010968000000000001
MDA/BTC,1609544323394,2021-01-01T23:38:43.394Z,sell,1.835e-05,1445.0,0.026515749999999998
MDA/BTC,1609544323394,2021-01-01T23:38:43.394Z,sell,1.834e-05,688.0,0.012617920000000001
MDA/BTC,1609544324643,2021-01-01T23:38:44.643Z,sell,1.835e-05,726.0,0.0133221
MDA/BTC,1609544325509,2021-01-01T23:38:45.509Z,buy,1.842e-05,60.0,0.0011052
MDA/BTC,1609544326231,2021-01-01T23:38:46.231Z,sell,1.842e-05,48.0,0.0008841599999999999
MDA/BTC,1609544326651,2021-01-01T23:38:46.651Z,sell,1.842e-05,1098.0,0.02022516
MDA/BTC,1609544327078,2021-01-01T23:38:47.078Z,sell,1.83e-05,827.0,0.015134100000000001
MDA/BTC,1609544338246,2021-01-01T23:38:58.246Z,sell,1.831e-05,103.0,0.0018859299999999999
MDA/BTC,1609544338246,2021-01-01T23:38:58.246Z,sell,1.83e-05,945.0,0.0172935
MDA/BTC,1609544338658,2021-01-01T23:38:58.658Z,sell,1.829e-05,7048.0,0.12890792
MDA/BTC,1609544357417,2021-01-01T23:39:17.417Z,buy,1.85e-05,16.0,0.000296
MDA/BTC,1609544368730,2021-01-01T23:39:28.730Z,buy,1.85e-05,6.0,0.00011099999999999999
MDA/BTC,1609544403750,2021-01-01T23:40:03.750Z,buy,1.872e-05,6.0,0.00011232000000000001
MDA/BTC,1609544403750,2021-01-01T23:40:03.750Z,buy,1.878e-05,10.0,0.0001878
MDA/BTC,1609544416833,2021-01-01T23:40:16.833Z,sell,1.863e-05,842.0,0.01568646
MDA/BTC,1609544416833,2021-01-01T23:40:16.833Z,sell,1.859e-05,746.0,0.01386814
MDA/BTC,1609544425757,2021-01-01T23:40:25.757Z,sell,1.863e-05,728.0,0.013562639999999999
MDA/BTC,1609544425757,2021-01-01T23:40:25.757Z,sell,1.862e-05,72.0,0.0013406400000000001
MDA/BTC,1609544429611,2021-01-01T23:40:29.611Z,sell,1.863e-05,635.0,0.01183005
MDA/BTC,1609544445156,2021-01-01T23:40:45.156Z,sell,1.861e-05,107.0,0.00199127
MDA/BTC,1609544445156,2021-01-01T23:40:45.156Z,sell,1.86e-05,443.0,0.0082398
MDA/BTC,1609544447868,2021-01-01T23:40:47.868Z,sell,1.862e-05,550.0,0.010241
MDA/BTC,1609544452232,2021-01-01T23:40:52.232Z,sell,1.863e-05,432.0,0.00804816
MDA/BTC,1609544473969,2021-01-01T23:41:13.969Z,sell,1.862e-05,397.0,0.00739214
MDA/BTC,1609544473969,2021-01-01T23:41:13.969Z,sell,1.861e-05,6.0,0.00011166
MDA/BTC,1609544473969,2021-01-01T23:41:13.969Z,sell,1.858e-05,6.0,0.00011148000000000001
MDA/BTC,1609544473969,2021-01-01T23:41:13.969Z,sell,1.857e-05,186.0,0.00345402
MDA/BTC,1609544474333,2021-01-01T23:41:14.333Z,sell,1.857e-05,120.0,0.0022284
MDA/BTC,1609544491580,2021-01-01T23:41:31.580Z,sell,1.862e-05,354.0,0.00659148
MDA/BTC,1609544499292,2021-01-01T23:41:39.292Z,sell,1.863e-05,125.0,0.00232875
MDA/BTC,1609544502289,2021-01-01T23:41:42.289Z,sell,1.864e-05,270.0,0.0050328000000000005
MDA/BTC,1609544507601,2021-01-01T23:41:47.601Z,sell,1.865e-05,270.0,0.0050355
MDA/BTC,1609544519345,2021-01-01T23:41:59.345Z,sell,1.866e-05,250.0,0.004665
MDA/BTC,1609544530515,2021-01-01T23:42:10.515Z,sell,1.867e-05,227.0,0.00423809
MDA/BTC,1609544539682,2021-01-01T23:42:19.682Z,sell,1.868e-05,205.0,0.0038294
MDA/BTC,1609544550433,2021-01-01T23:42:30.433Z,sell,1.869e-05,186.0,0.0034763399999999996
MDA/BTC,1609544558809,2021-01-01T23:42:38.809Z,sell,1.869e-05,170.0,0.0031772999999999997
MDA/BTC,1609544569521,2021-01-01T23:42:49.521Z,sell,1.869e-05,155.0,0.0028969499999999997
MDA/BTC,1609544577189,2021-01-01T23:42:57.189Z,sell,1.869e-05,142.0,0.00265398
MDA/BTC,1609544585532,2021-01-01T23:43:05.532Z,sell,1.863e-05,18.0,0.00033534
MDA/BTC,1609544671921,2021-01-01T23:44:31.921Z,sell,1.863e-05,113.0,0.00210519
MDA/BTC,1609544683005,2021-01-01T23:44:43.005Z,sell,1.865e-05,83.0,0.00154795
MDA/BTC,1609544692168,2021-01-01T23:44:52.168Z,sell,1.866e-05,76.0,0.0014181600000000001
MDA/BTC,1609544701251,2021-01-01T23:45:01.251Z,sell,1.867e-05,70.0,0.0013069
MDA/BTC,1609544710502,2021-01-01T23:45:10.502Z,sell,1.867e-05,64.0,0.00119488
MDA/BTC,1609544718636,2021-01-01T23:45:18.636Z,sell,1.867e-05,60.0,0.0011202
MDA/BTC,1609544741235,2021-01-01T23:45:41.235Z,sell,1.866e-05,38.0,0.0007090800000000001
MDA/BTC,1609544762777,2021-01-01T23:46:02.777Z,sell,1.863e-05,72.0,0.00134136
MDA/BTC,1609544777619,2021-01-01T23:46:17.619Z,sell,1.862e-05,66.0,0.00122892
MDA/BTC,1609544785322,2021-01-01T23:46:25.322Z,sell,1.862e-05,60.0,0.0011172
MDA/BTC,1609544793082,2021-01-01T23:46:33.082Z,sell,1.862e-05,55.0,0.0010241
MDA/BTC,1609544818906,2021-01-01T23:46:58.906Z,sell,1.862e-05,36.0,0.0006703200000000001
MDA/BTC,1609544867895,2021-01-01T23:47:47.895Z,buy,1.863e-05,6.0,0.00011177999999999999
MDA/BTC,1609544895748,2021-01-01T23:48:15.748Z,sell,1.862e-05,69.0,0.0012847800000000001
MDA/BTC,1609544900585,2021-01-01T23:48:20.585Z,sell,1.862e-05,29.0,0.00053998
MDA/BTC,1609544946317,2021-01-01T23:49:06.317Z,sell,1.862e-05,27.0,0.00050274
MDA/BTC,1609544980550,2021-01-01T23:49:40.550Z,sell,1.858e-05,27.0,0.00050166
MDA/BTC,1609545004307,2021-01-01T23:50:04.307Z,sell,1.856e-05,60.0,0.0011136
MDA/BTC,1609545025950,2021-01-01T23:50:25.950Z,sell,1.853e-05,37.0,0.00068561
MDA/BTC,1609545055791,2021-01-01T23:50:55.791Z,sell,1.851e-05,34.0,0.00062934
MDA/BTC,1609545065219,2021-01-01T23:51:05.219Z,sell,1.852e-05,31.0,0.00057412
MDA/BTC,1609545075790,2021-01-01T23:51:15.790Z,sell,1.851e-05,35.0,0.00064785
MDA/BTC,1609545078938,2021-01-01T23:51:18.938Z,sell,1.851e-05,33.0,0.00061083
MDA/BTC,1609545078938,2021-01-01T23:51:18.938Z,sell,1.85e-05,2.0,3.7e-05
MDA/BTC,1609545084105,2021-01-01T23:51:24.105Z,sell,1.851e-05,35.0,0.00064785
MDA/BTC,1609545087925,2021-01-01T23:51:27.925Z,sell,1.85e-05,4.0,7.4e-05
MDA/BTC,1609545331910,2021-01-01T23:55:31.910Z,buy,1.829e-05,6.0,0.00010973999999999999
MDA/BTC,1609545332779,2021-01-01T23:55:32.779Z,sell,1.828e-05,6.0,0.00010968000000000001
MDA/BTC,1609545335265,2021-01-01T23:55:35.265Z,sell,1.82e-05,103.0,0.0018746
MDA/BTC,1609545337455,2021-01-01T23:55:37.455Z,sell,1.819e-05,43.0,0.00078217
MDA/BTC,1609545363076,2021-01-01T23:56:03.076Z,sell,1.812e-05,101.0,0.00183012
MDA/BTC,1609545377581,2021-01-01T23:56:17.581Z,sell,1.806e-05,22.0,0.00039732
MDA/BTC,1609545377581,2021-01-01T23:56:17.581Z,sell,1.805e-05,40.0,0.0007220000000000001
MDA/BTC,1609545527263,2021-01-01T23:58:47.263Z,buy,1.82e-05,6.0,0.0001092
MDA/BTC,1609545537886,2021-01-01T23:58:57.886Z,buy,1.82e-05,167.0,0.0030394
MDA/BTC,1609545560416,2021-01-01T23:59:20.416Z,buy,1.828e-05,6.0,0.00010968000000000001
MDA/BTC,1609545612565,2021-01-02T00:00:12.565Z,buy,1.84e-05,68.0,0.0012512
MDA/BTC,1609545776267,2021-01-02T00:02:56.267Z,sell,1.843e-05,48.0,0.0008846400000000001
MDA/BTC,1609545776267,2021-01-02T00:02:56.267Z,sell,1.842e-05,6.0,0.00011051999999999999
MDA/BTC,1609545776267,2021-01-02T00:02:56.267Z,sell,1.841e-05,27.0,0.0004970700000000001
MDA/BTC,1609545812970,2021-01-02T00:03:32.970Z,sell,1.844e-05,26.0,0.00047944
MDA/BTC,1609545846354,2021-01-02T00:04:06.354Z,sell,1.847e-05,56.0,0.00103432
MDA/BTC,1609545857554,2021-01-02T00:04:17.554Z,buy,1.844e-05,6.0,0.00011064
MDA/BTC,1609545868801,2021-01-02T00:04:28.801Z,sell,1.845e-05,69.0,0.0012730500000000002
MDA/BTC,1609545877859,2021-01-02T00:04:37.859Z,sell,1.846e-05,63.0,0.0011629799999999999
MDA/BTC,1609545879060,2021-01-02T00:04:39.060Z,buy,1.849e-05,101.0,0.00186749
MDA/BTC,1609545884901,2021-01-02T00:04:44.901Z,sell,1.849e-05,63.0,0.0011648700000000001
MDA/BTC,1609545887506,2021-01-02T00:04:47.506Z,buy,1.85e-05,16.0,0.000296
MDA/BTC,1609545899282,2021-01-02T00:04:59.282Z,sell,1.849e-05,52.0,0.00096148
MDA/BTC,1609545903348,2021-01-02T00:05:03.348Z,sell,1.849e-05,52.0,0.00096148
MDA/BTC,1609546005825,2021-01-02T00:06:45.825Z,sell,1.835e-05,43.0,0.0007890499999999999
MDA/BTC,1609546033159,2021-01-02T00:07:13.159Z,sell,1.828e-05,6.0,0.00010968000000000001
MDA/BTC,1609546037191,2021-01-02T00:07:17.191Z,sell,1.823e-05,11.0,0.00020053
MDA/BTC,1609546067070,2021-01-02T00:07:47.070Z,sell,1.823e-05,91.0,0.00165893
MDA/BTC,1609546067070,2021-01-02T00:07:47.070Z,sell,1.82e-05,10.0,0.00018199999999999998
MDA/BTC,1609546525321,2021-01-02T00:15:25.321Z,buy,1.837e-05,108.0,0.00198396
MDA/BTC,1609546526416,2021-01-02T00:15:26.416Z,buy,1.837e-05,54.0,0.00099198
MDA/BTC,1609546533735,2021-01-02T00:15:33.735Z,buy,1.837e-05,108.0,0.00198396
MDA/BTC,1609546540976,2021-01-02T00:15:40.976Z,sell,1.836e-05,29.0,0.00053244
MDA/BTC,1609546582335,2021-01-02T00:16:22.335Z,buy,1.836e-05,73.0,0.0013402800000000001
MDA/BTC,1609546917208,2021-01-02T00:21:57.208Z,sell,1.836e-05,49.0,0.00089964
MDA/BTC,1609546998985,2021-01-02T00:23:18.985Z,sell,1.821e-05,57.0,0.00103797
MDA/BTC,1609547000402,2021-01-02T00:23:20.402Z,sell,1.82e-05,213.0,0.0038765999999999996
MDA/BTC,1609547001389,2021-01-02T00:23:21.389Z,sell,1.82e-05,106.0,0.0019291999999999998
MDA/BTC,1609547002128,2021-01-02T00:23:22.128Z,sell,1.82e-05,68.0,0.0012376
MDA/BTC,1609547003330,2021-01-02T00:23:23.330Z,sell,1.82e-05,108.0,0.0019655999999999996
MDA/BTC,1609547004740,2021-01-02T00:23:24.740Z,sell,1.82e-05,22.0,0.0004004
MDA/BTC,1609547005143,2021-01-02T00:23:25.143Z,sell,1.82e-05,113.0,0.0020566
MDA/BTC,1609547006182,2021-01-02T00:23:26.182Z,sell,1.82e-05,54.0,0.0009827999999999998
MDA/BTC,1609547007291,2021-01-02T00:23:27.291Z,sell,1.82e-05,22.0,0.0004004
MDA/BTC,1609547008085,2021-01-02T00:23:28.085Z,sell,1.82e-05,22.0,0.0004004
MDA/BTC,1609547043529,2021-01-02T00:24:03.529Z,sell,1.82e-05,51.0,0.0009281999999999999
MDA/BTC,1609547114104,2021-01-02T00:25:14.104Z,buy,1.822e-05,109.0,0.00198598
MDA/BTC,1609547114313,2021-01-02T00:25:14.313Z,buy,1.822e-05,109.0,0.00198598
MDA/BTC,1609547115676,2021-01-02T00:25:15.676Z,buy,1.822e-05,109.0,0.00198598
MDA/BTC,1609547116466,2021-01-02T00:25:16.466Z,buy,1.822e-05,54.0,0.00098388
MDA/BTC,1609547117260,2021-01-02T00:25:17.260Z,buy,1.822e-05,109.0,0.00198598
MDA/BTC,1609547118978,2021-01-02T00:25:18.978Z,buy,1.822e-05,109.0,0.00198598
MDA/BTC,1609547119674,2021-01-02T00:25:19.674Z,buy,1.822e-05,109.0,0.00198598
MDA/BTC,1609547120194,2021-01-02T00:25:20.194Z,buy,1.822e-05,219.0,0.003990179999999999
MDA/BTC,1609547121133,2021-01-02T00:25:21.133Z,buy,1.822e-05,109.0,0.00198598
MDA/BTC,1609547122224,2021-01-02T00:25:22.224Z,buy,1.822e-05,79.0,0.0014393799999999999
MDA/BTC,1609547210437,2021-01-02T00:26:50.437Z,sell,1.849e-05,44.0,0.0008135600000000001
MDA/BTC,1609547227997,2021-01-02T00:27:07.997Z,sell,1.849e-05,15.0,0.00027735
MDA/BTC,1609547362924,2021-01-02T00:29:22.924Z,sell,1.848e-05,29.0,0.00053592
MDA/BTC,1609547362924,2021-01-02T00:29:22.924Z,sell,1.848e-05,29.0,0.00053592
MDA/BTC,1609547404805,2021-01-02T00:30:04.805Z,sell,1.821e-05,80.0,0.0014568
MDA/BTC,1609547503888,2021-01-02T00:31:43.888Z,buy,1.844e-05,80.0,0.0014751999999999999
MDA/BTC,1609547595239,2021-01-02T00:33:15.239Z,sell,1.821e-05,108.0,0.00196668
MDA/BTC,1609547596216,2021-01-02T00:33:16.216Z,sell,1.82e-05,54.0,0.0009827999999999998
MDA/BTC,1609547597876,2021-01-02T00:33:17.876Z,sell,1.82e-05,109.0,0.0019838
MDA/BTC,1609547597976,2021-01-02T00:33:17.976Z,sell,1.82e-05,109.0,0.0019838
MDA/BTC,1609547599757,2021-01-02T00:33:19.757Z,sell,1.82e-05,109.0,0.0019838
MDA/BTC,1609547600539,2021-01-02T00:33:20.539Z,sell,1.82e-05,219.0,0.003985799999999999
MDA/BTC,1609547601172,2021-01-02T00:33:21.172Z,sell,1.82e-05,109.0,0.0019838
MDA/BTC,1609547601863,2021-01-02T00:33:21.863Z,sell,1.82e-05,2.0,3.64e-05
MDA/BTC,1609547613301,2021-01-02T00:33:33.301Z,sell,1.806e-05,66.0,0.00119196
MDA/BTC,1609547614487,2021-01-02T00:33:34.487Z,sell,1.805e-05,109.0,0.0019674500000000004
MDA/BTC,1609547642759,2021-01-02T00:34:02.759Z,sell,1.805e-05,77.0,0.0013898500000000002
MDA/BTC,1609547657059,2021-01-02T00:34:17.059Z,sell,1.805e-05,14.0,0.0002527
MDA/BTC,1609547751271,2021-01-02T00:35:51.271Z,buy,1.814e-05,323.0,0.00585922
MDA/BTC,1609547766601,2021-01-02T00:36:06.601Z,buy,1.828e-05,6.0,0.00010968000000000001
MDA/BTC,1609547775898,2021-01-02T00:36:15.898Z,buy,1.829e-05,54.0,0.00098766
MDA/BTC,1609547777964,2021-01-02T00:36:17.964Z,buy,1.829e-05,6.0,0.00010973999999999999
MDA/BTC,1609547798295,2021-01-02T00:36:38.295Z,buy,1.843e-05,101.0,0.00186143
MDA/BTC,1609547803949,2021-01-02T00:36:43.949Z,buy,1.85e-05,108.0,0.0019979999999999998
MDA/BTC,1609547805441,2021-01-02T00:36:45.441Z,buy,1.85e-05,108.0,0.0019979999999999998
MDA/BTC,1609547807756,2021-01-02T00:36:47.756Z,buy,1.85e-05,16.0,0.000296
MDA/BTC,1609547812146,2021-01-02T00:36:52.146Z,buy,1.85e-05,104.0,0.001924
MDA/BTC,1609547824650,2021-01-02T00:37:04.650Z,buy,1.851e-05,12.0,0.00022212000000000002
MDA/BTC,1609547839638,2021-01-02T00:37:19.638Z,sell,1.852e-05,104.0,0.00192608
MDA/BTC,1609547847578,2021-01-02T00:37:27.578Z,sell,1.851e-05,96.0,0.0017769600000000002
MDA/BTC,1609547861088,2021-01-02T00:37:41.088Z,sell,1.847e-05,60.0,0.0011082000000000002
MDA/BTC,1609547949205,2021-01-02T00:39:09.205Z,sell,1.859e-05,6.0,0.00011154
MDA/BTC,1609547949205,2021-01-02T00:39:09.205Z,sell,1.858e-05,95.0,0.0017651000000000001
MDA/BTC,1609547949224,2021-01-02T00:39:09.224Z,sell,1.858e-05,412.0,0.007654960000000001
MDA/BTC,1609547949291,2021-01-02T00:39:09.291Z,sell,1.858e-05,101.0,0.00187658
MDA/BTC,1609548067851,2021-01-02T00:41:07.851Z,sell,1.859e-05,6.0,0.00011154
MDA/BTC,1609548091002,2021-01-02T00:41:31.002Z,buy,1.872e-05,6.0,0.00011232000000000001
MDA/BTC,1609548091305,2021-01-02T00:41:31.305Z,buy,1.873e-05,104.0,0.00194792
MDA/BTC,1609548092635,2021-01-02T00:41:32.635Z,sell,1.873e-05,2.0,3.746e-05
MDA/BTC,1609548092635,2021-01-02T00:41:32.635Z,sell,1.872e-05,82.0,0.00153504
MDA/BTC,1609548139820,2021-01-02T00:42:19.820Z,buy,1.878e-05,15.0,0.0002817
MDA/BTC,1609548147991,2021-01-02T00:42:27.991Z,sell,1.878e-05,90.0,0.0016902
MDA/BTC,1609548152511,2021-01-02T00:42:32.511Z,buy,1.881e-05,7.0,0.00013167000000000002
MDA/BTC,1609548200904,2021-01-02T00:43:20.904Z,sell,1.859e-05,317.0,0.00589303
MDA/BTC,1609548200904,2021-01-02T00:43:20.904Z,sell,1.854e-05,1349.0,0.025010459999999998
MDA/BTC,1609548202626,2021-01-02T00:43:22.626Z,sell,1.854e-05,1666.0,0.030887639999999997
MDA/BTC,1609548205943,2021-01-02T00:43:25.943Z,sell,1.854e-05,435.0,0.0080649
MDA/BTC,1609548206336,2021-01-02T00:43:26.336Z,sell,1.85e-05,6.0,0.00011099999999999999
MDA/BTC,1609548242929,2021-01-02T00:44:02.929Z,sell,1.829e-05,48.0,0.0008779199999999999
MDA/BTC,1609548526227,2021-01-02T00:48:46.227Z,buy,1.839e-05,6.0,0.00011033999999999999
MDA/BTC,1609548551557,2021-01-02T00:49:11.557Z,buy,1.837e-05,6.0,0.00011021999999999998
MDA/BTC,1609548671743,2021-01-02T00:51:11.743Z,sell,1.828e-05,106.0,0.0019376800000000002
MDA/BTC,1609548671938,2021-01-02T00:51:11.938Z,sell,1.828e-05,104.0,0.00190112
MDA/BTC,1609548673454,2021-01-02T00:51:13.454Z,sell,1.828e-05,108.0,0.00197424
MDA/BTC,1609548674051,2021-01-02T00:51:14.051Z,sell,1.828e-05,18.0,0.00032904
MDA/BTC,1609548690615,2021-01-02T00:51:30.615Z,sell,1.826e-05,88.0,0.0016068800000000002
MDA/BTC,1609548691159,2021-01-02T00:51:31.159Z,sell,1.826e-05,14.0,0.00025564
MDA/BTC,1609548694963,2021-01-02T00:51:34.963Z,sell,1.815e-05,60.0,0.0010890000000000001
MDA/BTC,1609548697920,2021-01-02T00:51:37.920Z,sell,1.808e-05,101.0,0.0018260799999999999
MDA/BTC,1609548699389,2021-01-02T00:51:39.389Z,sell,1.808e-05,105.0,0.0018984
MDA/BTC,1609548707066,2021-01-02T00:51:47.066Z,sell,1.808e-05,90.0,0.0016271999999999999
MDA/BTC,1609548707329,2021-01-02T00:51:47.329Z,sell,1.808e-05,22.0,0.00039776
MDA/BTC,1609548711344,2021-01-02T00:51:51.344Z,buy,1.809e-05,119.0,0.00215271
MDA/BTC,1609548727874,2021-01-02T00:52:07.874Z,buy,1.809e-05,6.0,0.00010854000000000001
MDA/BTC,1609548731344,2021-01-02T00:52:11.344Z,sell,1.806e-05,6.0,0.00010836
MDA/BTC,1609548731344,2021-01-02T00:52:11.344Z,sell,1.805e-05,30.0,0.0005415000000000001
MDA/BTC,1609548737999,2021-01-02T00:52:17.999Z,sell,1.805e-05,3.0,5.415e-05
MDA/BTC,1609548737999,2021-01-02T00:52:17.999Z,sell,1.794e-05,46.0,0.0008252400000000001
MDA/BTC,1609548757877,2021-01-02T00:52:37.877Z,sell,1.794e-05,28.0,0.00050232
MDA/BTC,1609548776361,2021-01-02T00:52:56.361Z,buy,1.795e-05,35.0,0.00062825
MDA/BTC,1609548789501,2021-01-02T00:53:09.501Z,buy,1.793e-05,63.0,0.00112959
MDA/BTC,1609548812661,2021-01-02T00:53:32.661Z,sell,1.785e-05,60.0,0.001071
MDA/BTC,1609548884838,2021-01-02T00:54:44.838Z,buy,1.786e-05,11299.0,0.20180014
MDA/BTC,1609548885781,2021-01-02T00:54:45.781Z,buy,1.786e-05,1352.0,0.024146719999999997
MDA/BTC,1609549367238,2021-01-02T01:02:47.238Z,buy,1.806e-05,31.0,0.00055986
MDA/BTC,1609550093457,2021-01-02T01:14:53.457Z,buy,1.806e-05,340.0,0.0061404
MDA/BTC,1609550095727,2021-01-02T01:14:55.727Z,buy,1.806e-05,340.0,0.0061404
MDA/BTC,1609550098178,2021-01-02T01:14:58.178Z,buy,1.806e-05,340.0,0.0061404
MDA/BTC,1609550100597,2021-01-02T01:15:00.597Z,buy,1.806e-05,340.0,0.0061404
MDA/BTC,1609550147249,2021-01-02T01:15:47.249Z,buy,1.806e-05,2300.0,0.041538
MDA/BTC,1609550148246,2021-01-02T01:15:48.246Z,buy,1.814e-05,110.0,0.0019954
MDA/BTC,1609550149720,2021-01-02T01:15:49.720Z,buy,1.814e-05,110.0,0.0019954
MDA/BTC,1609550150541,2021-01-02T01:15:50.541Z,buy,1.814e-05,87.0,0.00157818
MDA/BTC,1609550164179,2021-01-02T01:16:04.179Z,buy,1.82e-05,109.0,0.0019838
MDA/BTC,1609550164717,2021-01-02T01:16:04.717Z,buy,1.82e-05,109.0,0.0019838
MDA/BTC,1609550165180,2021-01-02T01:16:05.180Z,sell,1.819e-05,33.0,0.00060027
MDA/BTC,1609550165453,2021-01-02T01:16:05.453Z,buy,1.82e-05,109.0,0.0019838
MDA/BTC,1609550165936,2021-01-02T01:16:05.936Z,buy,1.82e-05,54.0,0.0009827999999999998
MDA/BTC,1609550167181,2021-01-02T01:16:07.181Z,buy,1.82e-05,5.0,9.099999999999999e-05
MDA/BTC,1609550169146,2021-01-02T01:16:09.146Z,sell,1.821e-05,268.0,0.00488028
MDA/BTC,1609550169152,2021-01-02T01:16:09.152Z,sell,1.821e-05,268.0,0.00488028
MDA/BTC,1609550169760,2021-01-02T01:16:09.760Z,sell,1.821e-05,202.0,0.00367842
MDA/BTC,1609550169859,2021-01-02T01:16:09.859Z,sell,1.821e-05,315.0,0.00573615
MDA/BTC,1609550171417,2021-01-02T01:16:11.417Z,sell,1.821e-05,96.0,0.00174816
MDA/BTC,1609550171418,2021-01-02T01:16:11.418Z,sell,1.821e-05,64.0,0.00116544
MDA/BTC,1609550171418,2021-01-02T01:16:11.418Z,sell,1.82e-05,20.0,0.00036399999999999996
MDA/BTC,1609550172845,2021-01-02T01:16:12.845Z,sell,1.823e-05,160.0,0.0029167999999999998
MDA/BTC,1609550172845,2021-01-02T01:16:12.845Z,sell,1.822e-05,565.0,0.0102943
MDA/BTC,1609550172917,2021-01-02T01:16:12.917Z,sell,1.822e-05,238.0,0.004336359999999999
MDA/BTC,1609550181876,2021-01-02T01:16:21.876Z,buy,1.828e-05,109.0,0.0019925200000000002
MDA/BTC,1609550183279,2021-01-02T01:16:23.279Z,buy,1.85e-05,6.0,0.00011099999999999999
MDA/BTC,1609550183279,2021-01-02T01:16:23.279Z,buy,1.854e-05,17.0,0.00031518
MDA/BTC,1609550207113,2021-01-02T01:16:47.113Z,sell,1.846e-05,71.0,0.00131066
MDA/BTC,1609550208044,2021-01-02T01:16:48.044Z,sell,1.846e-05,935.0,0.0172601
MDA/BTC,1609550226564,2021-01-02T01:17:06.564Z,sell,1.842e-05,861.0,0.01585962
MDA/BTC,1609550246396,2021-01-02T01:17:26.396Z,sell,1.841e-05,816.0,0.01502256
MDA/BTC,1609550267859,2021-01-02T01:17:47.859Z,sell,1.841e-05,637.0,0.01172717
MDA/BTC,1609550272756,2021-01-02T01:17:52.756Z,buy,1.841e-05,179.0,0.0032953900000000005
MDA/BTC,1609550277940,2021-01-02T01:17:57.940Z,sell,1.842e-05,551.0,0.01014942
MDA/BTC,1609550277940,2021-01-02T01:17:57.940Z,sell,1.841e-05,45.0,0.0008284500000000001
MDA/BTC,1609550314164,2021-01-02T01:18:34.164Z,sell,1.843e-05,448.0,0.00825664
MDA/BTC,1609550338539,2021-01-02T01:18:58.539Z,sell,1.843e-05,107.0,0.00197201
MDA/BTC,1609550338539,2021-01-02T01:18:58.539Z,sell,1.842e-05,341.0,0.00628122
MDA/BTC,1609550342404,2021-01-02T01:19:02.404Z,sell,1.843e-05,436.0,0.008035480000000001
MDA/BTC,1609550342903,2021-01-02T01:19:02.903Z,buy,1.842e-05,18.0,0.00033156
MDA/BTC,1609550347655,2021-01-02T01:19:07.655Z,sell,1.843e-05,393.0,0.00724299
MDA/BTC,1609550347655,2021-01-02T01:19:07.655Z,sell,1.842e-05,55.0,0.0010131
MDA/BTC,1609550352285,2021-01-02T01:19:12.285Z,sell,1.843e-05,341.0,0.00628463
MDA/BTC,1609550352285,2021-01-02T01:19:12.285Z,sell,1.842e-05,35.0,0.0006447
MDA/BTC,1609550371210,2021-01-02T01:19:31.210Z,sell,1.841e-05,326.0,0.006001660000000001
MDA/BTC,1609550371809,2021-01-02T01:19:31.809Z,sell,1.833e-05,102.0,0.00186966
MDA/BTC,1609550371809,2021-01-02T01:19:31.809Z,sell,1.832e-05,246.0,0.0045067200000000005
MDA/BTC,1609550372214,2021-01-02T01:19:32.214Z,sell,1.831e-05,678.0,0.012414179999999999
MDA/BTC,1609550375459,2021-01-02T01:19:35.459Z,sell,1.832e-05,284.0,0.00520288
MDA/BTC,1609550375957,2021-01-02T01:19:35.957Z,sell,1.831e-05,11015.0,0.20168465
MDA/BTC,1609550413472,2021-01-02T01:20:13.472Z,buy,1.854e-05,6.0,0.00011124
MDA/BTC,1609550472361,2021-01-02T01:21:12.361Z,sell,1.847e-05,107.0,0.00197629
MDA/BTC,1609550502816,2021-01-02T01:21:42.816Z,sell,1.848e-05,234.0,0.0043243199999999996
MDA/BTC,1609550511903,2021-01-02T01:21:51.903Z,sell,1.847e-05,222.0,0.00410034
MDA/BTC,1609550520860,2021-01-02T01:22:00.860Z,sell,1.848e-05,102.0,0.00188496
MDA/BTC,1609550530555,2021-01-02T01:22:10.555Z,buy,1.847e-05,33.0,0.0006095100000000001
MDA/BTC,1609550541968,2021-01-02T01:22:21.968Z,buy,1.847e-05,33.0,0.0006095100000000001
MDA/BTC,1609550574077,2021-01-02T01:22:54.077Z,sell,1.848e-05,202.0,0.00373296
MDA/BTC,1609550590104,2021-01-02T01:23:10.104Z,sell,1.849e-05,150.0,0.0027735
MDA/BTC,1609550620692,2021-01-02T01:23:40.692Z,sell,1.848e-05,149.0,0.0027535199999999998
MDA/BTC,1609550629227,2021-01-02T01:23:49.227Z,sell,1.848e-05,125.0,0.00231
MDA/BTC,1609550728333,2021-01-02T01:25:28.333Z,sell,1.849e-05,149.0,0.00275501
MDA/BTC,1609550739532,2021-01-02T01:25:39.532Z,sell,1.849e-05,124.0,0.00229276
MDA/BTC,1609550744196,2021-01-02T01:25:44.196Z,buy,1.859e-05,11.0,0.00020449
MDA/BTC,1609550746402,2021-01-02T01:25:46.402Z,sell,1.849e-05,114.0,0.00210786
MDA/BTC,1609550751192,2021-01-02T01:25:51.192Z,sell,1.849e-05,114.0,0.00210786
MDA/BTC,1609550762250,2021-01-02T01:26:02.250Z,sell,1.85e-05,97.0,0.0017944999999999999
MDA/BTC,1609550771147,2021-01-02T01:26:11.147Z,sell,1.849e-05,100.0,0.0018490000000000002
MDA/BTC,1609550781230,2021-01-02T01:26:21.230Z,sell,1.85e-05,94.0,0.0017389999999999999
MDA/BTC,1609550791115,2021-01-02T01:26:31.115Z,sell,1.849e-05,74.0,0.00136826
MDA/BTC,1609550797946,2021-01-02T01:26:37.946Z,sell,1.849e-05,69.0,0.00127581
MDA/BTC,1609550804406,2021-01-02T01:26:44.406Z,sell,1.849e-05,64.0,0.00118336
MDA/BTC,1609550812316,2021-01-02T01:26:52.316Z,sell,1.849e-05,74.0,0.00136826
MDA/BTC,1609550818814,2021-01-02T01:26:58.814Z,sell,1.849e-05,69.0,0.00127581
MDA/BTC,1609550960260,2021-01-02T01:29:20.260Z,sell,1.861e-05,48.0,0.00089328
MDA/BTC,1609550960260,2021-01-02T01:29:20.260Z,sell,1.861e-05,48.0,0.00089328
MDA/BTC,1609550981431,2021-01-02T01:29:41.431Z,sell,1.852e-05,47.0,0.00087044
MDA/BTC,1609550989068,2021-01-02T01:29:49.068Z,sell,1.85e-05,44.0,0.0008139999999999999
MDA/BTC,1609550996372,2021-01-02T01:29:56.372Z,sell,1.853e-05,40.0,0.0007412
MDA/BTC,1609550996372,2021-01-02T01:29:56.372Z,sell,1.852e-05,15.0,0.0002778
MDA/BTC,1609551005190,2021-01-02T01:30:05.190Z,sell,1.854e-05,10.0,0.00018539999999999998
MDA/BTC,1609551005190,2021-01-02T01:30:05.190Z,sell,1.852e-05,480.0,0.0088896
MDA/BTC,1609551007060,2021-01-02T01:30:07.060Z,sell,1.852e-05,197.0,0.0036484399999999998
MDA/BTC,1609551040685,2021-01-02T01:30:40.685Z,sell,1.856e-05,46.0,0.00085376
MDA/BTC,1609551040685,2021-01-02T01:30:40.685Z,sell,1.852e-05,108.0,0.00200016
MDA/BTC,1609551066256,2021-01-02T01:31:06.256Z,sell,1.851e-05,45.0,0.00083295
MDA/BTC,1609551070066,2021-01-02T01:31:10.066Z,sell,1.851e-05,57.0,0.00105507
MDA/BTC,1609551070066,2021-01-02T01:31:10.066Z,sell,1.849e-05,13.0,0.00024037
MDA/BTC,1609551124868,2021-01-02T01:32:04.868Z,sell,1.855e-05,32.0,0.0005936
MDA/BTC,1609551148119,2021-01-02T01:32:28.119Z,sell,1.85e-05,32.0,0.000592
MDA/BTC,1609551157106,2021-01-02T01:32:37.106Z,sell,1.854e-05,32.0,0.00059328
MDA/BTC,1609551161697,2021-01-02T01:32:41.697Z,sell,1.855e-05,32.0,0.0005936
MDA/BTC,1609551165582,2021-01-02T01:32:45.582Z,sell,1.856e-05,32.0,0.00059392
MDA/BTC,1609551169211,2021-01-02T01:32:49.211Z,sell,1.857e-05,32.0,0.00059424
MDA/BTC,1609551175006,2021-01-02T01:32:55.006Z,sell,1.858e-05,14.0,0.00026012
MDA/BTC,1609551279154,2021-01-02T01:34:39.154Z,sell,1.848e-05,101.0,0.00186648
MDA/BTC,1609551284983,2021-01-02T01:34:44.983Z,sell,1.833e-05,109.0,0.00199797
MDA/BTC,1609551285958,2021-01-02T01:34:45.958Z,sell,1.833e-05,54.0,0.00098982
MDA/BTC,1609551288713,2021-01-02T01:34:48.713Z,sell,1.833e-05,110.0,0.0020163
MDA/BTC,1609551289035,2021-01-02T01:34:49.035Z,sell,1.833e-05,110.0,0.0020163
MDA/BTC,1609551289265,2021-01-02T01:34:49.265Z,sell,1.833e-05,3107.0,0.05695131
MDA/BTC,1609551290327,2021-01-02T01:34:50.327Z,sell,1.828e-05,87.0,0.00159036
MDA/BTC,1609551303450,2021-01-02T01:35:03.450Z,sell,1.815e-05,108.0,0.0019602
MDA/BTC,1609551303761,2021-01-02T01:35:03.761Z,buy,1.816e-05,6.0,0.00010895999999999999
MDA/BTC,1609551304017,2021-01-02T01:35:04.017Z,sell,1.815e-05,29.0,0.00052635
MDA/BTC,1609551306114,2021-01-02T01:35:06.114Z,buy,1.814e-05,12.0,0.00021768
MDA/BTC,1609551311650,2021-01-02T01:35:11.650Z,sell,1.806e-05,6.0,0.00010836
MDA/BTC,1609551320397,2021-01-02T01:35:20.397Z,buy,1.798e-05,2932.0,0.052717360000000005
MDA/BTC,1609551324216,2021-01-02T01:35:24.216Z,buy,1.795e-05,928.0,0.016657599999999998
MDA/BTC,1609551325549,2021-01-02T01:35:25.549Z,buy,1.794e-05,8180.0,0.1467492
MDA/BTC,1609551347693,2021-01-02T01:35:47.693Z,sell,1.793e-05,103.0,0.0018467899999999998
MDA/BTC,1609551435357,2021-01-02T01:37:15.357Z,buy,1.815e-05,62.0,0.0011253
MDA/BTC,1609551437293,2021-01-02T01:37:17.293Z,sell,1.815e-05,2.0,3.63e-05
MDA/BTC,1609551453444,2021-01-02T01:37:33.444Z,sell,1.811e-05,33.0,0.00059763
MDA/BTC,1609551467337,2021-01-02T01:37:47.337Z,sell,1.802e-05,23.0,0.00041446
MDA/BTC,1609551483327,2021-01-02T01:38:03.327Z,sell,1.802e-05,10.0,0.0001802
MDA/BTC,1609551483327,2021-01-02T01:38:03.327Z,sell,1.793e-05,6.0,0.00010758
MDA/BTC,1609551483327,2021-01-02T01:38:03.327Z,sell,1.792e-05,60.0,0.0010752000000000001
MDA/BTC,1609551541154,2021-01-02T01:39:01.154Z,sell,1.812e-05,250.0,0.00453
MDA/BTC,1609551893587,2021-01-02T01:44:53.587Z,buy,1.812e-05,103.0,0.0018663599999999999
MDA/BTC,1609551961498,2021-01-02T01:46:01.498Z,buy,1.822e-05,1643.0,0.029935459999999997
MDA/BTC,1609552016014,2021-01-02T01:46:56.014Z,sell,1.822e-05,87.0,0.0015851399999999999
MDA/BTC,1609552017214,2021-01-02T01:46:57.214Z,buy,1.822e-05,23.0,0.00041905999999999996
MDA/BTC,1609552017366,2021-01-02T01:46:57.366Z,sell,1.815e-05,1621.0,0.02942115
MDA/BTC,1609552084410,2021-01-02T01:48:04.410Z,buy,1.822e-05,535.0,0.0097477
MDA/BTC,1609552149277,2021-01-02T01:49:09.277Z,sell,1.815e-05,1311.0,0.02379465
MDA/BTC,1609552162736,2021-01-02T01:49:22.736Z,buy,1.819e-05,324.0,0.00589356
MDA/BTC,1609552239925,2021-01-02T01:50:39.925Z,sell,1.819e-05,71.0,0.00129149
MDA/BTC,1609552317126,2021-01-02T01:51:57.126Z,sell,1.819e-05,106.0,0.00192814
MDA/BTC,1609552321335,2021-01-02T01:52:01.335Z,buy,1.819e-05,6.0,0.00010914
MDA/BTC,1609552340529,2021-01-02T01:52:20.529Z,sell,1.819e-05,12.0,0.00021828
MDA/BTC,1609552376859,2021-01-02T01:52:56.859Z,sell,1.819e-05,24.0,0.00043656
MDA/BTC,1609552389052,2021-01-02T01:53:09.052Z,buy,1.819e-05,11.0,0.00020009
MDA/BTC,1609552396242,2021-01-02T01:53:16.242Z,sell,1.819e-05,1978.0,0.03597982
MDA/BTC,1609552534931,2021-01-02T01:55:34.931Z,buy,1.819e-05,31.0,0.00056389
MDA/BTC,1609552699685,2021-01-02T01:58:19.685Z,sell,1.816e-05,599.0,0.01087784
MDA/BTC,1609552729616,2021-01-02T01:58:49.616Z,sell,1.819e-05,50.0,0.0009095
MDA/BTC,1609552753813,2021-01-02T01:59:13.813Z,buy,1.819e-05,1233.0,0.02242827
MDA/BTC,1609552831016,2021-01-02T02:00:31.016Z,sell,1.819e-05,38.0,0.00069122
MDA/BTC,1609552860211,2021-01-02T02:01:00.211Z,buy,1.819e-05,8.0,0.00014552
MDA/BTC,1609553010782,2021-01-02T02:03:30.782Z,buy,1.819e-05,13.0,0.00023647000000000002
MDA/BTC,1609553094103,2021-01-02T02:04:54.103Z,buy,1.819e-05,220.0,0.0040018
MDA/BTC,1609553170307,2021-01-02T02:06:10.307Z,buy,1.819e-05,436.0,0.00793084
MDA/BTC,1609553221515,2021-01-02T02:07:01.515Z,sell,1.819e-05,194.0,0.00352886
MDA/BTC,1609553290840,2021-01-02T02:08:10.840Z,buy,1.819e-05,44.0,0.00080036
MDA/BTC,1609553307032,2021-01-02T02:08:27.032Z,sell,1.819e-05,1916.0,0.03485204
MDA/BTC,1609553312228,2021-01-02T02:08:32.228Z,sell,1.819e-05,717.0,0.01304223
MDA/BTC,1609553314424,2021-01-02T02:08:34.424Z,sell,1.819e-05,27.0,0.00049113
MDA/BTC,1609553318620,2021-01-02T02:08:38.620Z,sell,1.819e-05,18.0,0.00032742000000000003
MDA/BTC,1609553421946,2021-01-02T02:10:21.946Z,buy,1.819e-05,1396.0,0.02539324
MDA/BTC,1609553548283,2021-01-02T02:12:28.283Z,sell,1.819e-05,356.0,0.00647564
MDA/BTC,1609553579823,2021-01-02T02:12:59.823Z,sell,1.817e-05,7.0,0.00012719
MDA/BTC,1609553616961,2021-01-02T02:13:36.961Z,buy,1.822e-05,6.0,0.00010931999999999999
MDA/BTC,1609553616961,2021-01-02T02:13:36.961Z,buy,1.824e-05,576.0,0.01050624
MDA/BTC,1609553860985,2021-01-02T02:17:40.985Z,buy,1.822e-05,166.0,0.0030245199999999997
MDA/BTC,1609553948179,2021-01-02T02:19:08.179Z,buy,1.822e-05,737.0,0.013428139999999998
MDA/BTC,1609554027426,2021-01-02T02:20:27.426Z,sell,1.822e-05,69.0,0.0012571799999999999
MDA/BTC,1609554027600,2021-01-02T02:20:27.600Z,sell,1.822e-05,1296.0,0.023613119999999998
MDA/BTC,1609554117813,2021-01-02T02:21:57.813Z,buy,1.82e-05,2226.0,0.0405132
MDA/BTC,1609554295320,2021-01-02T02:24:55.320Z,buy,1.822e-05,11.0,0.00020041999999999998
MDA/BTC,1609554466837,2021-01-02T02:27:46.837Z,buy,1.822e-05,11.0,0.00020041999999999998
MDA/BTC,1609554504160,2021-01-02T02:28:24.160Z,buy,1.822e-05,487.0,0.00887314
MDA/BTC,1609554545290,2021-01-02T02:29:05.290Z,buy,1.822e-05,53.0,0.0009656599999999999
MDA/BTC,1609554545290,2021-01-02T02:29:05.290Z,buy,1.822e-05,53.0,0.0009656599999999999
MDA/BTC,1609554640607,2021-01-02T02:30:40.607Z,buy,1.822e-05,69.0,0.0012571799999999999
MDA/BTC,1609554640679,2021-01-02T02:30:40.679Z,sell,1.822e-05,377.0,0.00686894
MDA/BTC,1609554720878,2021-01-02T02:32:00.878Z,buy,1.822e-05,27.0,0.00049194
MDA/BTC,1609554734070,2021-01-02T02:32:14.070Z,buy,1.822e-05,197.0,0.00358934
MDA/BTC,1609554798202,2021-01-02T02:33:18.202Z,buy,1.822e-05,7.0,0.00012754
MDA/BTC,1609554924589,2021-01-02T02:35:24.589Z,buy,1.822e-05,19.0,0.00034617999999999997
MDA/BTC,1609554979794,2021-01-02T02:36:19.794Z,buy,1.822e-05,168.0,0.0030609599999999997
MDA/BTC,1609555039926,2021-01-02T02:37:19.926Z,buy,1.822e-05,69.0,0.0012571799999999999
MDA/BTC,1609555039997,2021-01-02T02:37:19.997Z,sell,1.822e-05,438.0,0.007980359999999999
MDA/BTC,1609555130555,2021-01-02T02:38:50.555Z,buy,1.822e-05,9.0,0.00016397999999999999
MDA/BTC,1609555153679,2021-01-02T02:39:13.679Z,buy,1.822e-05,69.0,0.0012571799999999999
MDA/BTC,1609555153746,2021-01-02T02:39:13.746Z,sell,1.822e-05,82.0,0.0014940399999999999
MDA/BTC,1609555353199,2021-01-02T02:42:33.199Z,buy,1.822e-05,1750.0,0.031885
MDA/BTC,1609555375396,2021-01-02T02:42:55.396Z,buy,1.822e-05,81.0,0.0014758199999999999
MDA/BTC,1609555413531,2021-01-02T02:43:33.531Z,buy,1.822e-05,69.0,0.0012571799999999999
MDA/BTC,1609555413598,2021-01-02T02:43:33.598Z,sell,1.822e-05,2166.0,0.039464519999999996
MDA/BTC,1609555430882,2021-01-02T02:43:50.882Z,sell,1.821e-05,1300.0,0.023673
MDA/BTC,1609555481807,2021-01-02T02:44:41.807Z,buy,1.822e-05,499.0,0.009091779999999999
MDA/BTC,1609555481937,2021-01-02T02:44:41.937Z,buy,1.822e-05,27.0,0.00049194
MDA/BTC,1609555576400,2021-01-02T02:46:16.400Z,sell,1.821e-05,1017.0,0.01851957
MDA/BTC,1609555576400,2021-01-02T02:46:16.400Z,sell,1.82e-05,1643.0,0.029902599999999998
MDA/BTC,1609555588518,2021-01-02T02:46:28.518Z,sell,1.821e-05,848.0,0.01544208
MDA/BTC,1609555600173,2021-01-02T02:46:40.173Z,sell,1.821e-05,718.0,0.01307478
MDA/BTC,1609555609480,2021-01-02T02:46:49.480Z,sell,1.821e-05,611.0,0.01112631
MDA/BTC,1609555619101,2021-01-02T02:46:59.101Z,sell,1.821e-05,525.0,0.00956025
MDA/BTC,1609555699443,2021-01-02T02:48:19.443Z,buy,1.822e-05,47.0,0.0008563399999999999
MDA/BTC,1609555710362,2021-01-02T02:48:30.362Z,sell,1.821e-05,454.0,0.00826734
MDA/BTC,1609555716675,2021-01-02T02:48:36.675Z,sell,1.821e-05,455.0,0.008285550000000001
MDA/BTC,1609555726574,2021-01-02T02:48:46.574Z,sell,1.821e-05,370.0,0.0067377
MDA/BTC,1609555791083,2021-01-02T02:49:51.083Z,sell,1.821e-05,346.0,0.0063006600000000005
MDA/BTC,1609555801960,2021-01-02T02:50:01.960Z,sell,1.821e-05,246.0,0.00447966
MDA/BTC,1609555805374,2021-01-02T02:50:05.374Z,buy,1.822e-05,12.0,0.00021863999999999998
MDA/BTC,1609555812372,2021-01-02T02:50:12.372Z,sell,1.821e-05,273.0,0.00497133
MDA/BTC,1609555820383,2021-01-02T02:50:20.383Z,sell,1.821e-05,240.0,0.0043704
MDA/BTC,1609555820767,2021-01-02T02:50:20.767Z,sell,1.821e-05,744.0,0.01354824
MDA/BTC,1609555834825,2021-01-02T02:50:34.825Z,sell,1.821e-05,211.0,0.00384231
MDA/BTC,1609555858898,2021-01-02T02:50:58.898Z,buy,1.822e-05,20.0,0.00036439999999999997
MDA/BTC,1609556009070,2021-01-02T02:53:29.070Z,sell,1.821e-05,187.0,0.00340527
MDA/BTC,1609556018150,2021-01-02T02:53:38.150Z,sell,1.821e-05,114.0,0.00207594
MDA/BTC,1609556050876,2021-01-02T02:54:10.876Z,sell,1.82e-05,107.0,0.0019473999999999997
MDA/BTC,1609556064688,2021-01-02T02:54:24.688Z,sell,1.814e-05,94.0,0.0017051599999999998
MDA/BTC,1609556073875,2021-01-02T02:54:33.875Z,sell,1.811e-05,102.0,0.0018472200000000001
MDA/BTC,1609556094464,2021-01-02T02:54:54.464Z,sell,1.81e-05,100.0,0.00181
MDA/BTC,1609556103258,2021-01-02T02:55:03.258Z,sell,1.785e-05,15.0,0.00026775
MDA/BTC,1609556129490,2021-01-02T02:55:29.490Z,buy,1.788e-05,3000.0,0.05364000000000001
MDA/BTC,1609556161718,2021-01-02T02:56:01.718Z,buy,1.786e-05,16.0,0.00028576
MDA/BTC,1609556162542,2021-01-02T02:56:02.542Z,buy,1.788e-05,2000.0,0.03576
MDA/BTC,1609556173037,2021-01-02T02:56:13.037Z,sell,1.797e-05,28.0,0.00050316
MDA/BTC,1609556196874,2021-01-02T02:56:36.874Z,buy,1.804e-05,102.0,0.00184008
MDA/BTC,1609556196874,2021-01-02T02:56:36.874Z,buy,1.805e-05,688.0,0.012418400000000001
MDA/BTC,1609556196874,2021-01-02T02:56:36.874Z,buy,1.806e-05,1781.0,0.032164859999999997
MDA/BTC,1609556199874,2021-01-02T02:56:39.874Z,buy,1.806e-05,953.0,0.01721118
MDA/BTC,1609556201923,2021-01-02T02:56:41.923Z,buy,1.806e-05,110.0,0.0019866
MDA/BTC,1609556201992,2021-01-02T02:56:41.992Z,buy,1.806e-05,110.0,0.0019866
MDA/BTC,1609556202878,2021-01-02T02:56:42.878Z,buy,1.806e-05,596.0,0.01076376
MDA/BTC,1609556213338,2021-01-02T02:56:53.338Z,sell,1.807e-05,1414.0,0.02555098
MDA/BTC,1609556213752,2021-01-02T02:56:53.752Z,sell,1.802e-05,708.0,0.012758160000000001
MDA/BTC,1609556214162,2021-01-02T02:56:54.162Z,sell,1.801e-05,6986.0,0.12581786
MDA/BTC,1609556228858,2021-01-02T02:57:08.858Z,buy,1.813e-05,323.0,0.00585599
MDA/BTC,1609556245154,2021-01-02T02:57:25.154Z,buy,1.819e-05,46.0,0.00083674
MDA/BTC,1609556246835,2021-01-02T02:57:26.835Z,buy,1.822e-05,54.0,0.00098388
MDA/BTC,1609556247364,2021-01-02T02:57:27.364Z,buy,1.822e-05,3.0,5.4659999999999995e-05
MDA/BTC,1609556250851,2021-01-02T02:57:30.851Z,buy,1.828e-05,218.0,0.0039850400000000005
MDA/BTC,1609556263239,2021-01-02T02:57:43.239Z,buy,1.839e-05,20.0,0.00036779999999999994
MDA/BTC,1609556282352,2021-01-02T02:58:02.352Z,buy,1.85e-05,6.0,0.00011099999999999999
MDA/BTC,1609556282352,2021-01-02T02:58:02.352Z,buy,1.859e-05,10.0,0.0001859
MDA/BTC,1609556282669,2021-01-02T02:58:02.669Z,buy,1.849e-05,11.0,0.00020339000000000002
MDA/BTC,1609556284580,2021-01-02T02:58:04.580Z,sell,1.838e-05,520.0,0.0095576
MDA/BTC,1609556290690,2021-01-02T02:58:10.690Z,sell,1.839e-05,446.0,0.00820194
MDA/BTC,1609556293396,2021-01-02T02:58:13.396Z,buy,1.838e-05,74.0,0.00136012
MDA/BTC,1609556297079,2021-01-02T02:58:17.079Z,sell,1.839e-05,420.0,0.007723799999999999
MDA/BTC,1609556297079,2021-01-02T02:58:17.079Z,sell,1.838e-05,34.0,0.0006249200000000001
MDA/BTC,1609556326686,2021-01-02T02:58:46.686Z,sell,1.846e-05,355.0,0.0065533
MDA/BTC,1609556326703,2021-01-02T02:58:46.703Z,sell,1.846e-05,10.0,0.0001846
MDA/BTC,1609556326703,2021-01-02T02:58:46.703Z,sell,1.845e-05,78.0,0.0014391
MDA/BTC,1609556343287,2021-01-02T02:59:03.287Z,sell,1.842e-05,323.0,0.00594966
MDA/BTC,1609556351608,2021-01-02T02:59:11.608Z,sell,1.842e-05,285.0,0.0052497
MDA/BTC,1609556359555,2021-01-02T02:59:19.555Z,sell,1.842e-05,221.0,0.00407082
MDA/BTC,1609556360545,2021-01-02T02:59:20.545Z,sell,1.842e-05,105.0,0.0019341
MDA/BTC,1609556370700,2021-01-02T02:59:30.700Z,sell,1.843e-05,216.0,0.00398088
MDA/BTC,1609556390348,2021-01-02T02:59:50.348Z,sell,1.842e-05,194.0,0.00357348
MDA/BTC,1609556391997,2021-01-02T02:59:51.997Z,sell,1.849e-05,7.0,0.00012943
MDA/BTC,1609556400073,2021-01-02T03:00:00.073Z,sell,1.842e-05,173.0,0.00318666
MDA/BTC,1609556408948,2021-01-02T03:00:08.948Z,sell,1.842e-05,155.0,0.0028551
MDA/BTC,1609556416879,2021-01-02T03:00:16.879Z,sell,1.842e-05,139.0,0.00256038
MDA/BTC,1609556420154,2021-01-02T03:00:20.154Z,sell,1.849e-05,581.0,0.010742690000000001
MDA/BTC,1609556420203,2021-01-02T03:00:20.203Z,sell,1.849e-05,708.0,0.01309092
MDA/BTC,1609556433400,2021-01-02T03:00:33.400Z,sell,1.845e-05,500.0,0.009225
MDA/BTC,1609556441133,2021-01-02T03:00:41.133Z,sell,1.842e-05,122.0,0.00224724
MDA/BTC,1609556450593,2021-01-02T03:00:50.593Z,buy,1.846e-05,192.0,0.00354432
MDA/BTC,1609556461792,2021-01-02T03:01:01.792Z,sell,1.845e-05,73.0,0.0013468500000000001
MDA/BTC,1609556474986,2021-01-02T03:01:14.986Z,buy,1.845e-05,360.0,0.006642
MDA/BTC,1609556475185,2021-01-02T03:01:15.185Z,sell,1.845e-05,75.0,0.00138375
MDA/BTC,1609556485390,2021-01-02T03:01:25.390Z,sell,1.845e-05,500.0,0.009225
MDA/BTC,1609556490587,2021-01-02T03:01:30.587Z,sell,1.845e-05,403.0,0.00743535
MDA/BTC,1609556490790,2021-01-02T03:01:30.790Z,buy,1.845e-05,498.0,0.009188100000000001
MDA/BTC,1609556495990,2021-01-02T03:01:35.990Z,buy,1.845e-05,498.0,0.009188100000000001
MDA/BTC,1609556498553,2021-01-02T03:01:38.553Z,sell,1.843e-05,157.0,0.00289351
MDA/BTC,1609556516194,2021-01-02T03:01:56.194Z,buy,1.845e-05,204.0,0.0037638000000000003
MDA/BTC,1609556525485,2021-01-02T03:02:05.485Z,sell,1.842e-05,127.0,0.00233934
MDA/BTC,1609556531388,2021-01-02T03:02:11.388Z,sell,1.845e-05,265.0,0.00488925
MDA/BTC,1609556531583,2021-01-02T03:02:11.583Z,buy,1.845e-05,497.0,0.009169650000000001
MDA/BTC,1609556531788,2021-01-02T03:02:11.788Z,sell,1.845e-05,68.0,0.0012546
MDA/BTC,1609556533046,2021-01-02T03:02:13.046Z,sell,1.842e-05,115.0,0.0021183
MDA/BTC,1609556551981,2021-01-02T03:02:31.981Z,sell,1.845e-05,499.0,0.00920655
MDA/BTC,1609556562117,2021-01-02T03:02:42.117Z,buy,1.848e-05,78.0,0.00144144
MDA/BTC,1609556562189,2021-01-02T03:02:42.189Z,sell,1.848e-05,66.0,0.00121968
MDA/BTC,1609556567315,2021-01-02T03:02:47.315Z,buy,1.848e-05,78.0,0.00144144
MDA/BTC,1609556567385,2021-01-02T03:02:47.385Z,sell,1.848e-05,326.0,0.00602448
MDA/BTC,1609556569584,2021-01-02T03:02:49.584Z,buy,1.848e-05,496.0,0.00916608
MDA/BTC,1609556587713,2021-01-02T03:03:07.713Z,buy,1.848e-05,78.0,0.00144144
MDA/BTC,1609556587793,2021-01-02T03:03:07.793Z,sell,1.848e-05,57.0,0.00105336
MDA/BTC,1609556603919,2021-01-02T03:03:23.919Z,buy,1.848e-05,78.0,0.00144144
MDA/BTC,1609556603984,2021-01-02T03:03:23.984Z,sell,1.848e-05,379.0,0.007003919999999999
MDA/BTC,1609556617115,2021-01-02T03:03:37.115Z,buy,1.848e-05,78.0,0.00144144
MDA/BTC,1609556617186,2021-01-02T03:03:37.186Z,sell,1.848e-05,45.0,0.0008315999999999999
MDA/BTC,1609556637316,2021-01-02T03:03:57.316Z,buy,1.848e-05,78.0,0.00144144
MDA/BTC,1609556637382,2021-01-02T03:03:57.382Z,sell,1.848e-05,422.0,0.0077985599999999995
MDA/BTC,1609556654584,2021-01-02T03:04:14.584Z,buy,1.848e-05,496.0,0.00916608
MDA/BTC,1609556674790,2021-01-02T03:04:34.790Z,buy,1.845e-05,415.0,0.00765675
MDA/BTC,1609556680396,2021-01-02T03:04:40.396Z,sell,1.841e-05,112.0,0.00206192
MDA/BTC,1609556693994,2021-01-02T03:04:53.994Z,sell,1.845e-05,195.0,0.0035977500000000003
MDA/BTC,1609556694813,2021-01-02T03:04:54.813Z,sell,1.841e-05,84.0,0.00154644
MDA/BTC,1609556703235,2021-01-02T03:05:03.235Z,sell,1.841e-05,77.0,0.0014175700000000002
MDA/BTC,1609556706194,2021-01-02T03:05:06.194Z,buy,1.845e-05,294.0,0.0054243
MDA/BTC,1609556709387,2021-01-02T03:05:09.387Z,buy,1.845e-05,500.0,0.009225
MDA/BTC,1609556719581,2021-01-02T03:05:19.581Z,buy,1.845e-05,233.0,0.00429885
MDA/BTC,1609556720775,2021-01-02T03:05:20.775Z,buy,1.848e-05,491.0,0.009073679999999999
MDA/BTC,1609556736513,2021-01-02T03:05:36.513Z,sell,1.847e-05,45.0,0.00083115
MDA/BTC,1609556739909,2021-01-02T03:05:39.909Z,buy,1.848e-05,78.0,0.00144144
MDA/BTC,1609556739979,2021-01-02T03:05:39.979Z,sell,1.848e-05,120.0,0.0022176
MDA/BTC,1609556742693,2021-01-02T03:05:42.693Z,sell,1.847e-05,45.0,0.00083115
MDA/BTC,1609556744171,2021-01-02T03:05:44.171Z,buy,1.848e-05,495.0,0.009147599999999999
MDA/BTC,1609556747791,2021-01-02T03:05:47.791Z,sell,1.847e-05,45.0,0.00083115
MDA/BTC,1609556750370,2021-01-02T03:05:50.370Z,buy,1.848e-05,500.0,0.00924
MDA/BTC,1609556752486,2021-01-02T03:05:52.486Z,sell,1.847e-05,45.0,0.00083115
MDA/BTC,1609556756911,2021-01-02T03:05:56.911Z,sell,1.847e-05,45.0,0.00083115
MDA/BTC,1609556760807,2021-01-02T03:06:00.807Z,sell,1.847e-05,45.0,0.00083115
MDA/BTC,1609556765224,2021-01-02T03:06:05.224Z,sell,1.847e-05,45.0,0.00083115
MDA/BTC,1609556769385,2021-01-02T03:06:09.385Z,sell,1.847e-05,45.0,0.00083115
MDA/BTC,1609556769568,2021-01-02T03:06:09.568Z,buy,1.844e-05,500.0,0.009219999999999999
MDA/BTC,1609556771772,2021-01-02T03:06:11.772Z,sell,1.845e-05,449.0,0.008284050000000001
MDA/BTC,1609556787979,2021-01-02T03:06:27.979Z,buy,1.848e-05,390.0,0.0072071999999999995
MDA/BTC,1609556792108,2021-01-02T03:06:32.108Z,buy,1.848e-05,78.0,0.00144144
MDA/BTC,1609556792176,2021-01-02T03:06:32.176Z,sell,1.848e-05,167.0,0.0030861599999999997
MDA/BTC,1609556804305,2021-01-02T03:06:44.305Z,buy,1.848e-05,78.0,0.00144144
MDA/BTC,1609556804373,2021-01-02T03:06:44.373Z,sell,1.848e-05,421.0,0.00778008
MDA/BTC,1609556808503,2021-01-02T03:06:48.503Z,buy,1.848e-05,78.0,0.00144144
MDA/BTC,1609556808574,2021-01-02T03:06:48.574Z,sell,1.848e-05,332.0,0.006135359999999999
MDA/BTC,1609556815768,2021-01-02T03:06:55.768Z,buy,1.848e-05,73.0,0.00134904
MDA/BTC,1609556826896,2021-01-02T03:07:06.896Z,buy,1.848e-05,78.0,0.00144144
MDA/BTC,1609556826965,2021-01-02T03:07:06.965Z,sell,1.848e-05,209.0,0.00386232
MDA/BTC,1609556827166,2021-01-02T03:07:07.166Z,buy,1.848e-05,78.0,0.00144144
MDA/BTC,1609556827234,2021-01-02T03:07:07.234Z,sell,1.848e-05,13.0,0.00024024
MDA/BTC,1609556829088,2021-01-02T03:07:09.088Z,sell,1.847e-05,40.0,0.0007388000000000001
MDA/BTC,1609556829362,2021-01-02T03:07:09.362Z,buy,1.848e-05,78.0,0.00144144
MDA/BTC,1609556829431,2021-01-02T03:07:09.431Z,sell,1.848e-05,415.0,0.007669199999999999
MDA/BTC,1609556839711,2021-01-02T03:07:19.711Z,buy,1.845e-05,300.0,0.005535
MDA/BTC,1609556841900,2021-01-02T03:07:21.900Z,sell,1.845e-05,467.0,0.008616150000000001
MDA/BTC,1609556862096,2021-01-02T03:07:42.096Z,sell,1.845e-05,471.0,0.00868995
MDA/BTC,1609556862289,2021-01-02T03:07:42.289Z,buy,1.844e-05,463.0,0.00853772
MDA/BTC,1609556882480,2021-01-02T03:08:02.480Z,buy,1.845e-05,499.0,0.00920655
MDA/BTC,1609556885675,2021-01-02T03:08:05.675Z,sell,1.845e-05,6.0,0.00011070000000000001
MDA/BTC,1609556886879,2021-01-02T03:08:06.879Z,sell,1.845e-05,500.0,0.009225
MDA/BTC,1609556906346,2021-01-02T03:08:26.346Z,sell,1.847e-05,38.0,0.00070186
MDA/BTC,1609556907081,2021-01-02T03:08:27.081Z,buy,1.848e-05,422.0,0.0077985599999999995
MDA/BTC,1609556909257,2021-01-02T03:08:29.257Z,buy,1.848e-05,448.0,0.00827904
MDA/BTC,1609556913203,2021-01-02T03:08:33.203Z,sell,1.847e-05,35.0,0.00064645
MDA/BTC,1609556921696,2021-01-02T03:08:41.696Z,sell,1.847e-05,33.0,0.0006095100000000001
MDA/BTC,1609556928569,2021-01-02T03:08:48.569Z,sell,1.847e-05,31.0,0.00057257
MDA/BTC,1609556929446,2021-01-02T03:08:49.446Z,sell,1.847e-05,312.0,0.00576264
MDA/BTC,1609556934463,2021-01-02T03:08:54.463Z,sell,1.847e-05,28.0,0.00051716
MDA/BTC,1609556936650,2021-01-02T03:08:56.650Z,buy,1.848e-05,456.0,0.00842688
MDA/BTC,1609556941445,2021-01-02T03:09:01.445Z,sell,1.847e-05,26.0,0.00048022
MDA/BTC,1609556943851,2021-01-02T03:09:03.851Z,buy,1.847e-05,493.0,0.009105710000000001
MDA/BTC,1609556949052,2021-01-02T03:09:09.052Z,buy,1.847e-05,484.0,0.00893948
MDA/BTC,1609556966646,2021-01-02T03:09:26.646Z,sell,1.846e-05,30.0,0.0005538
MDA/BTC,1609556967827,2021-01-02T03:09:27.827Z,buy,1.848e-05,11.0,0.00020328
MDA/BTC,1609556968252,2021-01-02T03:09:28.252Z,buy,1.847e-05,500.0,0.009235
MDA/BTC,1609556968451,2021-01-02T03:09:28.451Z,buy,1.844e-05,496.0,0.00914624
MDA/BTC,1609556971653,2021-01-02T03:09:31.653Z,buy,1.845e-05,203.0,0.00374535
MDA/BTC,1609556990951,2021-01-02T03:09:50.951Z,buy,1.843e-05,500.0,0.009215000000000001
MDA/BTC,1609556991152,2021-01-02T03:09:51.152Z,buy,1.843e-05,194.0,0.00357542
MDA/BTC,1609556992446,2021-01-02T03:09:52.446Z,sell,1.841e-05,24.0,0.00044184000000000004
MDA/BTC,1609556992446,2021-01-02T03:09:52.446Z,sell,1.831e-05,3675.0,0.06728925
MDA/BTC,1609557004679,2021-01-02T03:10:04.679Z,sell,1.832e-05,24.0,0.00043968
MDA/BTC,1609557004679,2021-01-02T03:10:04.679Z,sell,1.831e-05,722.0,0.01321982
MDA/BTC,1609557010358,2021-01-02T03:10:10.358Z,sell,1.84e-05,498.0,0.0091632
MDA/BTC,1609557017831,2021-01-02T03:10:17.831Z,sell,1.833e-05,23.0,0.00042158999999999995
MDA/BTC,1609557017831,2021-01-02T03:10:17.831Z,sell,1.832e-05,101.0,0.0018503200000000001
MDA/BTC,1609557017831,2021-01-02T03:10:17.831Z,sell,1.831e-05,3375.0,0.06179625
MDA/BTC,1609557030556,2021-01-02T03:10:30.556Z,sell,1.84e-05,328.0,0.0060352
MDA/BTC,1609557032753,2021-01-02T03:10:32.753Z,buy,1.839e-05,339.0,0.00623421
MDA/BTC,1609557042951,2021-01-02T03:10:42.951Z,buy,1.84e-05,500.0,0.0092
MDA/BTC,1609557050217,2021-01-02T03:10:50.217Z,buy,1.844e-05,500.0,0.009219999999999999
MDA/BTC,1609557059215,2021-01-02T03:10:59.215Z,sell,1.843e-05,24.0,0.00044232000000000006
MDA/BTC,1609557059420,2021-01-02T03:10:59.420Z,sell,1.843e-05,129.0,0.00237747
MDA/BTC,1609557066586,2021-01-02T03:11:06.586Z,sell,1.842e-05,22.0,0.00040524
MDA/BTC,1609557067692,2021-01-02T03:11:07.692Z,buy,1.844e-05,489.0,0.00901716
MDA/BTC,1609557073133,2021-01-02T03:11:13.133Z,sell,1.842e-05,20.0,0.0003684
MDA/BTC,1609557085888,2021-01-02T03:11:25.888Z,buy,1.844e-05,54.0,0.00099576
MDA/BTC,1609557088146,2021-01-02T03:11:28.146Z,buy,1.845e-05,688.0,0.012693600000000001
MDA/BTC,1609557089735,2021-01-02T03:11:29.735Z,sell,1.842e-05,18.0,0.00033156
MDA/BTC,1609557089735,2021-01-02T03:11:29.735Z,sell,1.841e-05,6.0,0.00011046000000000001
MDA/BTC,1609557089735,2021-01-02T03:11:29.735Z,sell,1.834e-05,3476.0,0.06374984
MDA/BTC,1609557095080,2021-01-02T03:11:35.080Z,buy,1.841e-05,500.0,0.009205000000000001
MDA/BTC,1609557098282,2021-01-02T03:11:38.282Z,sell,1.841e-05,499.0,0.009186590000000001
MDA/BTC,1609557106480,2021-01-02T03:11:46.480Z,sell,1.841e-05,499.0,0.009186590000000001
MDA/BTC,1609557111799,2021-01-02T03:11:51.799Z,sell,1.841e-05,129.0,0.00237489
MDA/BTC,1609557125001,2021-01-02T03:12:05.001Z,buy,1.846e-05,499.0,0.009211539999999999
MDA/BTC,1609557140201,2021-01-02T03:12:20.201Z,buy,1.846e-05,438.0,0.008085479999999999
MDA/BTC,1609557142404,2021-01-02T03:12:22.404Z,buy,1.846e-05,415.0,0.0076609
MDA/BTC,1609557149542,2021-01-02T03:12:29.542Z,buy,1.847e-05,100.0,0.0018470000000000001
MDA/BTC,1609557149542,2021-01-02T03:12:29.542Z,buy,1.848e-05,67.0,0.0012381599999999999
MDA/BTC,1609557149542,2021-01-02T03:12:29.542Z,buy,1.849e-05,1269.0,0.02346381
MDA/BTC,1609557149603,2021-01-02T03:12:29.603Z,sell,1.846e-05,461.0,0.00851006
MDA/BTC,1609557149825,2021-01-02T03:12:29.825Z,buy,1.848e-05,180.0,0.0033263999999999998
MDA/BTC,1609557152330,2021-01-02T03:12:32.330Z,sell,1.845e-05,63.0,0.0011623500000000001
MDA/BTC,1609557154368,2021-01-02T03:12:34.368Z,buy,1.847e-05,688.0,0.012707360000000001
MDA/BTC,1609557156401,2021-01-02T03:12:36.401Z,sell,1.845e-05,57.0,0.0010516500000000001
MDA/BTC,1609557162054,2021-01-02T03:12:42.054Z,sell,1.847e-05,487.0,0.00899489
MDA/BTC,1609557173815,2021-01-02T03:12:53.815Z,sell,1.846e-05,47.0,0.0008676199999999999
MDA/BTC,1609557188013,2021-01-02T03:13:08.013Z,sell,1.844e-05,50.0,0.000922
MDA/BTC,1609557188013,2021-01-02T03:13:08.013Z,sell,1.838e-05,4139.0,0.07607482
MDA/BTC,1609557189317,2021-01-02T03:13:09.317Z,sell,1.837e-05,149.0,0.00273713
MDA/BTC,1609557192517,2021-01-02T03:13:12.517Z,buy,1.839e-05,500.0,0.009195
MDA/BTC,1609557197713,2021-01-02T03:13:17.713Z,sell,1.839e-05,500.0,0.009195
MDA/BTC,1609557208908,2021-01-02T03:13:28.908Z,buy,1.843e-05,176.0,0.00324368
MDA/BTC,1609557211099,2021-01-02T03:13:31.099Z,buy,1.843e-05,372.0,0.00685596
MDA/BTC,1609557229304,2021-01-02T03:13:49.304Z,buy,1.844e-05,414.0,0.00763416
MDA/BTC,1609557245662,2021-01-02T03:14:05.662Z,buy,1.844e-05,414.0,0.00763416
MDA/BTC,1609557249515,2021-01-02T03:14:09.515Z,sell,1.844e-05,498.0,0.00918312
MDA/BTC,1609557264708,2021-01-02T03:14:24.708Z,sell,1.844e-05,488.0,0.00899872
MDA/BTC,1609557269905,2021-01-02T03:14:29.905Z,sell,1.844e-05,486.0,0.00896184
MDA/BTC,1609557271101,2021-01-02T03:14:31.101Z,buy,1.844e-05,499.0,0.00920156
MDA/BTC,1609557271991,2021-01-02T03:14:31.991Z,buy,1.844e-05,499.0,0.00920156
MDA/BTC,1609557271991,2021-01-02T03:14:31.991Z,buy,1.845e-05,53.0,0.0009778500000000002
MDA/BTC,1609557284310,2021-01-02T03:14:44.310Z,sell,1.847e-05,500.0,0.009235
MDA/BTC,1609557303508,2021-01-02T03:15:03.508Z,sell,1.847e-05,439.0,0.00810833
MDA/BTC,1609557304702,2021-01-02T03:15:04.702Z,sell,1.847e-05,437.0,0.008071390000000001
MDA/BTC,1609557323897,2021-01-02T03:15:23.897Z,sell,1.847e-05,487.0,0.00899489
MDA/BTC,1609557335490,2021-01-02T03:15:35.490Z,sell,1.842e-05,6.0,0.00011051999999999999
MDA/BTC,1609557335490,2021-01-02T03:15:35.490Z,sell,1.837e-05,992.0,0.01822304
MDA/BTC,1609557336101,2021-01-02T03:15:36.101Z,sell,1.848e-05,473.0,0.00874104
MDA/BTC,1609557341298,2021-01-02T03:15:41.298Z,buy,1.849e-05,51.0,0.00094299
MDA/BTC,1609557343732,2021-01-02T03:15:43.732Z,sell,1.837e-05,420.0,0.007715399999999999
MDA/BTC,1609557357504,2021-01-02T03:15:57.504Z,sell,1.845e-05,500.0,0.009225
MDA/BTC,1609557364712,2021-01-02T03:16:04.712Z,sell,1.845e-05,397.0,0.00732465
MDA/BTC,1609557366610,2021-01-02T03:16:06.610Z,sell,1.837e-05,100.0,0.0018369999999999999
MDA/BTC,1609557366610,2021-01-02T03:16:06.610Z,sell,1.835e-05,3480.0,0.063858
MDA/BTC,1609557385013,2021-01-02T03:16:25.013Z,buy,1.848e-05,416.0,0.00768768
MDA/BTC,1609557394205,2021-01-02T03:16:34.205Z,sell,1.848e-05,500.0,0.00924
MDA/BTC,1609557414408,2021-01-02T03:16:54.408Z,buy,1.847e-05,498.0,0.009198060000000001
MDA/BTC,1609557418703,2021-01-02T03:16:58.703Z,sell,1.848e-05,498.0,0.00920304
MDA/BTC,1609557418902,2021-01-02T03:16:58.902Z,sell,1.848e-05,395.0,0.0072996
MDA/BTC,1609557419266,2021-01-02T03:16:59.266Z,sell,1.846e-05,26.0,0.00047996
MDA/BTC,1609557423094,2021-01-02T03:17:03.094Z,sell,1.847e-05,496.0,0.00916112
MDA/BTC,1609557423289,2021-01-02T03:17:03.289Z,buy,1.848e-05,437.0,0.00807576
MDA/BTC,1609557426492,2021-01-02T03:17:06.492Z,sell,1.848e-05,466.0,0.00861168
MDA/BTC,1609557431552,2021-01-02T03:17:11.552Z,sell,1.846e-05,24.0,0.00044304
MDA/BTC,1609557440096,2021-01-02T03:17:20.096Z,sell,1.846e-05,21.0,0.00038766
MDA/BTC,1609557445787,2021-01-02T03:17:25.787Z,buy,1.85e-05,496.0,0.009176
MDA/BTC,1609557445925,2021-01-02T03:17:25.925Z,sell,1.846e-05,20.0,0.0003692
MDA/BTC,1609557453987,2021-01-02T03:17:33.987Z,buy,1.85e-05,268.0,0.004958
MDA/BTC,1609557459184,2021-01-02T03:17:39.184Z,buy,1.848e-05,443.0,0.00818664
MDA/BTC,1609557465229,2021-01-02T03:17:45.229Z,sell,1.846e-05,17.0,0.00031382
MDA/BTC,1609557472384,2021-01-02T03:17:52.384Z,sell,1.843e-05,500.0,0.009215000000000001
MDA/BTC,1609557472580,2021-01-02T03:17:52.580Z,sell,1.843e-05,500.0,0.009215000000000001
MDA/BTC,1609557477779,2021-01-02T03:17:57.779Z,sell,1.843e-05,172.0,0.0031699600000000003
MDA/BTC,1609557481374,2021-01-02T03:18:01.374Z,sell,1.839e-05,60.0,0.0011033999999999998
MDA/BTC,1609557481374,2021-01-02T03:18:01.374Z,sell,1.837e-05,3440.0,0.0631928
MDA/BTC,1609557490979,2021-01-02T03:18:10.979Z,buy,1.843e-05,318.0,0.005860740000000001
MDA/BTC,1609557511174,2021-01-02T03:18:31.174Z,buy,1.846e-05,470.0,0.0086762
MDA/BTC,1609557525920,2021-01-02T03:18:45.920Z,sell,1.845e-05,54.0,0.0009963
MDA/BTC,1609557529369,2021-01-02T03:18:49.369Z,buy,1.846e-05,498.0,0.00919308
MDA/BTC,1609557533886,2021-01-02T03:18:53.886Z,sell,1.845e-05,49.0,0.0009040500000000001
MDA/BTC,1609557538732,2021-01-02T03:18:58.732Z,sell,1.845e-05,45.0,0.00083025
MDA/BTC,1609557545570,2021-01-02T03:19:05.570Z,buy,1.845e-05,245.0,0.00452025
MDA/BTC,1609557551038,2021-01-02T03:19:11.038Z,sell,1.844e-05,48.0,0.00088512
MDA/BTC,1609557555767,2021-01-02T03:19:15.767Z,buy,1.842e-05,350.0,0.006447
MDA/BTC,1609557575958,2021-01-02T03:19:35.958Z,sell,1.846e-05,443.0,0.008177779999999999
MDA/BTC,1609557577513,2021-01-02T03:19:37.513Z,sell,1.845e-05,38.0,0.0007011000000000001
MDA/BTC,1609557580102,2021-01-02T03:19:40.102Z,buy,1.848e-05,443.0,0.00818664
MDA/BTC,1609557580154,2021-01-02T03:19:40.154Z,sell,1.847e-05,498.0,0.009198060000000001
MDA/BTC,1609557585787,2021-01-02T03:19:45.787Z,sell,1.845e-05,35.0,0.0006457500000000001
MDA/BTC,1609557587353,2021-01-02T03:19:47.353Z,buy,1.849e-05,486.0,0.00898614
MDA/BTC,1609557593037,2021-01-02T03:19:53.037Z,sell,1.845e-05,30.0,0.0005535000000000001
MDA/BTC,1609557596555,2021-01-02T03:19:56.555Z,buy,1.847e-05,500.0,0.009235
MDA/BTC,1609557597612,2021-01-02T03:19:57.612Z,sell,1.845e-05,30.0,0.0005535000000000001
MDA/BTC,1609557602691,2021-01-02T03:20:02.691Z,buy,1.847e-05,500.0,0.009235
MDA/BTC,1609557602747,2021-01-02T03:20:02.747Z,sell,1.846e-05,424.0,0.00782704
MDA/BTC,1609557603553,2021-01-02T03:20:03.553Z,sell,1.845e-05,28.0,0.0005166000000000001
MDA/BTC,1609557604944,2021-01-02T03:20:04.944Z,buy,1.85e-05,500.0,0.00925
MDA/BTC,1609557611435,2021-01-02T03:20:11.435Z,sell,1.845e-05,22.0,0.00040590000000000005
MDA/BTC,1609557625145,2021-01-02T03:20:25.145Z,sell,1.849e-05,500.0,0.009245
MDA/BTC,1609557628632,2021-01-02T03:20:28.632Z,sell,1.845e-05,22.0,0.00040590000000000005
MDA/BTC,1609557628632,2021-01-02T03:20:28.632Z,sell,1.844e-05,6.0,0.00011064
MDA/BTC,1609557628632,2021-01-02T03:20:28.632Z,sell,1.839e-05,3472.0,0.06385007999999999
MDA/BTC,1609557638341,2021-01-02T03:20:38.341Z,sell,1.847e-05,499.0,0.00921653
MDA/BTC,1609557641087,2021-01-02T03:20:41.087Z,sell,1.849e-05,6.0,0.00011094
MDA/BTC,1609557641541,2021-01-02T03:20:41.541Z,sell,1.844e-05,499.0,0.00920156
MDA/BTC,1609557661743,2021-01-02T03:21:01.743Z,buy,1.846e-05,496.0,0.00915616
MDA/BTC,1609557664943,2021-01-02T03:21:04.943Z,buy,1.846e-05,459.0,0.00847314
MDA/BTC,1609557668149,2021-01-02T03:21:08.149Z,buy,1.845e-05,500.0,0.009225
MDA/BTC,1609557669351,2021-01-02T03:21:09.351Z,buy,1.845e-05,380.0,0.007011000000000001
MDA/BTC,1609557676859,2021-01-02T03:21:16.859Z,sell,1.844e-05,6.0,0.00011064
MDA/BTC,1609557676859,2021-01-02T03:21:16.859Z,sell,1.835e-05,98.0,0.0017982999999999999
MDA/BTC,1609557688545,2021-01-02T03:21:28.545Z,buy,1.841e-05,65.0,0.00119665
MDA/BTC,1609557689743,2021-01-02T03:21:29.743Z,sell,1.841e-05,488.0,0.00898408
MDA/BTC,1609557693942,2021-01-02T03:21:33.942Z,sell,1.841e-05,497.0,0.009149770000000002
MDA/BTC,1609557719198,2021-01-02T03:21:59.198Z,sell,1.845e-05,500.0,0.009225
MDA/BTC,1609557734264,2021-01-02T03:22:14.264Z,sell,1.844e-05,6.0,0.00011064
MDA/BTC,1609557734264,2021-01-02T03:22:14.264Z,sell,1.834e-05,3483.0,0.06387822
MDA/BTC,1609557736394,2021-01-02T03:22:16.394Z,buy,1.841e-05,72.0,0.0013255200000000002
MDA/BTC,1609557737596,2021-01-02T03:22:17.596Z,buy,1.841e-05,494.0,0.009094540000000002
MDA/BTC,1609557738791,2021-01-02T03:22:18.791Z,sell,1.841e-05,500.0,0.009205000000000001
