symbol,timestamp,datetime,side,price,amount,btc_volume
MTH/BTC,1614445214698,2021-02-27T17:00:14.698Z,buy,4.7e-07,171525.0,0.08061675
MTH/BTC,1614445215944,2021-02-27T17:00:15.944Z,buy,4.7e-07,1816.0,0.00085352
MTH/BTC,1614445216214,2021-02-27T17:00:16.214Z,sell,4.6e-07,10220.0,0.0047012
MTH/BTC,1614445219052,2021-02-27T17:00:19.052Z,buy,4.7e-07,4064.0,0.00191008
MTH/BTC,1614445221258,2021-02-27T17:00:21.258Z,buy,4.7e-07,11395.0,0.00535565
MTH/BTC,1614445221665,2021-02-27T17:00:21.665Z,buy,4.7e-07,45322.0,0.02130134
MTH/BTC,1614445224073,2021-02-27T17:00:24.073Z,buy,4.7e-07,17449.0,0.00820103
MTH/BTC,1614445224314,2021-02-27T17:00:24.314Z,buy,4.7e-07,9607.0,0.00451529
MTH/BTC,1614445225924,2021-02-27T17:00:25.924Z,buy,4.7e-07,1152.0,0.00054144
MTH/BTC,1614445228210,2021-02-27T17:00:28.210Z,buy,4.7e-07,11010.0,0.0051747
MTH/BTC,1614445229063,2021-02-27T17:00:29.063Z,buy,4.7e-07,4415.0,0.00207505
MTH/BTC,1614445229277,2021-02-27T17:00:29.277Z,buy,4.7e-07,1027.0,0.00048269
MTH/BTC,1614445229398,2021-02-27T17:00:29.398Z,sell,4.6e-07,4061.0,0.00186806
MTH/BTC,1614445229864,2021-02-27T17:00:29.864Z,buy,4.7e-07,2878.0,0.00135266
MTH/BTC,1614445229981,2021-02-27T17:00:29.981Z,buy,4.7e-07,6382.0,0.00299954
MTH/BTC,1614445231173,2021-02-27T17:00:31.173Z,buy,4.7e-07,15488.0,0.00727936
MTH/BTC,1614445231558,2021-02-27T17:00:31.558Z,buy,4.7e-07,1761.0,0.00082767
MTH/BTC,1614445231704,2021-02-27T17:00:31.704Z,buy,4.7e-07,89650.0,0.0421355
MTH/BTC,1614445231704,2021-02-27T17:00:31.704Z,buy,4.8e-07,754457.0,0.36213935999999997
MTH/BTC,1614445231704,2021-02-27T17:00:31.704Z,buy,4.9e-07,114718.0,0.056211819999999996
MTH/BTC,1614445231757,2021-02-27T17:00:31.757Z,buy,4.7e-07,5806.0,0.00272882
MTH/BTC,1614445232079,2021-02-27T17:00:32.079Z,buy,4.9e-07,40816.0,0.019999839999999998
MTH/BTC,1614445232091,2021-02-27T17:00:32.091Z,buy,4.8e-07,2903.0,0.00139344
MTH/BTC,1614445232091,2021-02-27T17:00:32.091Z,buy,4.9e-07,78729.0,0.03857721
MTH/BTC,1614445232091,2021-02-27T17:00:32.091Z,buy,4.9e-07,204081.0,0.09999968999999999
MTH/BTC,1614445234014,2021-02-27T17:00:34.014Z,buy,4.8e-07,1451.0,0.00069648
MTH/BTC,1614445234014,2021-02-27T17:00:34.014Z,buy,4.9e-07,8719.0,0.00427231
MTH/BTC,1614445237302,2021-02-27T17:00:37.302Z,sell,4.8e-07,293.0,0.00014063999999999998
MTH/BTC,1614445237716,2021-02-27T17:00:37.716Z,buy,4.8e-07,115.0,5.519999999999999e-05
MTH/BTC,1614445237716,2021-02-27T17:00:37.716Z,buy,4.9e-07,141270.0,0.0692223
MTH/BTC,1614445238407,2021-02-27T17:00:38.407Z,buy,4.8e-07,726.0,0.00034847999999999997
MTH/BTC,1614445238407,2021-02-27T17:00:38.407Z,buy,4.9e-07,44431.0,0.02177119
MTH/BTC,1614445238864,2021-02-27T17:00:38.864Z,buy,4.9e-07,20336.0,0.009964639999999999
MTH/BTC,1614445238997,2021-02-27T17:00:38.997Z,buy,4.9e-07,2165.0,0.00106085
MTH/BTC,1614445239651,2021-02-27T17:00:39.651Z,sell,4.8e-07,500.0,0.00023999999999999998
MTH/BTC,1614445239651,2021-02-27T17:00:39.651Z,sell,4.7e-07,16931.0,0.00795757
MTH/BTC,1614445239920,2021-02-27T17:00:39.920Z,sell,4.8e-07,421.0,0.00020208
MTH/BTC,1614445240054,2021-02-27T17:00:40.054Z,buy,4.9e-07,2087.0,0.0010226299999999998
MTH/BTC,1614445240142,2021-02-27T17:00:40.142Z,buy,4.9e-07,5987.0,0.00293363
MTH/BTC,1614445240375,2021-02-27T17:00:40.375Z,buy,4.9e-07,16011.0,0.007845389999999999
MTH/BTC,1614445241645,2021-02-27T17:00:41.645Z,sell,4.8e-07,500.0,0.00023999999999999998
MTH/BTC,1614445241693,2021-02-27T17:00:41.693Z,sell,4.8e-07,69.0,3.3119999999999995e-05
MTH/BTC,1614445241861,2021-02-27T17:00:41.861Z,buy,4.8e-07,421.0,0.00020208
MTH/BTC,1614445241927,2021-02-27T17:00:41.927Z,sell,4.8e-07,70.0,3.36e-05
MTH/BTC,1614445242140,2021-02-27T17:00:42.140Z,buy,4.8e-07,430.0,0.00020639999999999998
MTH/BTC,1614445242205,2021-02-27T17:00:42.205Z,sell,4.8e-07,299.0,0.00014351999999999998
MTH/BTC,1614445242396,2021-02-27T17:00:42.396Z,sell,4.8e-07,3319.0,0.00159312
MTH/BTC,1614445243020,2021-02-27T17:00:43.020Z,buy,4.8e-07,1316.0,0.0006316799999999999
MTH/BTC,1614445243020,2021-02-27T17:00:43.020Z,buy,4.9e-07,7413.0,0.0036323699999999998
MTH/BTC,1614445243368,2021-02-27T17:00:43.368Z,buy,4.8e-07,1056.0,0.0005068799999999999
MTH/BTC,1614445243368,2021-02-27T17:00:43.368Z,buy,4.9e-07,27919.0,0.01368031
MTH/BTC,1614445243722,2021-02-27T17:00:43.722Z,buy,4.9e-07,4181.0,0.0020486899999999997
MTH/BTC,1614445244759,2021-02-27T17:00:44.759Z,buy,4.9e-07,21414.0,0.01049286
MTH/BTC,1614445247710,2021-02-27T17:00:47.710Z,sell,4.7e-07,8527.0,0.00400769
MTH/BTC,1614445247999,2021-02-27T17:00:47.999Z,sell,4.7e-07,1305.0,0.00061335
MTH/BTC,1614445248317,2021-02-27T17:00:48.317Z,buy,4.8e-07,426.0,0.00020448
MTH/BTC,1614445248317,2021-02-27T17:00:48.317Z,buy,4.9e-07,146.0,7.154e-05
MTH/BTC,1614445248397,2021-02-27T17:00:48.397Z,sell,4.7e-07,1282.0,0.00060254
MTH/BTC,1614445248418,2021-02-27T17:00:48.418Z,sell,4.7e-07,776.0,0.00036472
MTH/BTC,1614445249093,2021-02-27T17:00:49.093Z,buy,4.9e-07,360.0,0.00017639999999999998
MTH/BTC,1614445250361,2021-02-27T17:00:50.361Z,buy,4.9e-07,14041.0,0.006880089999999999
MTH/BTC,1614445251453,2021-02-27T17:00:51.453Z,buy,4.9e-07,54472.0,0.026691279999999998
MTH/BTC,1614445251833,2021-02-27T17:00:51.833Z,sell,4.8e-07,4036.0,0.0019372799999999998
MTH/BTC,1614445251833,2021-02-27T17:00:51.833Z,sell,4.7e-07,19481.0,0.00915607
MTH/BTC,1614445252631,2021-02-27T17:00:52.631Z,buy,4.9e-07,4697.0,0.00230153
MTH/BTC,1614445252937,2021-02-27T17:00:52.937Z,buy,4.9e-07,2176.0,0.00106624
MTH/BTC,1614445255762,2021-02-27T17:00:55.762Z,buy,4.8e-07,409.0,0.00019632
MTH/BTC,1614445257952,2021-02-27T17:00:57.952Z,sell,4.7e-07,64602.0,0.03036294
MTH/BTC,1614445258398,2021-02-27T17:00:58.398Z,buy,4.7e-07,7417.0,0.00348599
MTH/BTC,1614445258840,2021-02-27T17:00:58.840Z,buy,4.7e-07,250.0,0.0001175
MTH/BTC,1614445265533,2021-02-27T17:01:05.533Z,buy,4.7e-07,755.0,0.00035485
MTH/BTC,1614445266634,2021-02-27T17:01:06.634Z,buy,4.7e-07,78261.0,0.03678267
MTH/BTC,1614445268846,2021-02-27T17:01:08.846Z,sell,4.6e-07,2222.0,0.00102212
MTH/BTC,1614445270450,2021-02-27T17:01:10.450Z,buy,4.7e-07,618.0,0.00029046
MTH/BTC,1614445270707,2021-02-27T17:01:10.707Z,buy,4.7e-07,2026.0,0.00095222
MTH/BTC,1614445272499,2021-02-27T17:01:12.499Z,sell,4.6e-07,55016.0,0.02530736
MTH/BTC,1614445272600,2021-02-27T17:01:12.600Z,sell,4.5e-07,40816.0,0.0183672
MTH/BTC,1614445274173,2021-02-27T17:01:14.173Z,buy,4.6e-07,3531.0,0.00162426
MTH/BTC,1614445279617,2021-02-27T17:01:19.617Z,sell,4.5e-07,11383.0,0.0051223499999999995
MTH/BTC,1614445280390,2021-02-27T17:01:20.390Z,buy,4.6e-07,4741.0,0.0021808599999999997
MTH/BTC,1614445281712,2021-02-27T17:01:21.712Z,sell,4.5e-07,21392.0,0.0096264
MTH/BTC,1614445282404,2021-02-27T17:01:22.404Z,sell,4.5e-07,2023.0,0.00091035
MTH/BTC,1614445287010,2021-02-27T17:01:27.010Z,buy,4.6e-07,4834.0,0.00222364
MTH/BTC,1614445292253,2021-02-27T17:01:32.253Z,sell,4.5e-07,4176.0,0.0018792
MTH/BTC,1614445297428,2021-02-27T17:01:37.428Z,sell,4.5e-07,323648.0,0.14564159999999998
MTH/BTC,1614445297857,2021-02-27T17:01:37.857Z,buy,4.6e-07,3948.0,0.0018160799999999999
MTH/BTC,1614445298394,2021-02-27T17:01:38.394Z,sell,4.5e-07,45157.0,0.02032065
MTH/BTC,1614445305190,2021-02-27T17:01:45.190Z,sell,4.5e-07,28946.0,0.0130257
MTH/BTC,1614445309723,2021-02-27T17:01:49.723Z,buy,4.6e-07,3537.0,0.00162702
MTH/BTC,1614445310466,2021-02-27T17:01:50.466Z,sell,4.5e-07,1152.0,0.0005184
MTH/BTC,1614445312051,2021-02-27T17:01:52.051Z,sell,4.5e-07,8729.0,0.00392805
MTH/BTC,1614445319215,2021-02-27T17:01:59.215Z,sell,4.5e-07,4692.0,0.0021114
MTH/BTC,1614445319468,2021-02-27T17:01:59.468Z,sell,4.5e-07,257502.0,0.11587589999999999
MTH/BTC,1614445329034,2021-02-27T17:02:09.034Z,sell,4.5e-07,1761.0,0.00079245
MTH/BTC,1614445340697,2021-02-27T17:02:20.697Z,sell,4.5e-07,6539.0,0.00294255
MTH/BTC,1614445346971,2021-02-27T17:02:26.971Z,sell,4.5e-07,171353.0,0.07710884999999999
MTH/BTC,1614445347908,2021-02-27T17:02:27.908Z,sell,4.5e-07,2599.0,0.0011695499999999999
MTH/BTC,1614445354875,2021-02-27T17:02:34.875Z,sell,4.5e-07,9597.0,0.004318649999999999
MTH/BTC,1614445355513,2021-02-27T17:02:35.513Z,sell,4.5e-07,69494.0,0.031272299999999996
MTH/BTC,1614445355513,2021-02-27T17:02:35.513Z,sell,4.4e-07,8688.0,0.0038227200000000004
MTH/BTC,1614445355550,2021-02-27T17:02:35.550Z,sell,4.4e-07,7417.0,0.00326348
MTH/BTC,1614445359160,2021-02-27T17:02:39.160Z,sell,4.4e-07,2084.0,0.0009169600000000001
MTH/BTC,1614445362482,2021-02-27T17:02:42.482Z,buy,4.5e-07,584.0,0.0002628
MTH/BTC,1614445386803,2021-02-27T17:03:06.803Z,sell,4.4e-07,11010.0,0.0048444000000000004
MTH/BTC,1614445405136,2021-02-27T17:03:25.136Z,sell,4.4e-07,14026.0,0.00617144
MTH/BTC,1614445419535,2021-02-27T17:03:39.535Z,sell,4.4e-07,9316.0,0.00409904
MTH/BTC,1614445420898,2021-02-27T17:03:40.898Z,buy,4.5e-07,22721.0,0.01022445
MTH/BTC,1614445426516,2021-02-27T17:03:46.516Z,sell,4.4e-07,1638148.0,0.7207851200000001
MTH/BTC,1614445428685,2021-02-27T17:03:48.685Z,buy,4.4e-07,223.0,9.812e-05
MTH/BTC,1614445429024,2021-02-27T17:03:49.024Z,buy,4.4e-07,20168.0,0.00887392
MTH/BTC,1614445431754,2021-02-27T17:03:51.754Z,sell,4.3e-07,15475.0,0.0066542500000000004
MTH/BTC,1614445431754,2021-02-27T17:03:51.754Z,sell,4.3e-07,20749.0,0.00892207
MTH/BTC,1614445431754,2021-02-27T17:03:51.754Z,sell,4.3e-07,5576.0,0.00239768
MTH/BTC,1614445431754,2021-02-27T17:03:51.754Z,sell,4.3e-07,1164.0,0.0005005200000000001
MTH/BTC,1614445431754,2021-02-27T17:03:51.754Z,sell,4.3e-07,1357.0,0.00058351
MTH/BTC,1614445441961,2021-02-27T17:04:01.961Z,sell,4.3e-07,1816.0,0.0007808800000000001
MTH/BTC,1614445443425,2021-02-27T17:04:03.425Z,sell,4.3e-07,688.0,0.00029584
MTH/BTC,1614445444874,2021-02-27T17:04:04.874Z,buy,4.4e-07,8221.0,0.0036172400000000003
MTH/BTC,1614445446177,2021-02-27T17:04:06.177Z,sell,4.3e-07,571.0,0.00024553
MTH/BTC,1614445448688,2021-02-27T17:04:08.688Z,sell,4.3e-07,2162.0,0.00092966
MTH/BTC,1614445466398,2021-02-27T17:04:26.398Z,sell,4.3e-07,54417.0,0.02339931
MTH/BTC,1614445467172,2021-02-27T17:04:27.172Z,sell,4.3e-07,6783.0,0.00291669
MTH/BTC,1614445476160,2021-02-27T17:04:36.160Z,buy,4.4e-07,984.0,0.00043296000000000003
MTH/BTC,1614445476395,2021-02-27T17:04:36.395Z,buy,4.4e-07,20000.0,0.0088
MTH/BTC,1614445479730,2021-02-27T17:04:39.730Z,buy,4.4e-07,22990.0,0.0101156
MTH/BTC,1614445481378,2021-02-27T17:04:41.378Z,buy,4.4e-07,14521.0,0.00638924
MTH/BTC,1614445484887,2021-02-27T17:04:44.887Z,sell,4.4e-07,141248.0,0.06214912
MTH/BTC,1614445494857,2021-02-27T17:04:54.857Z,sell,4.4e-07,19049.0,0.00838156
MTH/BTC,1614445498539,2021-02-27T17:04:58.539Z,sell,4.4e-07,4415.0,0.0019426
MTH/BTC,1614445506573,2021-02-27T17:05:06.573Z,sell,4.4e-07,89645.0,0.0394438
MTH/BTC,1614445506573,2021-02-27T17:05:06.573Z,sell,4.3e-07,516491.0,0.22209113
MTH/BTC,1614445514432,2021-02-27T17:05:14.432Z,buy,4.5e-07,4991.0,0.00224595
MTH/BTC,1614445519256,2021-02-27T17:05:19.256Z,sell,4.4e-07,20315.0,0.0089386
MTH/BTC,1614445524011,2021-02-27T17:05:24.011Z,sell,4.4e-07,133685.0,0.0588214
MTH/BTC,1614445545565,2021-02-27T17:05:45.565Z,buy,4.4e-07,1625.0,0.000715
MTH/BTC,1614445566194,2021-02-27T17:06:06.194Z,buy,4.4e-07,1253.0,0.00055132
MTH/BTC,1614445577168,2021-02-27T17:06:17.168Z,buy,4.4e-07,5713.0,0.00251372
MTH/BTC,1614445580944,2021-02-27T17:06:20.944Z,buy,4.4e-07,1445.0,0.0006358000000000001
MTH/BTC,1614445586690,2021-02-27T17:06:26.690Z,buy,4.4e-07,256.0,0.00011264
MTH/BTC,1614445610561,2021-02-27T17:06:50.561Z,sell,4.3e-07,34157.0,0.01468751
MTH/BTC,1614445614308,2021-02-27T17:06:54.308Z,buy,4.4e-07,3281.0,0.0014436400000000002
MTH/BTC,1614445615538,2021-02-27T17:06:55.538Z,buy,4.4e-07,227.0,9.988e-05
MTH/BTC,1614445616642,2021-02-27T17:06:56.642Z,buy,4.4e-07,71565.0,0.0314886
MTH/BTC,1614445621596,2021-02-27T17:07:01.596Z,sell,4.4e-07,34157.0,0.01502908
MTH/BTC,1614445661577,2021-02-27T17:07:41.577Z,sell,4.4e-07,999.0,0.00043956
MTH/BTC,1614445680066,2021-02-27T17:08:00.066Z,buy,4.5e-07,10548.0,0.0047466
MTH/BTC,1614445687330,2021-02-27T17:08:07.330Z,buy,4.5e-07,35776.0,0.016099199999999998
MTH/BTC,1614445695913,2021-02-27T17:08:15.913Z,sell,4.4e-07,38000.0,0.016720000000000002
MTH/BTC,1614445697654,2021-02-27T17:08:17.654Z,sell,4.4e-07,11542.0,0.005078480000000001
MTH/BTC,1614445707331,2021-02-27T17:08:27.331Z,buy,4.5e-07,4746.0,0.0021357
MTH/BTC,1614445764494,2021-02-27T17:09:24.494Z,buy,4.5e-07,21500.0,0.009675
MTH/BTC,1614445787833,2021-02-27T17:09:47.833Z,sell,4.4e-07,795021.0,0.34980924
MTH/BTC,1614445787833,2021-02-27T17:09:47.833Z,sell,4.3e-07,162845.0,0.07002335
MTH/BTC,1614445839826,2021-02-27T17:10:39.826Z,sell,4.3e-07,416.0,0.00017888
MTH/BTC,1614445840556,2021-02-27T17:10:40.556Z,sell,4.3e-07,1162790.0,0.4999997
MTH/BTC,1614445842804,2021-02-27T17:10:42.804Z,buy,4.4e-07,73.0,3.2120000000000004e-05
MTH/BTC,1614445886984,2021-02-27T17:11:26.984Z,buy,4.4e-07,26882.0,0.011828080000000001
MTH/BTC,1614445893744,2021-02-27T17:11:33.744Z,buy,4.4e-07,4363.0,0.0019197200000000002
MTH/BTC,1614445909815,2021-02-27T17:11:49.815Z,sell,4.3e-07,1162790.0,0.4999997
MTH/BTC,1614445911241,2021-02-27T17:11:51.241Z,sell,4.3e-07,47059.0,0.02023537
MTH/BTC,1614445918064,2021-02-27T17:11:58.064Z,buy,4.3e-07,37307.0,0.01604201
MTH/BTC,1614445926558,2021-02-27T17:12:06.558Z,sell,4.2e-07,30316.0,0.01273272
MTH/BTC,1614445926558,2021-02-27T17:12:06.558Z,sell,4.2e-07,14879.0,0.00624918
MTH/BTC,1614445927489,2021-02-27T17:12:07.489Z,buy,4.3e-07,4526.0,0.00194618
MTH/BTC,1614445930463,2021-02-27T17:12:10.463Z,sell,4.2e-07,260.0,0.0001092
MTH/BTC,1614445940233,2021-02-27T17:12:20.233Z,sell,4.2e-07,2173.0,0.00091266
MTH/BTC,1614445942247,2021-02-27T17:12:22.247Z,buy,4.3e-07,9024.0,0.00388032
MTH/BTC,1614445966364,2021-02-27T17:12:46.364Z,buy,4.3e-07,233.0,0.00010019
MTH/BTC,1614445997280,2021-02-27T17:13:17.280Z,buy,4.3e-07,1947.0,0.00083721
MTH/BTC,1614446017864,2021-02-27T17:13:37.864Z,buy,4.3e-07,1503.0,0.00064629
MTH/BTC,1614446018171,2021-02-27T17:13:38.171Z,buy,4.3e-07,235.0,0.00010105
MTH/BTC,1614446018607,2021-02-27T17:13:38.607Z,buy,4.3e-07,441.0,0.00018963
MTH/BTC,1614446018740,2021-02-27T17:13:38.740Z,buy,4.3e-07,5588.0,0.0024028400000000003
MTH/BTC,1614446019080,2021-02-27T17:13:39.080Z,buy,4.3e-07,288.0,0.00012384
MTH/BTC,1614446019243,2021-02-27T17:13:39.243Z,buy,4.3e-07,865.0,0.00037195
MTH/BTC,1614446019430,2021-02-27T17:13:39.430Z,buy,4.3e-07,1227.0,0.00052761
MTH/BTC,1614446019540,2021-02-27T17:13:39.540Z,buy,4.3e-07,235.0,0.00010105
MTH/BTC,1614446019665,2021-02-27T17:13:39.665Z,buy,4.3e-07,698.0,0.00030014
MTH/BTC,1614446020967,2021-02-27T17:13:40.967Z,buy,4.3e-07,349.0,0.00015007
MTH/BTC,1614446020973,2021-02-27T17:13:40.973Z,buy,4.3e-07,300.0,0.000129
MTH/BTC,1614446021030,2021-02-27T17:13:41.030Z,buy,4.3e-07,499.0,0.00021457
MTH/BTC,1614446021125,2021-02-27T17:13:41.125Z,buy,4.3e-07,11418.0,0.00490974
MTH/BTC,1614446021284,2021-02-27T17:13:41.284Z,buy,4.3e-07,21913.0,0.00942259
MTH/BTC,1614446021297,2021-02-27T17:13:41.297Z,buy,4.3e-07,2905.0,0.00124915
MTH/BTC,1614446021422,2021-02-27T17:13:41.422Z,buy,4.3e-07,3490.0,0.0015007
MTH/BTC,1614446021489,2021-02-27T17:13:41.489Z,buy,4.3e-07,992.0,0.00042656000000000004
MTH/BTC,1614446022213,2021-02-27T17:13:42.213Z,buy,4.3e-07,340.0,0.0001462
MTH/BTC,1614446022437,2021-02-27T17:13:42.437Z,buy,4.3e-07,2407.0,0.00103501
MTH/BTC,1614446022827,2021-02-27T17:13:42.827Z,buy,4.3e-07,32860.0,0.0141298
MTH/BTC,1614446022858,2021-02-27T17:13:42.858Z,buy,4.3e-07,8712.0,0.00374616
MTH/BTC,1614446022953,2021-02-27T17:13:42.953Z,buy,4.3e-07,4187.0,0.0018004100000000001
MTH/BTC,1614446023004,2021-02-27T17:13:43.004Z,buy,4.3e-07,5480.0,0.0023564000000000002
MTH/BTC,1614446023157,2021-02-27T17:13:43.157Z,buy,4.3e-07,8373.0,0.00360039
MTH/BTC,1614446024014,2021-02-27T17:13:44.014Z,buy,4.3e-07,738.0,0.00031734
MTH/BTC,1614446024216,2021-02-27T17:13:44.216Z,buy,4.3e-07,330.0,0.0001419
MTH/BTC,1614446024235,2021-02-27T17:13:44.235Z,buy,4.3e-07,57620.0,0.0247766
MTH/BTC,1614446024252,2021-02-27T17:13:44.252Z,buy,4.3e-07,23256.0,0.01000008
MTH/BTC,1614446024992,2021-02-27T17:13:44.992Z,buy,4.3e-07,8205.0,0.0035281500000000003
MTH/BTC,1614446025207,2021-02-27T17:13:45.207Z,buy,4.3e-07,578.0,0.00024854
MTH/BTC,1614446025231,2021-02-27T17:13:45.231Z,buy,4.3e-07,20894.0,0.00898442
MTH/BTC,1614446025336,2021-02-27T17:13:45.336Z,buy,4.3e-07,686.0,0.00029498
MTH/BTC,1614446025468,2021-02-27T17:13:45.468Z,buy,4.3e-07,356.0,0.00015308
MTH/BTC,1614446025502,2021-02-27T17:13:45.502Z,buy,4.3e-07,8932.0,0.00384076
MTH/BTC,1614446025544,2021-02-27T17:13:45.544Z,buy,4.3e-07,252.0,0.00010836
MTH/BTC,1614446025733,2021-02-27T17:13:45.733Z,buy,4.3e-07,2822.0,0.00121346
MTH/BTC,1614446025774,2021-02-27T17:13:45.774Z,buy,4.3e-07,1628.0,0.00070004
MTH/BTC,1614446025788,2021-02-27T17:13:45.788Z,buy,4.3e-07,698.0,0.00030014
MTH/BTC,1614446025864,2021-02-27T17:13:45.864Z,buy,4.3e-07,4187.0,0.0018004100000000001
MTH/BTC,1614446025949,2021-02-27T17:13:45.949Z,buy,4.3e-07,352.0,0.00015136000000000001
MTH/BTC,1614446025970,2021-02-27T17:13:45.970Z,buy,4.3e-07,4187.0,0.0018004100000000001
MTH/BTC,1614446025990,2021-02-27T17:13:45.990Z,buy,4.3e-07,479.0,0.00020597
MTH/BTC,1614446026019,2021-02-27T17:13:46.019Z,buy,4.3e-07,655.0,0.00028165
MTH/BTC,1614446026127,2021-02-27T17:13:46.127Z,buy,4.3e-07,466.0,0.00020038
MTH/BTC,1614446026254,2021-02-27T17:13:46.254Z,buy,4.3e-07,11628.0,0.00500004
MTH/BTC,1614446026263,2021-02-27T17:13:46.263Z,buy,4.3e-07,252.0,0.00010836
MTH/BTC,1614446026285,2021-02-27T17:13:46.285Z,buy,4.3e-07,1210.0,0.0005203
MTH/BTC,1614446026416,2021-02-27T17:13:46.416Z,buy,4.3e-07,1898.0,0.00081614
MTH/BTC,1614446026497,2021-02-27T17:13:46.497Z,buy,4.3e-07,1071.0,0.00046053
MTH/BTC,1614446026548,2021-02-27T17:13:46.548Z,buy,4.3e-07,57620.0,0.0247766
MTH/BTC,1614446026687,2021-02-27T17:13:46.687Z,buy,4.3e-07,2791.0,0.00120013
MTH/BTC,1614446026731,2021-02-27T17:13:46.731Z,buy,4.3e-07,525.0,0.00022575
MTH/BTC,1614446026745,2021-02-27T17:13:46.745Z,buy,4.3e-07,1414.0,0.00060802
MTH/BTC,1614446026757,2021-02-27T17:13:46.757Z,buy,4.3e-07,6803.0,0.00292529
MTH/BTC,1614446026765,2021-02-27T17:13:46.765Z,buy,4.3e-07,327.0,0.00014061
MTH/BTC,1614446026788,2021-02-27T17:13:46.788Z,buy,4.3e-07,1442.0,0.00062006
MTH/BTC,1614446026788,2021-02-27T17:13:46.788Z,buy,4.3e-07,3278.0,0.0014095400000000001
MTH/BTC,1614446026900,2021-02-27T17:13:46.900Z,buy,4.3e-07,4652.0,0.00200036
MTH/BTC,1614446027030,2021-02-27T17:13:47.030Z,buy,4.3e-07,838.0,0.00036034
MTH/BTC,1614446027099,2021-02-27T17:13:47.099Z,buy,4.3e-07,244.0,0.00010492
MTH/BTC,1614446027137,2021-02-27T17:13:47.137Z,buy,4.3e-07,1861.0,0.00080023
MTH/BTC,1614446027147,2021-02-27T17:13:47.147Z,buy,4.3e-07,1633.0,0.00070219
MTH/BTC,1614446027234,2021-02-27T17:13:47.234Z,buy,4.3e-07,2877.0,0.00123711
MTH/BTC,1614446027333,2021-02-27T17:13:47.333Z,buy,4.3e-07,57620.0,0.0247766
MTH/BTC,1614446027348,2021-02-27T17:13:47.348Z,buy,4.3e-07,16280.0,0.0070004
MTH/BTC,1614446027363,2021-02-27T17:13:47.363Z,buy,4.3e-07,2094.0,0.00090042
MTH/BTC,1614446027711,2021-02-27T17:13:47.711Z,buy,4.3e-07,2094.0,0.00090042
MTH/BTC,1614446029043,2021-02-27T17:13:49.043Z,buy,4.3e-07,1395.0,0.00059985
MTH/BTC,1614446039666,2021-02-27T17:13:59.666Z,buy,4.3e-07,2200.0,0.000946
MTH/BTC,1614446057846,2021-02-27T17:14:17.846Z,sell,4.2e-07,4991.0,0.00209622
MTH/BTC,1614446059860,2021-02-27T17:14:19.860Z,buy,4.3e-07,288.0,0.00012384
MTH/BTC,1614446066183,2021-02-27T17:14:26.183Z,buy,4.3e-07,32860.0,0.0141298
MTH/BTC,1614446068334,2021-02-27T17:14:28.334Z,buy,4.3e-07,42131.0,0.01811633
MTH/BTC,1614446068919,2021-02-27T17:14:28.919Z,buy,4.3e-07,52416.0,0.02253888
MTH/BTC,1614446082872,2021-02-27T17:14:42.872Z,buy,4.3e-07,1110.0,0.0004773
MTH/BTC,1614446084983,2021-02-27T17:14:44.983Z,buy,4.3e-07,32860.0,0.0141298
MTH/BTC,1614446091796,2021-02-27T17:14:51.796Z,buy,4.3e-07,2440.0,0.0010492000000000001
MTH/BTC,1614446094219,2021-02-27T17:14:54.219Z,buy,4.3e-07,7426.0,0.00319318
MTH/BTC,1614446140039,2021-02-27T17:15:40.039Z,buy,4.3e-07,10000.0,0.0043
MTH/BTC,1614446197628,2021-02-27T17:16:37.628Z,buy,4.3e-07,5676.0,0.00244068
MTH/BTC,1614446269063,2021-02-27T17:17:49.063Z,sell,4.2e-07,255.0,0.0001071
MTH/BTC,1614446305093,2021-02-27T17:18:25.093Z,buy,4.3e-07,68.0,2.924e-05
MTH/BTC,1614446306047,2021-02-27T17:18:26.047Z,buy,4.3e-07,240.0,0.0001032
MTH/BTC,1614446320374,2021-02-27T17:18:40.374Z,sell,4.2e-07,721.0,0.00030282
MTH/BTC,1614446348073,2021-02-27T17:19:08.073Z,buy,4.3e-07,68.0,2.924e-05
MTH/BTC,1614446406357,2021-02-27T17:20:06.357Z,sell,4.2e-07,2821.0,0.00118482
MTH/BTC,1614446417422,2021-02-27T17:20:17.422Z,buy,4.3e-07,68.0,2.924e-05
MTH/BTC,1614446510116,2021-02-27T17:21:50.116Z,buy,4.3e-07,72806.0,0.03130658
MTH/BTC,1614446523157,2021-02-27T17:22:03.157Z,buy,4.3e-07,11569.0,0.0049746700000000005
MTH/BTC,1614446557698,2021-02-27T17:22:37.698Z,buy,4.3e-07,12047.0,0.00518021
MTH/BTC,1614446561584,2021-02-27T17:22:41.584Z,buy,4.3e-07,53455.0,0.02298565
MTH/BTC,1614446606991,2021-02-27T17:23:26.991Z,buy,4.3e-07,304880.0,0.1310984
MTH/BTC,1614446613811,2021-02-27T17:23:33.811Z,buy,4.4e-07,934.0,0.00041096000000000004
MTH/BTC,1614446645690,2021-02-27T17:24:05.690Z,sell,4.3e-07,4529.0,0.00194747
MTH/BTC,1614446654180,2021-02-27T17:24:14.180Z,buy,4.4e-07,68.0,2.992e-05
MTH/BTC,1614446703298,2021-02-27T17:25:03.298Z,sell,4.3e-07,12693.0,0.00545799
MTH/BTC,1614446713340,2021-02-27T17:25:13.340Z,buy,4.4e-07,68.0,2.992e-05
MTH/BTC,1614446729927,2021-02-27T17:25:29.927Z,buy,4.4e-07,34399.0,0.015135560000000001
MTH/BTC,1614446753878,2021-02-27T17:25:53.878Z,sell,4.3e-07,4741.0,0.00203863
MTH/BTC,1614446763281,2021-02-27T17:26:03.281Z,buy,4.4e-07,68.0,2.992e-05
MTH/BTC,1614446764556,2021-02-27T17:26:04.556Z,sell,4.3e-07,511.0,0.00021973
MTH/BTC,1614446769507,2021-02-27T17:26:09.507Z,sell,4.3e-07,2344.0,0.00100792
MTH/BTC,1614446770482,2021-02-27T17:26:10.482Z,sell,4.3e-07,617.0,0.00026531
MTH/BTC,1614446774963,2021-02-27T17:26:14.963Z,buy,4.4e-07,65.0,2.86e-05
MTH/BTC,1614446776442,2021-02-27T17:26:16.442Z,sell,4.3e-07,754.0,0.00032422
MTH/BTC,1614446784849,2021-02-27T17:26:24.849Z,sell,4.3e-07,5837.0,0.00250991
MTH/BTC,1614446785975,2021-02-27T17:26:25.975Z,buy,4.4e-07,68.0,2.992e-05
MTH/BTC,1614446799528,2021-02-27T17:26:39.528Z,sell,4.3e-07,20147.0,0.008663210000000001
MTH/BTC,1614446810423,2021-02-27T17:26:50.423Z,buy,4.4e-07,68.0,2.992e-05
MTH/BTC,1614446813327,2021-02-27T17:26:53.327Z,buy,4.4e-07,68.0,2.992e-05
MTH/BTC,1614446817934,2021-02-27T17:26:57.934Z,buy,4.4e-07,68.0,2.992e-05
MTH/BTC,1614446824846,2021-02-27T17:27:04.846Z,buy,4.4e-07,68.0,2.992e-05
MTH/BTC,1614446828150,2021-02-27T17:27:08.150Z,buy,4.4e-07,68.0,2.992e-05
MTH/BTC,1614446840728,2021-02-27T17:27:20.728Z,buy,4.4e-07,68.0,2.992e-05
MTH/BTC,1614446966546,2021-02-27T17:29:26.546Z,sell,4.3e-07,707.0,0.00030401
MTH/BTC,1614446969238,2021-02-27T17:29:29.238Z,buy,4.4e-07,68.0,2.992e-05
MTH/BTC,1614446974529,2021-02-27T17:29:34.529Z,buy,4.4e-07,68.0,2.992e-05
MTH/BTC,1614447168945,2021-02-27T17:32:48.945Z,buy,4.4e-07,495.0,0.0002178
MTH/BTC,1614447182363,2021-02-27T17:33:02.363Z,sell,4.3e-07,7847.0,0.00337421
MTH/BTC,1614447185529,2021-02-27T17:33:05.529Z,buy,4.4e-07,68.0,2.992e-05
MTH/BTC,1614447190213,2021-02-27T17:33:10.213Z,buy,4.4e-07,68.0,2.992e-05
MTH/BTC,1614447207553,2021-02-27T17:33:27.553Z,buy,4.4e-07,2152.0,0.0009468800000000001
MTH/BTC,1614447227876,2021-02-27T17:33:47.876Z,buy,4.4e-07,48306.0,0.02125464
MTH/BTC,1614447304748,2021-02-27T17:35:04.748Z,buy,4.4e-07,4503.0,0.00198132
MTH/BTC,1614447351963,2021-02-27T17:35:51.963Z,buy,4.4e-07,9329.0,0.00410476
MTH/BTC,1614447375806,2021-02-27T17:36:15.806Z,buy,4.4e-07,2800.0,0.001232
MTH/BTC,1614447465901,2021-02-27T17:37:45.901Z,sell,4.3e-07,2093.0,0.00089999
MTH/BTC,1614447506283,2021-02-27T17:38:26.283Z,buy,4.4e-07,62.0,2.7280000000000003e-05
MTH/BTC,1614447575755,2021-02-27T17:39:35.755Z,buy,4.4e-07,19670.0,0.0086548
MTH/BTC,1614447576676,2021-02-27T17:39:36.676Z,buy,4.4e-07,3198.0,0.00140712
MTH/BTC,1614447584648,2021-02-27T17:39:44.648Z,buy,4.4e-07,1000.0,0.00044
MTH/BTC,1614447651541,2021-02-27T17:40:51.541Z,buy,4.4e-07,18781.0,0.008263640000000001
MTH/BTC,1614447718595,2021-02-27T17:41:58.595Z,sell,4.3e-07,494.0,0.00021242
MTH/BTC,1614447718595,2021-02-27T17:41:58.595Z,sell,4.3e-07,186020.0,0.0799886
MTH/BTC,1614447732842,2021-02-27T17:42:12.842Z,buy,4.4e-07,68.0,2.992e-05
MTH/BTC,1614447796992,2021-02-27T17:43:16.992Z,buy,4.4e-07,22727.0,0.009999880000000001
MTH/BTC,1614447825708,2021-02-27T17:43:45.708Z,sell,4.3e-07,344.0,0.00014792
MTH/BTC,1614447865908,2021-02-27T17:44:25.908Z,sell,4.3e-07,345.0,0.00014835
MTH/BTC,1614447869085,2021-02-27T17:44:29.085Z,buy,4.4e-07,68.0,2.992e-05
MTH/BTC,1614447936992,2021-02-27T17:45:36.992Z,buy,4.4e-07,3762.0,0.00165528
MTH/BTC,1614447958173,2021-02-27T17:45:58.173Z,buy,4.4e-07,1611.0,0.0007088400000000001
MTH/BTC,1614447958802,2021-02-27T17:45:58.802Z,buy,4.4e-07,3126.0,0.0013754400000000001
MTH/BTC,1614447982289,2021-02-27T17:46:22.289Z,buy,4.4e-07,1251.0,0.00055044
MTH/BTC,1614448092941,2021-02-27T17:48:12.941Z,buy,4.4e-07,227.0,9.988e-05
MTH/BTC,1614448116035,2021-02-27T17:48:36.035Z,sell,4.3e-07,3928.0,0.00168904
MTH/BTC,1614448118751,2021-02-27T17:48:38.751Z,sell,4.3e-07,453.0,0.00019479
MTH/BTC,1614448137007,2021-02-27T17:48:57.007Z,buy,4.4e-07,68.0,2.992e-05
MTH/BTC,1614448157371,2021-02-27T17:49:17.371Z,sell,4.3e-07,25814.0,0.01110002
MTH/BTC,1614448187006,2021-02-27T17:49:47.006Z,buy,4.4e-07,62.0,2.7280000000000003e-05
MTH/BTC,1614448300497,2021-02-27T17:51:40.497Z,sell,4.3e-07,782996.0,0.33668828
MTH/BTC,1614448324749,2021-02-27T17:52:04.749Z,sell,4.3e-07,46185.0,0.01985955
MTH/BTC,1614448337801,2021-02-27T17:52:17.801Z,buy,4.4e-07,68.0,2.992e-05
MTH/BTC,1614448406212,2021-02-27T17:53:26.212Z,buy,4.4e-07,27272.0,0.01199968
MTH/BTC,1614448408271,2021-02-27T17:53:28.271Z,buy,4.4e-07,455.0,0.00020020000000000001
MTH/BTC,1614448622716,2021-02-27T17:57:02.716Z,buy,4.4e-07,4000.0,0.00176
MTH/BTC,1614448751028,2021-02-27T17:59:11.028Z,buy,4.4e-07,1000.0,0.00044
MTH/BTC,1614448752484,2021-02-27T17:59:12.484Z,sell,4.3e-07,1758.0,0.00075594
MTH/BTC,1614448791775,2021-02-27T17:59:51.775Z,buy,4.4e-07,1500.0,0.00066
MTH/BTC,1614448791775,2021-02-27T17:59:51.775Z,buy,4.4e-07,1500.0,0.00066
MTH/BTC,1614448850037,2021-02-27T18:00:50.037Z,buy,4.4e-07,230.0,0.00010120000000000001
MTH/BTC,1614448891134,2021-02-27T18:01:31.134Z,sell,4.3e-07,27428.0,0.01179404
MTH/BTC,1614448892746,2021-02-27T18:01:32.746Z,sell,4.3e-07,8312.0,0.0035741600000000003
MTH/BTC,1614448934836,2021-02-27T18:02:14.836Z,buy,4.4e-07,20600.0,0.009064000000000001
MTH/BTC,1614449022730,2021-02-27T18:03:42.730Z,sell,4.3e-07,1920.0,0.0008256
MTH/BTC,1614449040522,2021-02-27T18:04:00.522Z,sell,4.3e-07,1332.0,0.0005727600000000001
MTH/BTC,1614449066668,2021-02-27T18:04:26.668Z,buy,4.4e-07,3158.0,0.00138952
MTH/BTC,1614449209293,2021-02-27T18:06:49.293Z,sell,4.3e-07,835.0,0.00035905
MTH/BTC,1614449285632,2021-02-27T18:08:05.632Z,sell,4.3e-07,159387.0,0.06853641
MTH/BTC,1614449337160,2021-02-27T18:08:57.160Z,buy,4.4e-07,19148.0,0.008425120000000001
MTH/BTC,1614449473468,2021-02-27T18:11:13.468Z,buy,4.4e-07,6480.0,0.0028512000000000003
MTH/BTC,1614449661342,2021-02-27T18:14:21.342Z,buy,4.4e-07,470.0,0.0002068
MTH/BTC,1614449975512,2021-02-27T18:19:35.512Z,buy,4.4e-07,2096529.0,0.92247276
MTH/BTC,1614449983335,2021-02-27T18:19:43.335Z,sell,4.4e-07,19651.0,0.00864644
MTH/BTC,1614450004687,2021-02-27T18:20:04.687Z,buy,4.5e-07,1460.0,0.0006569999999999999
MTH/BTC,1614450213661,2021-02-27T18:23:33.661Z,sell,4.4e-07,3014.0,0.00132616
MTH/BTC,1614450342157,2021-02-27T18:25:42.157Z,sell,4.4e-07,689.0,0.00030316
MTH/BTC,1614450542051,2021-02-27T18:29:02.051Z,sell,4.4e-07,453.0,0.00019932
MTH/BTC,1614450701876,2021-02-27T18:31:41.876Z,sell,4.4e-07,8703.0,0.00382932
MTH/BTC,1614450864562,2021-02-27T18:34:24.562Z,sell,4.4e-07,3487.0,0.00153428
MTH/BTC,1614450986829,2021-02-27T18:36:26.829Z,buy,4.5e-07,1730.0,0.0007785
MTH/BTC,1614451114502,2021-02-27T18:38:34.502Z,buy,4.5e-07,1653.0,0.00074385
MTH/BTC,1614451176687,2021-02-27T18:39:36.687Z,buy,4.5e-07,827.0,0.00037214999999999997
MTH/BTC,1614451241979,2021-02-27T18:40:41.979Z,buy,4.5e-07,36907.0,0.01660815
MTH/BTC,1614451305206,2021-02-27T18:41:45.206Z,sell,4.4e-07,883.0,0.00038852
MTH/BTC,1614451305206,2021-02-27T18:41:45.206Z,sell,4.4e-07,2379.0,0.00104676
MTH/BTC,1614451321141,2021-02-27T18:42:01.141Z,sell,4.4e-07,1518.0,0.00066792
MTH/BTC,1614451322101,2021-02-27T18:42:02.101Z,sell,4.4e-07,51427.0,0.02262788
MTH/BTC,1614451366898,2021-02-27T18:42:46.898Z,buy,4.5e-07,5500.0,0.0024749999999999998
MTH/BTC,1614451392491,2021-02-27T18:43:12.491Z,buy,4.5e-07,2880.0,0.0012959999999999998
MTH/BTC,1614451607995,2021-02-27T18:46:47.995Z,buy,4.5e-07,72521.0,0.032634449999999995
MTH/BTC,1614451725086,2021-02-27T18:48:45.086Z,buy,4.5e-07,1010.0,0.0004545
MTH/BTC,1614451763935,2021-02-27T18:49:23.935Z,sell,4.4e-07,243.0,0.00010692
MTH/BTC,1614451834544,2021-02-27T18:50:34.544Z,sell,4.4e-07,57256.0,0.025192640000000002
MTH/BTC,1614451985024,2021-02-27T18:53:05.024Z,sell,4.4e-07,2464.0,0.00108416
MTH/BTC,1614452069085,2021-02-27T18:54:29.085Z,sell,4.4e-07,700.0,0.000308
MTH/BTC,1614452149363,2021-02-27T18:55:49.363Z,sell,4.4e-07,107541.0,0.047318040000000006
MTH/BTC,1614452156065,2021-02-27T18:55:56.065Z,sell,4.4e-07,1110.0,0.0004884
MTH/BTC,1614452193025,2021-02-27T18:56:33.025Z,buy,4.5e-07,247.0,0.00011114999999999999
MTH/BTC,1614452293057,2021-02-27T18:58:13.057Z,buy,4.5e-07,243.0,0.00010935
MTH/BTC,1614452389707,2021-02-27T18:59:49.707Z,sell,4.4e-07,1442.0,0.00063448
MTH/BTC,1614452389707,2021-02-27T18:59:49.707Z,sell,4.4e-07,1442.0,0.00063448
MTH/BTC,1614452426341,2021-02-27T19:00:26.341Z,buy,4.5e-07,1670.0,0.0007515
MTH/BTC,1614452546152,2021-02-27T19:02:26.152Z,sell,4.4e-07,2038.0,0.00089672
MTH/BTC,1614452763775,2021-02-27T19:06:03.775Z,sell,4.4e-07,22727.0,0.009999880000000001
MTH/BTC,1614452779331,2021-02-27T19:06:19.331Z,sell,4.4e-07,1247.0,0.0005486800000000001
MTH/BTC,1614452788168,2021-02-27T19:06:28.168Z,buy,4.5e-07,6666.0,0.0029996999999999997
MTH/BTC,1614452926616,2021-02-27T19:08:46.616Z,buy,4.5e-07,12600.0,0.00567
MTH/BTC,1614452969112,2021-02-27T19:09:29.112Z,sell,4.4e-07,293441.0,0.12911404
MTH/BTC,1614452987216,2021-02-27T19:09:47.216Z,sell,4.4e-07,1696.0,0.00074624
MTH/BTC,1614453026079,2021-02-27T19:10:26.079Z,buy,4.5e-07,17254.0,0.0077643
MTH/BTC,1614453130006,2021-02-27T19:12:10.006Z,buy,4.5e-07,2651.0,0.00119295
MTH/BTC,1614453191153,2021-02-27T19:13:11.153Z,sell,4.4e-07,10535.0,0.0046354000000000005
MTH/BTC,1614453349958,2021-02-27T19:15:49.958Z,sell,4.4e-07,384.0,0.00016896
MTH/BTC,1614453390566,2021-02-27T19:16:30.566Z,sell,4.4e-07,2372.0,0.00104368
MTH/BTC,1614453442965,2021-02-27T19:17:22.965Z,buy,4.5e-07,234.0,0.0001053
MTH/BTC,1614453646720,2021-02-27T19:20:46.720Z,buy,4.5e-07,33333.0,0.014999849999999999
MTH/BTC,1614454014792,2021-02-27T19:26:54.792Z,buy,4.5e-07,452155.0,0.20346974999999998
MTH/BTC,1614454063853,2021-02-27T19:27:43.853Z,buy,4.5e-07,56855.0,0.02558475
MTH/BTC,1614454078027,2021-02-27T19:27:58.027Z,sell,4.4e-07,275.0,0.000121
MTH/BTC,1614454157005,2021-02-27T19:29:17.005Z,sell,4.4e-07,649.0,0.00028556
MTH/BTC,1614454208574,2021-02-27T19:30:08.574Z,sell,4.4e-07,3281.0,0.0014436400000000002
MTH/BTC,1614454237454,2021-02-27T19:30:37.454Z,sell,4.4e-07,962346.0,0.42343224
MTH/BTC,1614454278742,2021-02-27T19:31:18.742Z,sell,4.4e-07,26194.0,0.01152536
MTH/BTC,1614454278742,2021-02-27T19:31:18.742Z,sell,4.3e-07,171943.0,0.07393549
MTH/BTC,1614454279757,2021-02-27T19:31:19.757Z,sell,4.4e-07,864.0,0.00038016000000000005
MTH/BTC,1614454284468,2021-02-27T19:31:24.468Z,sell,4.4e-07,7233.0,0.0031825200000000003
MTH/BTC,1614454284468,2021-02-27T19:31:24.468Z,sell,4.3e-07,89972.0,0.03868796
MTH/BTC,1614454286854,2021-02-27T19:31:26.854Z,sell,4.4e-07,4048.0,0.0017811200000000002
MTH/BTC,1614454286881,2021-02-27T19:31:26.881Z,sell,4.3e-07,69837.0,0.03002991
MTH/BTC,1614454290419,2021-02-27T19:31:30.419Z,sell,4.3e-07,23280.0,0.010010400000000001
MTH/BTC,1614454303160,2021-02-27T19:31:43.160Z,sell,4.3e-07,48982.0,0.02106226
MTH/BTC,1614454315217,2021-02-27T19:31:55.217Z,sell,4.4e-07,495.0,0.0002178
MTH/BTC,1614454344477,2021-02-27T19:32:24.477Z,sell,4.4e-07,35025.0,0.015411000000000001
MTH/BTC,1614454412093,2021-02-27T19:33:32.093Z,buy,4.4e-07,3646.0,0.00160424
MTH/BTC,1614454478473,2021-02-27T19:34:38.473Z,buy,4.4e-07,4007.0,0.00176308
MTH/BTC,1614454489054,2021-02-27T19:34:49.054Z,sell,4.3e-07,22737.0,0.00977691
MTH/BTC,1614454500286,2021-02-27T19:35:00.286Z,buy,4.4e-07,227.0,9.988e-05
MTH/BTC,1614454893799,2021-02-27T19:41:33.799Z,buy,4.4e-07,250.0,0.00011
MTH/BTC,1614454957129,2021-02-27T19:42:37.129Z,buy,4.4e-07,500.0,0.00022
MTH/BTC,1614454969675,2021-02-27T19:42:49.675Z,sell,4.3e-07,500.0,0.000215
MTH/BTC,1614454982959,2021-02-27T19:43:02.959Z,sell,4.3e-07,1459.0,0.00062737
MTH/BTC,1614455019864,2021-02-27T19:43:39.864Z,buy,4.4e-07,90399.0,0.03977556
MTH/BTC,1614455052818,2021-02-27T19:44:12.818Z,sell,4.4e-07,252.0,0.00011088000000000001
MTH/BTC,1614455058393,2021-02-27T19:44:18.393Z,sell,4.4e-07,5228.0,0.0023003200000000002
MTH/BTC,1614455123741,2021-02-27T19:45:23.741Z,sell,4.4e-07,12852.0,0.00565488
MTH/BTC,1614455131422,2021-02-27T19:45:31.422Z,buy,4.5e-07,236.0,0.00010619999999999999
MTH/BTC,1614455213409,2021-02-27T19:46:53.409Z,buy,4.5e-07,1333.0,0.00059985
MTH/BTC,1614455222960,2021-02-27T19:47:02.960Z,sell,4.4e-07,684.0,0.00030096
MTH/BTC,1614455231182,2021-02-27T19:47:11.182Z,sell,4.4e-07,791.0,0.00034804000000000004
MTH/BTC,1614455236347,2021-02-27T19:47:16.347Z,sell,4.4e-07,248.0,0.00010912000000000001
MTH/BTC,1614455236347,2021-02-27T19:47:16.347Z,sell,4.3e-07,927.0,0.00039861000000000003
MTH/BTC,1614455328089,2021-02-27T19:48:48.089Z,sell,4.3e-07,999.0,0.00042957
MTH/BTC,1614455349398,2021-02-27T19:49:09.398Z,sell,4.3e-07,1238.0,0.00053234
MTH/BTC,1614455421404,2021-02-27T19:50:21.404Z,sell,4.3e-07,317.0,0.00013631
MTH/BTC,1614455502369,2021-02-27T19:51:42.369Z,buy,4.4e-07,7333.0,0.00322652
MTH/BTC,1614455529206,2021-02-27T19:52:09.206Z,buy,4.4e-07,34091.0,0.015000040000000001
MTH/BTC,1614455539972,2021-02-27T19:52:19.972Z,buy,4.4e-07,74425.0,0.032747
MTH/BTC,1614455624671,2021-02-27T19:53:44.671Z,sell,4.4e-07,57620.0,0.0253528
MTH/BTC,1614455633954,2021-02-27T19:53:53.954Z,sell,4.4e-07,57620.0,0.0253528
MTH/BTC,1614455639481,2021-02-27T19:53:59.481Z,sell,4.4e-07,57620.0,0.0253528
MTH/BTC,1614455653583,2021-02-27T19:54:13.583Z,sell,4.4e-07,2427.0,0.00106788
MTH/BTC,1614455787460,2021-02-27T19:56:27.460Z,sell,4.3e-07,4076.0,0.00175268
MTH/BTC,1614455845509,2021-02-27T19:57:25.509Z,sell,4.3e-07,4550.0,0.0019565
MTH/BTC,1614455931544,2021-02-27T19:58:51.544Z,buy,4.4e-07,52311.0,0.02301684
MTH/BTC,1614455967143,2021-02-27T19:59:27.143Z,sell,4.3e-07,73262.0,0.03150266
MTH/BTC,1614455967143,2021-02-27T19:59:27.143Z,sell,4.3e-07,73262.0,0.03150266
MTH/BTC,1614456031972,2021-02-27T20:00:31.972Z,buy,4.4e-07,221248.0,0.09734912000000001
MTH/BTC,1614456081759,2021-02-27T20:01:21.759Z,sell,4.3e-07,34091.0,0.014659130000000001
MTH/BTC,1614456223846,2021-02-27T20:03:43.846Z,buy,4.4e-07,4395.0,0.0019338
MTH/BTC,1614456322468,2021-02-27T20:05:22.468Z,buy,4.4e-07,240.0,0.0001056
MTH/BTC,1614456347054,2021-02-27T20:05:47.054Z,sell,4.3e-07,1821.0,0.00078303
MTH/BTC,1614456373254,2021-02-27T20:06:13.254Z,buy,4.4e-07,63848.0,0.028093120000000003
MTH/BTC,1614456385172,2021-02-27T20:06:25.172Z,buy,4.4e-07,1634.0,0.00071896
MTH/BTC,1614456440860,2021-02-27T20:07:20.860Z,buy,4.4e-07,9882.0,0.00434808
MTH/BTC,1614456490081,2021-02-27T20:08:10.081Z,buy,4.4e-07,43409.0,0.019099960000000003
MTH/BTC,1614456544638,2021-02-27T20:09:04.638Z,buy,4.4e-07,37285.0,0.0164054
MTH/BTC,1614456569671,2021-02-27T20:09:29.671Z,sell,4.3e-07,5663.0,0.00243509
MTH/BTC,1614456617460,2021-02-27T20:10:17.460Z,sell,4.3e-07,2667.0,0.00114681
MTH/BTC,1614456928321,2021-02-27T20:15:28.321Z,buy,4.4e-07,354.0,0.00015576
MTH/BTC,1614456952675,2021-02-27T20:15:52.675Z,buy,4.4e-07,45329.0,0.019944760000000002
MTH/BTC,1614456973976,2021-02-27T20:16:13.976Z,buy,4.4e-07,97000.0,0.04268
MTH/BTC,1614457026893,2021-02-27T20:17:06.893Z,sell,4.3e-07,51710.0,0.0222353
MTH/BTC,1614457086344,2021-02-27T20:18:06.344Z,sell,4.3e-07,1363.0,0.00058609
MTH/BTC,1614457140797,2021-02-27T20:19:00.797Z,buy,4.4e-07,22373.0,0.009844120000000001
MTH/BTC,1614457179725,2021-02-27T20:19:39.725Z,buy,4.4e-07,381.0,0.00016764000000000001
MTH/BTC,1614457204268,2021-02-27T20:20:04.268Z,buy,4.4e-07,3123.0,0.0013741200000000002
MTH/BTC,1614457257413,2021-02-27T20:20:57.413Z,buy,4.4e-07,1647.0,0.00072468
MTH/BTC,1614457260266,2021-02-27T20:21:00.266Z,buy,4.4e-07,1465.0,0.0006446000000000001
MTH/BTC,1614457262562,2021-02-27T20:21:02.562Z,buy,4.4e-07,24972.0,0.010987680000000001
MTH/BTC,1614457270646,2021-02-27T20:21:10.646Z,buy,4.5e-07,19980.0,0.008990999999999999
MTH/BTC,1614457320902,2021-02-27T20:22:00.902Z,sell,4.4e-07,641.0,0.00028204
MTH/BTC,1614457351383,2021-02-27T20:22:31.383Z,buy,4.5e-07,243.0,0.00010935
MTH/BTC,1614457363683,2021-02-27T20:22:43.683Z,sell,4.4e-07,23135.0,0.0101794
MTH/BTC,1614457363683,2021-02-27T20:22:43.683Z,sell,4.3e-07,444504.0,0.19113672
MTH/BTC,1614457389003,2021-02-27T20:23:09.003Z,sell,4.3e-07,5001.0,0.00215043
MTH/BTC,1614457667030,2021-02-27T20:27:47.030Z,buy,4.5e-07,9982.0,0.0044919
MTH/BTC,1614457723473,2021-02-27T20:28:43.473Z,sell,4.4e-07,8574.0,0.0037725600000000003
MTH/BTC,1614458034827,2021-02-27T20:33:54.827Z,sell,4.4e-07,737.0,0.00032428000000000003
MTH/BTC,1614458296205,2021-02-27T20:38:16.205Z,sell,4.4e-07,55451.0,0.02439844
MTH/BTC,1614458521020,2021-02-27T20:42:01.020Z,sell,4.3e-07,4744.0,0.00203992
MTH/BTC,1614458759267,2021-02-27T20:45:59.267Z,sell,4.3e-07,249.0,0.00010707
MTH/BTC,1614459006012,2021-02-27T20:50:06.012Z,buy,4.4e-07,278.0,0.00012232
MTH/BTC,1614459025864,2021-02-27T20:50:25.864Z,sell,4.3e-07,365.0,0.00015695
MTH/BTC,1614459029610,2021-02-27T20:50:29.610Z,buy,4.4e-07,341.0,0.00015004000000000002
MTH/BTC,1614459082166,2021-02-27T20:51:22.166Z,sell,4.3e-07,6480.0,0.0027864
MTH/BTC,1614459210158,2021-02-27T20:53:30.158Z,buy,4.4e-07,11652.0,0.00512688
MTH/BTC,1614459265842,2021-02-27T20:54:25.842Z,buy,4.4e-07,1842.0,0.00081048
MTH/BTC,1614459296066,2021-02-27T20:54:56.066Z,buy,4.5e-07,8387.0,0.00377415
MTH/BTC,1614459301980,2021-02-27T20:55:01.980Z,sell,4.4e-07,20000.0,0.0088
MTH/BTC,1614459341616,2021-02-27T20:55:41.616Z,sell,4.4e-07,8333.0,0.0036665200000000004
MTH/BTC,1614459343807,2021-02-27T20:55:43.807Z,sell,4.4e-07,886.0,0.00038984
MTH/BTC,1614459403444,2021-02-27T20:56:43.444Z,buy,4.4e-07,314.0,0.00013816000000000002
MTH/BTC,1614459409132,2021-02-27T20:56:49.132Z,buy,4.4e-07,372.0,0.00016368
MTH/BTC,1614459480810,2021-02-27T20:58:00.810Z,sell,4.4e-07,6124.0,0.00269456
MTH/BTC,1614459480810,2021-02-27T20:58:00.810Z,sell,4.3e-07,27087.0,0.01164741
MTH/BTC,1614459494972,2021-02-27T20:58:14.972Z,sell,4.3e-07,1687.0,0.00072541
MTH/BTC,1614459518553,2021-02-27T20:58:38.553Z,sell,4.3e-07,8000.0,0.00344
MTH/BTC,1614459518553,2021-02-27T20:58:38.553Z,sell,4.3e-07,8000.0,0.00344
MTH/BTC,1614459955275,2021-02-27T21:05:55.275Z,sell,4.3e-07,1855.0,0.00079765
MTH/BTC,1614460033824,2021-02-27T21:07:13.824Z,sell,4.3e-07,1656.0,0.00071208
MTH/BTC,1614460053407,2021-02-27T21:07:33.407Z,buy,4.4e-07,1113.0,0.00048972
MTH/BTC,1614460084200,2021-02-27T21:08:04.200Z,sell,4.3e-07,23480.0,0.0100964
MTH/BTC,1614460194522,2021-02-27T21:09:54.522Z,sell,4.3e-07,6667.0,0.00286681
MTH/BTC,1614460234866,2021-02-27T21:10:34.866Z,buy,4.4e-07,2297.0,0.0010106800000000001
MTH/BTC,1614460292625,2021-02-27T21:11:32.625Z,sell,4.3e-07,14969.0,0.00643667
MTH/BTC,1614460316386,2021-02-27T21:11:56.386Z,sell,4.3e-07,4000.0,0.00172
MTH/BTC,1614460329332,2021-02-27T21:12:09.332Z,buy,4.4e-07,17938.0,0.00789272
MTH/BTC,1614460338856,2021-02-27T21:12:18.856Z,buy,4.4e-07,385.0,0.0001694
MTH/BTC,1614460513766,2021-02-27T21:15:13.766Z,buy,4.4e-07,25118.0,0.01105192
MTH/BTC,1614460529936,2021-02-27T21:15:29.936Z,sell,4.3e-07,1000.0,0.00043
MTH/BTC,1614460633516,2021-02-27T21:17:13.516Z,buy,4.4e-07,48213.0,0.021213720000000002
MTH/BTC,1614460657895,2021-02-27T21:17:37.895Z,sell,4.3e-07,234.0,0.00010062000000000001
MTH/BTC,1614460732736,2021-02-27T21:18:52.736Z,sell,4.3e-07,4205.0,0.0018081500000000001
MTH/BTC,1614460904788,2021-02-27T21:21:44.788Z,sell,4.3e-07,2212.0,0.00095116
MTH/BTC,1614461029072,2021-02-27T21:23:49.072Z,sell,4.3e-07,9797.0,0.00421271
MTH/BTC,1614461059408,2021-02-27T21:24:19.408Z,buy,4.4e-07,3975.0,0.0017490000000000001
MTH/BTC,1614461253151,2021-02-27T21:27:33.151Z,buy,4.4e-07,1859.0,0.0008179600000000001
MTH/BTC,1614461468725,2021-02-27T21:31:08.725Z,buy,4.4e-07,569.0,0.00025036000000000004
MTH/BTC,1614461610226,2021-02-27T21:33:30.226Z,buy,4.4e-07,1681.0,0.0007396400000000001
MTH/BTC,1614461778180,2021-02-27T21:36:18.180Z,sell,4.3e-07,315.0,0.00013545
MTH/BTC,1614461781213,2021-02-27T21:36:21.213Z,buy,4.4e-07,238.0,0.00010472
MTH/BTC,1614461804430,2021-02-27T21:36:44.430Z,buy,4.4e-07,2130.0,0.0009372
MTH/BTC,1614461832086,2021-02-27T21:37:12.086Z,buy,4.4e-07,10000.0,0.0044
MTH/BTC,1614461945482,2021-02-27T21:39:05.482Z,sell,4.3e-07,600.0,0.000258
MTH/BTC,1614462065432,2021-02-27T21:41:05.432Z,buy,4.4e-07,1136.0,0.00049984
MTH/BTC,1614462096154,2021-02-27T21:41:36.154Z,buy,4.4e-07,546.0,0.00024024000000000002
MTH/BTC,1614462173748,2021-02-27T21:42:53.748Z,sell,4.3e-07,3563.0,0.00153209
MTH/BTC,1614462238068,2021-02-27T21:43:58.068Z,buy,4.4e-07,358.0,0.00015752
MTH/BTC,1614462239026,2021-02-27T21:43:59.026Z,buy,4.4e-07,424.0,0.00018656
MTH/BTC,1614462273121,2021-02-27T21:44:33.121Z,sell,4.3e-07,423.0,0.00018189
MTH/BTC,1614462535399,2021-02-27T21:48:55.399Z,buy,4.4e-07,630.0,0.0002772
MTH/BTC,1614462745529,2021-02-27T21:52:25.529Z,sell,4.3e-07,2763.0,0.00118809
MTH/BTC,1614462748446,2021-02-27T21:52:28.446Z,sell,4.3e-07,838.0,0.00036034
MTH/BTC,1614462890051,2021-02-27T21:54:50.051Z,sell,4.3e-07,8000.0,0.00344
MTH/BTC,1614462890051,2021-02-27T21:54:50.051Z,sell,4.3e-07,8000.0,0.00344
MTH/BTC,1614463136615,2021-02-27T21:58:56.615Z,sell,4.3e-07,340.0,0.0001462
MTH/BTC,1614463191592,2021-02-27T21:59:51.592Z,buy,4.4e-07,96990.0,0.0426756
MTH/BTC,1614463249360,2021-02-27T22:00:49.360Z,buy,4.4e-07,6499.0,0.00285956
MTH/BTC,1614463322182,2021-02-27T22:02:02.182Z,buy,4.4e-07,2000.0,0.00088
MTH/BTC,1614463650869,2021-02-27T22:07:30.869Z,buy,4.4e-07,10755.0,0.004732200000000001
MTH/BTC,1614463782176,2021-02-27T22:09:42.176Z,sell,4.3e-07,239.0,0.00010277000000000001
MTH/BTC,1614463800385,2021-02-27T22:10:00.385Z,sell,4.3e-07,1278.0,0.0005495400000000001
MTH/BTC,1614464032352,2021-02-27T22:13:52.352Z,sell,4.3e-07,1239.0,0.00053277
MTH/BTC,1614464271463,2021-02-27T22:17:51.463Z,sell,4.3e-07,550.0,0.0002365
MTH/BTC,1614464386889,2021-02-27T22:19:46.889Z,sell,4.3e-07,316.0,0.00013588
MTH/BTC,1614464397494,2021-02-27T22:19:57.494Z,buy,4.4e-07,250.0,0.00011
MTH/BTC,1614464419468,2021-02-27T22:20:19.468Z,sell,4.3e-07,399.0,0.00017157
MTH/BTC,1614464428437,2021-02-27T22:20:28.437Z,buy,4.4e-07,400.0,0.000176
MTH/BTC,1614464559750,2021-02-27T22:22:39.750Z,buy,4.4e-07,24248.0,0.01066912
MTH/BTC,1614464655971,2021-02-27T22:24:15.971Z,buy,4.4e-07,469.0,0.00020636000000000002
MTH/BTC,1614464665403,2021-02-27T22:24:25.403Z,sell,4.3e-07,229.0,9.847e-05
MTH/BTC,1614464699324,2021-02-27T22:24:59.324Z,sell,4.3e-07,1102.0,0.00047386
MTH/BTC,1614464757725,2021-02-27T22:25:57.725Z,buy,4.4e-07,9562.0,0.00420728
MTH/BTC,1614464788501,2021-02-27T22:26:28.501Z,sell,4.3e-07,9562.0,0.0041116600000000005
MTH/BTC,1614464917703,2021-02-27T22:28:37.703Z,sell,4.3e-07,952.0,0.00040936
MTH/BTC,1614464964057,2021-02-27T22:29:24.057Z,sell,4.3e-07,1001.0,0.00043043000000000004
MTH/BTC,1614465219517,2021-02-27T22:33:39.517Z,sell,4.3e-07,512.0,0.00022016
MTH/BTC,1614465233599,2021-02-27T22:33:53.599Z,buy,4.4e-07,2596.0,0.00114224
MTH/BTC,1614465235822,2021-02-27T22:33:55.822Z,buy,4.4e-07,2597.0,0.00114268
MTH/BTC,1614465361723,2021-02-27T22:36:01.723Z,buy,4.4e-07,1725.0,0.000759
MTH/BTC,1614465368466,2021-02-27T22:36:08.466Z,sell,4.3e-07,814.0,0.00035002
MTH/BTC,1614465397504,2021-02-27T22:36:37.504Z,sell,4.3e-07,1156.0,0.00049708
MTH/BTC,1614465560035,2021-02-27T22:39:20.035Z,buy,4.4e-07,291.0,0.00012804
MTH/BTC,1614465608305,2021-02-27T22:40:08.305Z,sell,4.3e-07,5188.0,0.00223084
MTH/BTC,1614465779393,2021-02-27T22:42:59.393Z,sell,4.3e-07,371.0,0.00015953
MTH/BTC,1614465783356,2021-02-27T22:43:03.356Z,buy,4.4e-07,308.0,0.00013552
MTH/BTC,1614465789969,2021-02-27T22:43:09.969Z,buy,4.4e-07,12134.0,0.00533896
MTH/BTC,1614465820233,2021-02-27T22:43:40.233Z,buy,4.4e-07,20275.0,0.008921
MTH/BTC,1614465850543,2021-02-27T22:44:10.543Z,sell,4.3e-07,156819.0,0.06743217
MTH/BTC,1614466289816,2021-02-27T22:51:29.816Z,buy,4.4e-07,25782.0,0.011344080000000001
MTH/BTC,1614466387441,2021-02-27T22:53:07.441Z,buy,4.4e-07,7192.0,0.0031644800000000003
MTH/BTC,1614466396663,2021-02-27T22:53:16.663Z,buy,4.4e-07,3561.0,0.0015668400000000001
MTH/BTC,1614466444564,2021-02-27T22:54:04.564Z,buy,4.4e-07,2851.0,0.0012544400000000001
MTH/BTC,1614466488770,2021-02-27T22:54:48.770Z,buy,4.4e-07,5391.0,0.00237204
MTH/BTC,1614466488770,2021-02-27T22:54:48.770Z,buy,4.4e-07,5391.0,0.00237204
MTH/BTC,1614466801078,2021-02-27T23:00:01.078Z,sell,4.3e-07,1622.0,0.00069746
MTH/BTC,1614467360092,2021-02-27T23:09:20.092Z,sell,4.3e-07,345.0,0.00014835
MTH/BTC,1614467445008,2021-02-27T23:10:45.008Z,sell,4.3e-07,4834.0,0.00207862
MTH/BTC,1614467616616,2021-02-27T23:13:36.616Z,sell,4.3e-07,2778.0,0.00119454
MTH/BTC,1614467642079,2021-02-27T23:14:02.079Z,sell,4.3e-07,12036.0,0.0051754800000000005
MTH/BTC,1614467659851,2021-02-27T23:14:19.851Z,buy,4.4e-07,2000.0,0.00088
MTH/BTC,1614467674748,2021-02-27T23:14:34.748Z,buy,4.4e-07,2000.0,0.00088
MTH/BTC,1614467816696,2021-02-27T23:16:56.696Z,sell,4.3e-07,63082.0,0.02712526
MTH/BTC,1614467981908,2021-02-27T23:19:41.908Z,sell,4.3e-07,400.0,0.000172
MTH/BTC,1614468148521,2021-02-27T23:22:28.521Z,sell,4.3e-07,18037.0,0.00775591
MTH/BTC,1614468229469,2021-02-27T23:23:49.469Z,sell,4.3e-07,653.0,0.00028079
MTH/BTC,1614468256045,2021-02-27T23:24:16.045Z,buy,4.4e-07,227.0,9.988e-05
MTH/BTC,1614468267294,2021-02-27T23:24:27.294Z,buy,4.4e-07,893.0,0.00039292
MTH/BTC,1614468550196,2021-02-27T23:29:10.196Z,sell,4.3e-07,8609.0,0.00370187
MTH/BTC,1614468682938,2021-02-27T23:31:22.938Z,sell,4.3e-07,2188.0,0.0009408400000000001
MTH/BTC,1614468683181,2021-02-27T23:31:23.181Z,sell,4.3e-07,100000.0,0.043000000000000003
MTH/BTC,1614468683181,2021-02-27T23:31:23.181Z,sell,4.3e-07,300000.0,0.129
MTH/BTC,1614468816839,2021-02-27T23:33:36.839Z,sell,4.3e-07,4169.0,0.0017926700000000001
MTH/BTC,1614468878559,2021-02-27T23:34:38.559Z,sell,4.3e-07,50000.0,0.021500000000000002
MTH/BTC,1614469243544,2021-02-27T23:40:43.544Z,sell,4.3e-07,5218.0,0.00224374
MTH/BTC,1614469291205,2021-02-27T23:41:31.205Z,sell,4.3e-07,400.0,0.000172
MTH/BTC,1614469405704,2021-02-27T23:43:25.704Z,sell,4.3e-07,50608.0,0.02176144
MTH/BTC,1614469771305,2021-02-27T23:49:31.305Z,sell,4.3e-07,28461.0,0.012238230000000001
MTH/BTC,1614470082553,2021-02-27T23:54:42.553Z,sell,4.3e-07,14894.0,0.00640442
MTH/BTC,1614470082553,2021-02-27T23:54:42.553Z,sell,4.3e-07,14894.0,0.00640442
MTH/BTC,1614470239776,2021-02-27T23:57:19.776Z,buy,4.4e-07,3800.0,0.001672
MTH/BTC,1614470547972,2021-02-28T00:02:27.972Z,buy,4.4e-07,792.0,0.00034848
MTH/BTC,1614470592482,2021-02-28T00:03:12.482Z,sell,4.3e-07,1834.0,0.0007886200000000001
MTH/BTC,1614470595510,2021-02-28T00:03:15.510Z,buy,4.4e-07,68181.0,0.02999964
MTH/BTC,1614470599769,2021-02-28T00:03:19.769Z,sell,4.3e-07,500.0,0.000215
MTH/BTC,1614470691712,2021-02-28T00:04:51.712Z,buy,4.4e-07,449.0,0.00019756
MTH/BTC,1614470726294,2021-02-28T00:05:26.294Z,sell,4.3e-07,23601.0,0.01014843
MTH/BTC,1614471038560,2021-02-28T00:10:38.560Z,sell,4.3e-07,17723.0,0.00762089
MTH/BTC,1614471054822,2021-02-28T00:10:54.822Z,buy,4.4e-07,684.0,0.00030096
MTH/BTC,1614471070927,2021-02-28T00:11:10.927Z,buy,4.4e-07,2068.0,0.00090992
MTH/BTC,1614471284264,2021-02-28T00:14:44.264Z,sell,4.3e-07,81632.0,0.03510176
MTH/BTC,1614471288672,2021-02-28T00:14:48.672Z,sell,4.3e-07,204081.0,0.08775483
MTH/BTC,1614471486094,2021-02-28T00:18:06.094Z,buy,4.4e-07,68406.0,0.030098640000000003
MTH/BTC,1614471717926,2021-02-28T00:21:57.926Z,buy,4.4e-07,16795.0,0.0073898
MTH/BTC,1614472153410,2021-02-28T00:29:13.410Z,buy,4.4e-07,405.0,0.00017820000000000002
MTH/BTC,1614472334252,2021-02-28T00:32:14.252Z,sell,4.3e-07,16280.0,0.0070004
MTH/BTC,1614472387393,2021-02-28T00:33:07.393Z,buy,4.4e-07,1818.0,0.0007999200000000001
MTH/BTC,1614472389135,2021-02-28T00:33:09.135Z,buy,4.4e-07,2718.0,0.00119592
MTH/BTC,1614472592623,2021-02-28T00:36:32.623Z,sell,4.3e-07,300.0,0.000129
MTH/BTC,1614472953681,2021-02-28T00:42:33.681Z,buy,4.4e-07,529.0,0.00023276000000000001
MTH/BTC,1614472963424,2021-02-28T00:42:43.424Z,sell,4.3e-07,11157.0,0.0047975100000000005
MTH/BTC,1614472963716,2021-02-28T00:42:43.716Z,sell,4.3e-07,10000.0,0.0043
MTH/BTC,1614472963716,2021-02-28T00:42:43.716Z,sell,4.3e-07,100000.0,0.043000000000000003
MTH/BTC,1614472963717,2021-02-28T00:42:43.717Z,sell,4.3e-07,60000.0,0.0258
MTH/BTC,1614473159831,2021-02-28T00:45:59.831Z,sell,4.3e-07,965.0,0.00041495000000000003
MTH/BTC,1614473288448,2021-02-28T00:48:08.448Z,sell,4.3e-07,20275.0,0.00871825
MTH/BTC,1614473387246,2021-02-28T00:49:47.246Z,buy,4.4e-07,1804.0,0.00079376
MTH/BTC,1614473585708,2021-02-28T00:53:05.708Z,sell,4.3e-07,2130.0,0.0009159
MTH/BTC,1614473676465,2021-02-28T00:54:36.465Z,buy,4.4e-07,403158.0,0.17738952000000002
MTH/BTC,1614473676465,2021-02-28T00:54:36.465Z,buy,4.4e-07,403158.0,0.17738952000000002
MTH/BTC,1614473746600,2021-02-28T00:55:46.600Z,buy,4.4e-07,1799.0,0.0007915600000000001
MTH/BTC,1614473925737,2021-02-28T00:58:45.737Z,buy,4.4e-07,250.0,0.00011
MTH/BTC,1614473930053,2021-02-28T00:58:50.053Z,sell,4.3e-07,250.0,0.0001075
MTH/BTC,1614474289770,2021-02-28T01:04:49.770Z,buy,4.4e-07,861.0,0.00037884
MTH/BTC,1614474339478,2021-02-28T01:05:39.478Z,sell,4.3e-07,2281.0,0.00098083
MTH/BTC,1614474366837,2021-02-28T01:06:06.837Z,buy,4.4e-07,1667.0,0.00073348
MTH/BTC,1614474446825,2021-02-28T01:07:26.825Z,buy,4.4e-07,361.0,0.00015884000000000002
MTH/BTC,1614474491168,2021-02-28T01:08:11.168Z,buy,4.4e-07,23851.0,0.01049444
MTH/BTC,1614474603390,2021-02-28T01:10:03.390Z,buy,4.4e-07,15199.0,0.00668756
MTH/BTC,1614474918132,2021-02-28T01:15:18.132Z,buy,4.4e-07,260.0,0.0001144
MTH/BTC,1614474921650,2021-02-28T01:15:21.650Z,sell,4.3e-07,260.0,0.00011180000000000001
MTH/BTC,1614474965814,2021-02-28T01:16:05.814Z,buy,4.4e-07,280.0,0.0001232
MTH/BTC,1614475449053,2021-02-28T01:24:09.053Z,buy,4.4e-07,4097.0,0.00180268
MTH/BTC,1614475490525,2021-02-28T01:24:50.525Z,buy,4.4e-07,257.0,0.00011308000000000001
MTH/BTC,1614475495135,2021-02-28T01:24:55.135Z,sell,4.3e-07,257.0,0.00011051
MTH/BTC,1614475795311,2021-02-28T01:29:55.311Z,buy,4.4e-07,1136.0,0.00049984
MTH/BTC,1614475843892,2021-02-28T01:30:43.892Z,sell,4.3e-07,351.0,0.00015093
MTH/BTC,1614475932642,2021-02-28T01:32:12.642Z,sell,4.3e-07,6424.0,0.00276232
MTH/BTC,1614476162631,2021-02-28T01:36:02.631Z,buy,4.4e-07,19145.0,0.0084238
MTH/BTC,1614476445535,2021-02-28T01:40:45.535Z,buy,4.4e-07,723.0,0.00031812
MTH/BTC,1614476513869,2021-02-28T01:41:53.869Z,buy,4.4e-07,2065.0,0.0009086000000000001
MTH/BTC,1614476637494,2021-02-28T01:43:57.494Z,buy,4.4e-07,723.0,0.00031812
MTH/BTC,1614476745113,2021-02-28T01:45:45.113Z,buy,4.4e-07,1805.0,0.0007942
MTH/BTC,1614476745113,2021-02-28T01:45:45.113Z,buy,4.4e-07,1805.0,0.0007942
MTH/BTC,1614477553860,2021-02-28T01:59:13.860Z,buy,4.4e-07,254.0,0.00011176
MTH/BTC,1614477559169,2021-02-28T01:59:19.169Z,sell,4.3e-07,253.0,0.00010879000000000001
MTH/BTC,1614478225472,2021-02-28T02:10:25.472Z,sell,4.3e-07,2326.0,0.00100018
MTH/BTC,1614478449273,2021-02-28T02:14:09.273Z,sell,4.3e-07,315.0,0.00013545
MTH/BTC,1614478878094,2021-02-28T02:21:18.094Z,buy,4.4e-07,5000.0,0.0022
MTH/BTC,1614478993097,2021-02-28T02:23:13.097Z,sell,4.3e-07,514.0,0.00022102
MTH/BTC,1614478993759,2021-02-28T02:23:13.759Z,sell,4.3e-07,330000.0,0.1419
MTH/BTC,1614478994000,2021-02-28T02:23:14.000Z,sell,4.3e-07,310000.0,0.1333
MTH/BTC,1614478994001,2021-02-28T02:23:14.001Z,sell,4.3e-07,112025.0,0.04817075
MTH/BTC,1614479002165,2021-02-28T02:23:22.165Z,sell,4.3e-07,5000.0,0.00215
MTH/BTC,1614479091341,2021-02-28T02:24:51.341Z,sell,4.3e-07,8428.0,0.0036240400000000002
MTH/BTC,1614479375764,2021-02-28T02:29:35.764Z,buy,4.4e-07,68.0,2.992e-05
MTH/BTC,1614479381866,2021-02-28T02:29:41.866Z,sell,4.3e-07,34085.0,0.01465655
MTH/BTC,1614479405390,2021-02-28T02:30:05.390Z,sell,4.3e-07,1581.0,0.00067983
MTH/BTC,1614479407419,2021-02-28T02:30:07.419Z,buy,4.4e-07,65.0,2.86e-05
MTH/BTC,1614479749862,2021-02-28T02:35:49.862Z,sell,4.3e-07,15148.0,0.00651364
MTH/BTC,1614479960425,2021-02-28T02:39:20.425Z,sell,4.3e-07,500.0,0.000215
MTH/BTC,1614480256083,2021-02-28T02:44:16.083Z,sell,4.3e-07,2381.0,0.00102383
MTH/BTC,1614480315098,2021-02-28T02:45:15.098Z,buy,4.4e-07,68.0,2.992e-05
MTH/BTC,1614480318336,2021-02-28T02:45:18.336Z,buy,4.4e-07,68.0,2.992e-05
MTH/BTC,1614480337521,2021-02-28T02:45:37.521Z,sell,4.3e-07,181290.0,0.0779547
MTH/BTC,1614480337521,2021-02-28T02:45:37.521Z,sell,4.3e-07,181290.0,0.0779547
MTH/BTC,1614480743393,2021-02-28T02:52:23.393Z,sell,4.3e-07,3179.0,0.0013669700000000001
MTH/BTC,1614480828160,2021-02-28T02:53:48.160Z,sell,4.3e-07,4166.0,0.00179138
MTH/BTC,1614481131765,2021-02-28T02:58:51.765Z,sell,4.3e-07,499.0,0.00021457
MTH/BTC,1614481500299,2021-02-28T03:05:00.299Z,sell,4.3e-07,1668.0,0.0007172400000000001
MTH/BTC,1614481850088,2021-02-28T03:10:50.088Z,buy,4.4e-07,602.0,0.00026488
MTH/BTC,1614482107746,2021-02-28T03:15:07.746Z,sell,4.3e-07,280.0,0.0001204
MTH/BTC,1614482313614,2021-02-28T03:18:33.614Z,sell,4.3e-07,8341.0,0.00358663
MTH/BTC,1614483079356,2021-02-28T03:31:19.356Z,sell,4.3e-07,2503.0,0.00107629
MTH/BTC,1614483600802,2021-02-28T03:40:00.802Z,sell,4.3e-07,1698.0,0.00073014
MTH/BTC,1614483826953,2021-02-28T03:43:46.953Z,sell,4.3e-07,15994.0,0.00687742
MTH/BTC,1614483826953,2021-02-28T03:43:46.953Z,sell,4.3e-07,15994.0,0.00687742
MTH/BTC,1614484044075,2021-02-28T03:47:24.075Z,sell,4.3e-07,725.0,0.00031175
MTH/BTC,1614484063506,2021-02-28T03:47:43.506Z,sell,4.3e-07,50001.0,0.02150043
MTH/BTC,1614484083580,2021-02-28T03:48:03.580Z,sell,4.3e-07,14699.0,0.00632057
MTH/BTC,1614484092619,2021-02-28T03:48:12.619Z,sell,4.3e-07,45283.0,0.01947169
MTH/BTC,1614484126481,2021-02-28T03:48:46.481Z,sell,4.3e-07,20942.0,0.00900506
MTH/BTC,1614484322570,2021-02-28T03:52:02.570Z,sell,4.3e-07,16795.0,0.00722185
MTH/BTC,1614484354595,2021-02-28T03:52:34.595Z,sell,4.3e-07,9337.0,0.00401491
MTH/BTC,1614484717727,2021-02-28T03:58:37.727Z,sell,4.3e-07,13157.0,0.00565751
MTH/BTC,1614484807940,2021-02-28T04:00:07.940Z,sell,4.3e-07,4391.0,0.00188813
MTH/BTC,1614485052464,2021-02-28T04:04:12.464Z,sell,4.3e-07,25403.0,0.01092329
MTH/BTC,1614485436031,2021-02-28T04:10:36.031Z,buy,4.4e-07,342.0,0.00015048
MTH/BTC,1614485456955,2021-02-28T04:10:56.955Z,sell,4.3e-07,5821.0,0.0025030300000000003
MTH/BTC,1614485657469,2021-02-28T04:14:17.469Z,sell,4.3e-07,5257.0,0.00226051
MTH/BTC,1614485668634,2021-02-28T04:14:28.634Z,buy,4.4e-07,748.0,0.00032912
MTH/BTC,1614485773248,2021-02-28T04:16:13.248Z,sell,4.3e-07,35542.0,0.015283060000000001
MTH/BTC,1614485863603,2021-02-28T04:17:43.603Z,buy,4.4e-07,5566.0,0.00244904
MTH/BTC,1614486005251,2021-02-28T04:20:05.251Z,buy,4.4e-07,250.0,0.00011
MTH/BTC,1614486023416,2021-02-28T04:20:23.416Z,sell,4.3e-07,252.0,0.00010836
MTH/BTC,1614486039061,2021-02-28T04:20:39.061Z,sell,4.3e-07,600.0,0.000258
MTH/BTC,1614486285625,2021-02-28T04:24:45.625Z,sell,4.3e-07,2094.0,0.00090042
MTH/BTC,1614486355445,2021-02-28T04:25:55.445Z,sell,4.3e-07,785.0,0.00033755
MTH/BTC,1614486603482,2021-02-28T04:30:03.482Z,sell,4.3e-07,249.0,0.00010707
MTH/BTC,1614487008095,2021-02-28T04:36:48.095Z,sell,4.3e-07,6122.0,0.00263246
MTH/BTC,1614487100488,2021-02-28T04:38:20.488Z,sell,4.3e-07,1037.0,0.00044591
MTH/BTC,1614487106368,2021-02-28T04:38:26.368Z,sell,4.3e-07,1000.0,0.00043
MTH/BTC,1614487133998,2021-02-28T04:38:53.998Z,sell,4.3e-07,1500.0,0.0006450000000000001
MTH/BTC,1614487230737,2021-02-28T04:40:30.737Z,sell,4.3e-07,2000.0,0.00086
MTH/BTC,1614487230737,2021-02-28T04:40:30.737Z,sell,4.3e-07,2000.0,0.00086
MTH/BTC,1614487713675,2021-02-28T04:48:33.675Z,buy,4.4e-07,7813.0,0.00343772
MTH/BTC,1614487730842,2021-02-28T04:48:50.842Z,sell,4.3e-07,5013.0,0.00215559
MTH/BTC,1614487874646,2021-02-28T04:51:14.646Z,sell,4.3e-07,5873.0,0.00252539
MTH/BTC,1614488017165,2021-02-28T04:53:37.165Z,buy,4.4e-07,1864.0,0.00082016
MTH/BTC,1614488276856,2021-02-28T04:57:56.856Z,buy,4.4e-07,3962.0,0.00174328
MTH/BTC,1614489243546,2021-02-28T05:14:03.546Z,sell,4.3e-07,34158.0,0.01468794
MTH/BTC,1614489351270,2021-02-28T05:15:51.270Z,sell,4.3e-07,3014.0,0.00129602
MTH/BTC,1614489362272,2021-02-28T05:16:02.272Z,sell,4.3e-07,1860.0,0.0007998
MTH/BTC,1614489444367,2021-02-28T05:17:24.367Z,sell,4.3e-07,152860.0,0.0657298
MTH/BTC,1614489461734,2021-02-28T05:17:41.734Z,sell,4.3e-07,303.0,0.00013029
MTH/BTC,1614489542368,2021-02-28T05:19:02.368Z,sell,4.3e-07,48826.0,0.020995180000000002
MTH/BTC,1614490299865,2021-02-28T05:31:39.865Z,sell,4.3e-07,3281.0,0.00141083
MTH/BTC,1614490337323,2021-02-28T05:32:17.323Z,buy,4.4e-07,3886.0,0.00170984
MTH/BTC,1614490357112,2021-02-28T05:32:37.112Z,sell,4.3e-07,24343.0,0.01046749
MTH/BTC,1614490426528,2021-02-28T05:33:46.528Z,sell,4.3e-07,9465.0,0.00406995
MTH/BTC,1614490426528,2021-02-28T05:33:46.528Z,sell,4.3e-07,9465.0,0.00406995
MTH/BTC,1614491307205,2021-02-28T05:48:27.205Z,buy,4.4e-07,747.0,0.00032868000000000003
MTH/BTC,1614491504980,2021-02-28T05:51:44.980Z,sell,4.3e-07,24075.0,0.01035225
MTH/BTC,1614491528432,2021-02-28T05:52:08.432Z,sell,4.3e-07,500.0,0.000215
MTH/BTC,1614491911771,2021-02-28T05:58:31.771Z,sell,4.3e-07,6265.0,0.00269395
MTH/BTC,1614492174847,2021-02-28T06:02:54.847Z,buy,4.4e-07,454545.0,0.1999998
MTH/BTC,1614492182449,2021-02-28T06:03:02.449Z,sell,4.3e-07,1000.0,0.00043
MTH/BTC,1614492315010,2021-02-28T06:05:15.010Z,buy,4.4e-07,1180.0,0.0005192
MTH/BTC,1614492430914,2021-02-28T06:07:10.914Z,buy,4.4e-07,1000.0,0.00044
MTH/BTC,1614492555852,2021-02-28T06:09:15.852Z,buy,4.4e-07,1505.0,0.0006622
MTH/BTC,1614492563811,2021-02-28T06:09:23.811Z,sell,4.3e-07,12850.0,0.0055255
MTH/BTC,1614492564063,2021-02-28T06:09:24.063Z,sell,4.3e-07,310000.0,0.1333
MTH/BTC,1614492630530,2021-02-28T06:10:30.530Z,sell,4.3e-07,2706.0,0.00116358
MTH/BTC,1614492667822,2021-02-28T06:11:07.822Z,sell,4.3e-07,11535.0,0.004960050000000001
MTH/BTC,1614492904889,2021-02-28T06:15:04.889Z,sell,4.3e-07,9674.0,0.00415982
MTH/BTC,1614492918749,2021-02-28T06:15:18.749Z,buy,4.4e-07,2077.0,0.00091388
MTH/BTC,1614492956342,2021-02-28T06:15:56.342Z,sell,4.3e-07,10000.0,0.0043
MTH/BTC,1614493210957,2021-02-28T06:20:10.957Z,buy,4.4e-07,42542.0,0.018718480000000003
MTH/BTC,1614493312387,2021-02-28T06:21:52.387Z,sell,4.3e-07,3253.0,0.00139879
MTH/BTC,1614493323027,2021-02-28T06:22:03.027Z,sell,4.3e-07,23688.0,0.01018584
MTH/BTC,1614493524640,2021-02-28T06:25:24.640Z,buy,4.4e-07,1930.0,0.0008492
MTH/BTC,1614493535009,2021-02-28T06:25:35.009Z,sell,4.3e-07,21913.0,0.00942259
MTH/BTC,1614493553659,2021-02-28T06:25:53.659Z,buy,4.4e-07,3176.0,0.00139744
MTH/BTC,1614493565445,2021-02-28T06:26:05.445Z,sell,4.3e-07,3173.0,0.00136439
MTH/BTC,1614493650319,2021-02-28T06:27:30.319Z,buy,4.4e-07,3098.0,0.00136312
MTH/BTC,1614493676766,2021-02-28T06:27:56.766Z,sell,4.3e-07,3095.0,0.00133085
MTH/BTC,1614493701683,2021-02-28T06:28:21.683Z,buy,4.4e-07,3022.0,0.00132968
MTH/BTC,1614493711804,2021-02-28T06:28:31.804Z,sell,4.3e-07,3019.0,0.00129817
MTH/BTC,1614493716464,2021-02-28T06:28:36.464Z,buy,4.4e-07,2947.0,0.0012966800000000001
MTH/BTC,1614493720580,2021-02-28T06:28:40.580Z,sell,4.3e-07,2944.0,0.00126592
MTH/BTC,1614493729257,2021-02-28T06:28:49.257Z,buy,4.4e-07,2874.0,0.00126456
MTH/BTC,1614493731338,2021-02-28T06:28:51.338Z,sell,4.3e-07,2871.0,0.00123453
MTH/BTC,1614493739111,2021-02-28T06:28:59.111Z,buy,4.4e-07,2803.0,0.00123332
MTH/BTC,1614493743617,2021-02-28T06:29:03.617Z,sell,4.3e-07,2800.0,0.001204
MTH/BTC,1614493771600,2021-02-28T06:29:31.600Z,buy,4.4e-07,2734.0,0.00120296
MTH/BTC,1614493775399,2021-02-28T06:29:35.399Z,sell,4.3e-07,2732.0,0.00117476
MTH/BTC,1614493808215,2021-02-28T06:30:08.215Z,buy,4.4e-07,2667.0,0.00117348
MTH/BTC,1614493922007,2021-02-28T06:32:02.007Z,buy,4.4e-07,6538.0,0.00287672
MTH/BTC,1614494019027,2021-02-28T06:33:39.027Z,buy,4.4e-07,13578.0,0.00597432
MTH/BTC,1614494019027,2021-02-28T06:33:39.027Z,buy,4.4e-07,13578.0,0.00597432
MTH/BTC,1614494227848,2021-02-28T06:37:07.848Z,buy,4.4e-07,3860.0,0.0016984
MTH/BTC,1614494238419,2021-02-28T06:37:18.419Z,sell,4.3e-07,416753.0,0.17920379
MTH/BTC,1614494286115,2021-02-28T06:38:06.115Z,buy,4.4e-07,3994.0,0.0017573600000000001
MTH/BTC,1614494362643,2021-02-28T06:39:22.643Z,sell,4.3e-07,6654.0,0.0028612200000000003
MTH/BTC,1614494365136,2021-02-28T06:39:25.136Z,sell,4.3e-07,42499.0,0.01827457
MTH/BTC,1614494497378,2021-02-28T06:41:37.378Z,sell,4.3e-07,1520.0,0.0006536000000000001
MTH/BTC,1614494604504,2021-02-28T06:43:24.504Z,sell,4.3e-07,6493.0,0.0027919900000000003
MTH/BTC,1614495215335,2021-02-28T06:53:35.335Z,sell,4.3e-07,834.0,0.00035862000000000003
MTH/BTC,1614495374472,2021-02-28T06:56:14.472Z,buy,4.4e-07,12663.0,0.0055717200000000005
MTH/BTC,1614495698472,2021-02-28T07:01:38.472Z,sell,4.3e-07,300000.0,0.129
MTH/BTC,1614495720442,2021-02-28T07:02:00.442Z,buy,4.4e-07,1000.0,0.00044
MTH/BTC,1614495802255,2021-02-28T07:03:22.255Z,sell,4.3e-07,12650.0,0.0054395
MTH/BTC,1614495807223,2021-02-28T07:03:27.223Z,sell,4.3e-07,500.0,0.000215
MTH/BTC,1614496128545,2021-02-28T07:08:48.545Z,sell,4.3e-07,250.0,0.0001075
MTH/BTC,1614496279387,2021-02-28T07:11:19.387Z,sell,4.3e-07,4756.0,0.00204508
MTH/BTC,1614496279387,2021-02-28T07:11:19.387Z,sell,4.3e-07,4756.0,0.00204508
MTH/BTC,1614497934696,2021-02-28T07:38:54.696Z,sell,4.3e-07,5358.0,0.00230394
MTH/BTC,1614497969064,2021-02-28T07:39:29.064Z,sell,4.3e-07,2079.0,0.00089397
MTH/BTC,1614498159708,2021-02-28T07:42:39.708Z,buy,4.4e-07,3415.0,0.0015026
MTH/BTC,1614498376812,2021-02-28T07:46:16.812Z,buy,4.4e-07,3810.0,0.0016764
MTH/BTC,1614498540645,2021-02-28T07:49:00.645Z,buy,4.4e-07,11718.0,0.0051559200000000005
MTH/BTC,1614498862936,2021-02-28T07:54:22.936Z,sell,4.3e-07,38707.0,0.01664401
MTH/BTC,1614499201130,2021-02-28T08:00:01.130Z,sell,4.3e-07,1332.0,0.0005727600000000001
MTH/BTC,1614499201257,2021-02-28T08:00:01.257Z,sell,4.3e-07,10917.0,0.00469431
MTH/BTC,1614499279739,2021-02-28T08:01:19.739Z,sell,4.3e-07,580.0,0.0002494
MTH/BTC,1614499283307,2021-02-28T08:01:23.307Z,sell,4.3e-07,4023.0,0.00172989
MTH/BTC,1614499561090,2021-02-28T08:06:01.090Z,sell,4.3e-07,990.0,0.0004257
MTH/BTC,1614499625981,2021-02-28T08:07:05.981Z,sell,4.3e-07,12292.0,0.00528556
MTH/BTC,1614499625981,2021-02-28T08:07:05.981Z,sell,4.3e-07,12292.0,0.00528556
MTH/BTC,1614499892089,2021-02-28T08:11:32.089Z,buy,4.4e-07,145269.0,0.06391836000000001
MTH/BTC,1614499942063,2021-02-28T08:12:22.063Z,buy,4.4e-07,455.0,0.00020020000000000001
MTH/BTC,1614500364969,2021-02-28T08:19:24.969Z,sell,4.3e-07,126035.0,0.05419505
MTH/BTC,1614500405901,2021-02-28T08:20:05.901Z,sell,4.3e-07,11864.0,0.00510152
MTH/BTC,1614500525519,2021-02-28T08:22:05.519Z,sell,4.3e-07,7101.0,0.00305343
MTH/BTC,1614500708828,2021-02-28T08:25:08.828Z,sell,4.3e-07,826.0,0.00035518
MTH/BTC,1614501184537,2021-02-28T08:33:04.537Z,sell,4.3e-07,637.0,0.00027391
MTH/BTC,1614501356826,2021-02-28T08:35:56.826Z,buy,4.4e-07,227273.0,0.10000012000000001
MTH/BTC,1614501361723,2021-02-28T08:36:01.723Z,buy,4.4e-07,1687.0,0.00074228
MTH/BTC,1614501449218,2021-02-28T08:37:29.218Z,sell,4.3e-07,10537.0,0.00453091
MTH/BTC,1614501519801,2021-02-28T08:38:39.801Z,buy,4.5e-07,5000.0,0.00225
MTH/BTC,1614501594001,2021-02-28T08:39:54.001Z,sell,4.4e-07,1365.0,0.0006006000000000001
MTH/BTC,1614501599061,2021-02-28T08:39:59.061Z,buy,4.5e-07,3736.0,0.0016811999999999999
MTH/BTC,1614501605342,2021-02-28T08:40:05.342Z,sell,4.4e-07,4187.0,0.0018422800000000002
MTH/BTC,1614501712603,2021-02-28T08:41:52.603Z,sell,4.4e-07,11628.0,0.005116320000000001
MTH/BTC,1614501780711,2021-02-28T08:43:00.711Z,buy,4.5e-07,2067.0,0.0009301499999999999
MTH/BTC,1614501851847,2021-02-28T08:44:11.847Z,sell,4.4e-07,12145.0,0.0053438
MTH/BTC,1614501939916,2021-02-28T08:45:39.916Z,sell,4.4e-07,500.0,0.00022
MTH/BTC,1614502240420,2021-02-28T08:50:40.420Z,buy,4.5e-07,534.0,0.00024029999999999999
MTH/BTC,1614502301217,2021-02-28T08:51:41.217Z,sell,4.4e-07,53488.0,0.023534720000000002
MTH/BTC,1614502306202,2021-02-28T08:51:46.202Z,sell,4.4e-07,500.0,0.00022
MTH/BTC,1614502312388,2021-02-28T08:51:52.388Z,sell,4.4e-07,500.0,0.00022
MTH/BTC,1614502325982,2021-02-28T08:52:05.982Z,sell,4.4e-07,448.0,0.00019712
MTH/BTC,1614502325982,2021-02-28T08:52:05.982Z,sell,4.3e-07,11180.0,0.0048074
MTH/BTC,1614502495404,2021-02-28T08:54:55.404Z,sell,4.3e-07,3274.0,0.00140782
MTH/BTC,1614502620551,2021-02-28T08:57:00.551Z,buy,4.5e-07,5624.0,0.0025307999999999997
MTH/BTC,1614503063092,2021-02-28T09:04:23.092Z,buy,4.5e-07,4445.0,0.00200025
MTH/BTC,1614503182072,2021-02-28T09:06:22.072Z,buy,4.5e-07,87505.0,0.039377249999999996
MTH/BTC,1614503182072,2021-02-28T09:06:22.072Z,buy,4.5e-07,87505.0,0.039377249999999996
MTH/BTC,1614503281590,2021-02-28T09:08:01.590Z,buy,4.5e-07,623.0,0.00028035
MTH/BTC,1614503296799,2021-02-28T09:08:16.799Z,buy,4.5e-07,9078.0,0.0040850999999999995
MTH/BTC,1614503361207,2021-02-28T09:09:21.207Z,buy,4.5e-07,6667.0,0.00300015
MTH/BTC,1614503397738,2021-02-28T09:09:57.738Z,buy,4.5e-07,8541.0,0.00384345
MTH/BTC,1614503415439,2021-02-28T09:10:15.439Z,sell,4.4e-07,273.0,0.00012012000000000001
MTH/BTC,1614503511287,2021-02-28T09:11:51.287Z,buy,4.5e-07,1809.0,0.00081405
MTH/BTC,1614503521575,2021-02-28T09:12:01.575Z,sell,4.4e-07,2094.0,0.0009213600000000001
MTH/BTC,1614503935914,2021-02-28T09:18:55.914Z,sell,4.4e-07,366.0,0.00016104000000000002
MTH/BTC,1614504119510,2021-02-28T09:21:59.510Z,buy,4.5e-07,3666.0,0.0016496999999999998
MTH/BTC,1614504162783,2021-02-28T09:22:42.783Z,buy,4.5e-07,10000.0,0.0045
MTH/BTC,1614504200940,2021-02-28T09:23:20.940Z,buy,4.5e-07,2222.0,0.0009999
MTH/BTC,1614504394039,2021-02-28T09:26:34.039Z,sell,4.4e-07,4215.0,0.0018546
MTH/BTC,1614504489969,2021-02-28T09:28:09.969Z,sell,4.4e-07,53230.0,0.0234212
MTH/BTC,1614504521438,2021-02-28T09:28:41.438Z,sell,4.4e-07,9069.0,0.00399036
MTH/BTC,1614505045771,2021-02-28T09:37:25.771Z,sell,4.4e-07,76623.0,0.03371412
MTH/BTC,1614505337912,2021-02-28T09:42:17.912Z,sell,4.4e-07,1500.0,0.00066
MTH/BTC,1614505446786,2021-02-28T09:44:06.786Z,buy,4.5e-07,1150.0,0.0005175
MTH/BTC,1614505452558,2021-02-28T09:44:12.558Z,sell,4.4e-07,1093.0,0.00048092
MTH/BTC,1614505468623,2021-02-28T09:44:28.623Z,sell,4.4e-07,250.0,0.00011
MTH/BTC,1614505588231,2021-02-28T09:46:28.231Z,buy,4.5e-07,11838.0,0.0053270999999999995
MTH/BTC,1614505657521,2021-02-28T09:47:37.521Z,sell,4.4e-07,1670.0,0.0007348000000000001
MTH/BTC,1614506173390,2021-02-28T09:56:13.390Z,sell,4.4e-07,2415.0,0.0010626000000000001
MTH/BTC,1614506203034,2021-02-28T09:56:43.034Z,sell,4.4e-07,2153.0,0.0009473200000000001
MTH/BTC,1614506591527,2021-02-28T10:03:11.527Z,buy,4.5e-07,300.0,0.000135
MTH/BTC,1614506767301,2021-02-28T10:06:07.301Z,buy,4.5e-07,1602.0,0.0007209
MTH/BTC,1614506767301,2021-02-28T10:06:07.301Z,buy,4.5e-07,1602.0,0.0007209
MTH/BTC,1614507227769,2021-02-28T10:13:47.769Z,sell,4.4e-07,1027.0,0.00045188000000000004
MTH/BTC,1614507289840,2021-02-28T10:14:49.840Z,sell,4.4e-07,422.0,0.00018568
MTH/BTC,1614507731267,2021-02-28T10:22:11.267Z,sell,4.4e-07,897.0,0.00039468
MTH/BTC,1614507769977,2021-02-28T10:22:49.977Z,sell,4.4e-07,3250.0,0.00143
MTH/BTC,1614508037150,2021-02-28T10:27:17.150Z,buy,4.5e-07,5500.0,0.0024749999999999998
MTH/BTC,1614508308570,2021-02-28T10:31:48.570Z,buy,4.5e-07,18877.0,0.00849465
MTH/BTC,1614508397270,2021-02-28T10:33:17.270Z,sell,4.4e-07,226.0,9.944000000000001e-05
MTH/BTC,1614508515327,2021-02-28T10:35:15.327Z,buy,4.5e-07,361.0,0.00016245
MTH/BTC,1614508592508,2021-02-28T10:36:32.508Z,sell,4.4e-07,240.0,0.0001056
MTH/BTC,1614508966966,2021-02-28T10:42:46.966Z,buy,4.5e-07,810622.0,0.3647799
MTH/BTC,1614508976546,2021-02-28T10:42:56.546Z,buy,4.5e-07,41692.0,0.018761399999999998
MTH/BTC,1614508995754,2021-02-28T10:43:15.754Z,sell,4.5e-07,27272.0,0.0122724
MTH/BTC,1614509126197,2021-02-28T10:45:26.197Z,sell,4.5e-07,223.0,0.00010035
MTH/BTC,1614509390844,2021-02-28T10:49:50.844Z,sell,4.5e-07,29165.0,0.013124249999999999
MTH/BTC,1614509455872,2021-02-28T10:50:55.872Z,buy,4.6e-07,2871.0,0.00132066
MTH/BTC,1614509542931,2021-02-28T10:52:22.931Z,buy,4.6e-07,544.0,0.00025024
MTH/BTC,1614509618875,2021-02-28T10:53:38.875Z,buy,4.6e-07,4816.0,0.00221536
MTH/BTC,1614509916061,2021-02-28T10:58:36.061Z,buy,4.6e-07,24261.0,0.01116006
MTH/BTC,1614510107021,2021-02-28T11:01:47.021Z,buy,4.6e-07,3103.0,0.00142738
MTH/BTC,1614510126797,2021-02-28T11:02:06.797Z,buy,4.6e-07,225.0,0.0001035
MTH/BTC,1614510138799,2021-02-28T11:02:18.799Z,buy,4.6e-07,271742.0,0.12500132
MTH/BTC,1614510354727,2021-02-28T11:05:54.727Z,buy,4.6e-07,1772.0,0.00081512
MTH/BTC,1614510354727,2021-02-28T11:05:54.727Z,buy,4.6e-07,1772.0,0.00081512
MTH/BTC,1614510511119,2021-02-28T11:08:31.119Z,buy,4.6e-07,35346.0,0.016259159999999998
MTH/BTC,1614510609001,2021-02-28T11:10:09.001Z,sell,4.5e-07,276.0,0.00012419999999999998
MTH/BTC,1614510619167,2021-02-28T11:10:19.167Z,buy,4.6e-07,140152.0,0.06446992
MTH/BTC,1614510709358,2021-02-28T11:11:49.358Z,buy,4.6e-07,106008.0,0.04876368
MTH/BTC,1614510817100,2021-02-28T11:13:37.100Z,sell,4.6e-07,504.0,0.00023184
MTH/BTC,1614510864450,2021-02-28T11:14:24.450Z,sell,4.6e-07,23732.0,0.01091672
MTH/BTC,1614510940085,2021-02-28T11:15:40.085Z,sell,4.6e-07,2229.0,0.00102534
MTH/BTC,1614510964697,2021-02-28T11:16:04.697Z,buy,4.7e-07,2182.0,0.00102554
MTH/BTC,1614511209409,2021-02-28T11:20:09.409Z,buy,4.7e-07,6086.0,0.00286042
MTH/BTC,1614511277585,2021-02-28T11:21:17.585Z,buy,4.7e-07,397711.0,0.18692417
MTH/BTC,1614511315573,2021-02-28T11:21:55.573Z,buy,4.7e-07,19368.0,0.00910296
MTH/BTC,1614511471075,2021-02-28T11:24:31.075Z,buy,4.7e-07,426.0,0.00020022
MTH/BTC,1614511505997,2021-02-28T11:25:05.997Z,sell,4.6e-07,9974.0,0.00458804
MTH/BTC,1614511520704,2021-02-28T11:25:20.704Z,sell,4.6e-07,2065.0,0.0009498999999999999
MTH/BTC,1614511616234,2021-02-28T11:26:56.234Z,sell,4.6e-07,23265.0,0.0107019
MTH/BTC,1614511662539,2021-02-28T11:27:42.539Z,sell,4.6e-07,35310.0,0.0162426
MTH/BTC,1614511670273,2021-02-28T11:27:50.273Z,buy,4.7e-07,932.0,0.00043804
MTH/BTC,1614511696305,2021-02-28T11:28:16.305Z,buy,4.7e-07,1000.0,0.00047
MTH/BTC,1614511702053,2021-02-28T11:28:22.053Z,sell,4.6e-07,900.0,0.000414
MTH/BTC,1614511753507,2021-02-28T11:29:13.507Z,buy,4.7e-07,10638.0,0.00499986
MTH/BTC,1614511883771,2021-02-28T11:31:23.771Z,buy,4.7e-07,511.0,0.00024017
MTH/BTC,1614511894061,2021-02-28T11:31:34.061Z,buy,4.7e-07,85735.0,0.04029545
MTH/BTC,1614511909344,2021-02-28T11:31:49.344Z,buy,4.7e-07,3223.0,0.00151481
MTH/BTC,1614512315792,2021-02-28T11:38:35.792Z,sell,4.6e-07,6666.0,0.0030663599999999997
MTH/BTC,1614512388254,2021-02-28T11:39:48.254Z,sell,4.6e-07,326.0,0.00014996
MTH/BTC,1614512489690,2021-02-28T11:41:29.690Z,sell,4.6e-07,500.0,0.00023
MTH/BTC,1614512507615,2021-02-28T11:41:47.615Z,sell,4.6e-07,227.0,0.00010441999999999999
MTH/BTC,1614512659129,2021-02-28T11:44:19.129Z,buy,4.7e-07,235.0,0.00011045
MTH/BTC,1614512786513,2021-02-28T11:46:26.513Z,sell,4.6e-07,441.0,0.00020286
MTH/BTC,1614512901946,2021-02-28T11:48:21.946Z,sell,4.6e-07,65697.0,0.03022062
MTH/BTC,1614512925943,2021-02-28T11:48:45.943Z,buy,4.7e-07,850195.0,0.39959165
MTH/BTC,1614512934156,2021-02-28T11:48:54.156Z,sell,4.7e-07,69547.0,0.03268709
MTH/BTC,1614513003588,2021-02-28T11:50:03.588Z,sell,4.7e-07,25454.0,0.01196338
MTH/BTC,1614513042762,2021-02-28T11:50:42.762Z,sell,4.7e-07,1287.0,0.00060489
MTH/BTC,1614513124802,2021-02-28T11:52:04.802Z,sell,4.7e-07,213.0,0.00010011
MTH/BTC,1614513223141,2021-02-28T11:53:43.141Z,sell,4.7e-07,10869.0,0.00510843
MTH/BTC,1614513347819,2021-02-28T11:55:47.819Z,buy,4.8e-07,1235.0,0.0005928
MTH/BTC,1614513367127,2021-02-28T11:56:07.127Z,sell,4.7e-07,423.0,0.00019881
MTH/BTC,1614513384299,2021-02-28T11:56:24.299Z,buy,4.8e-07,5041.0,0.0024196799999999996
MTH/BTC,1614513395713,2021-02-28T11:56:35.713Z,buy,4.8e-07,9017.0,0.004328159999999999
MTH/BTC,1614513436219,2021-02-28T11:57:16.219Z,buy,4.8e-07,85470.0,0.041025599999999995
MTH/BTC,1614513455208,2021-02-28T11:57:35.208Z,buy,4.8e-07,3572.0,0.0017145599999999997
MTH/BTC,1614513673256,2021-02-28T12:01:13.256Z,buy,4.8e-07,12501.0,0.00600048
MTH/BTC,1614513675743,2021-02-28T12:01:15.743Z,sell,4.7e-07,340.0,0.0001598
MTH/BTC,1614513771049,2021-02-28T12:02:51.049Z,buy,4.8e-07,1000.0,0.00047999999999999996
MTH/BTC,1614513778683,2021-02-28T12:02:58.683Z,sell,4.7e-07,1100.0,0.000517
MTH/BTC,1614513792201,2021-02-28T12:03:12.201Z,buy,4.8e-07,338.0,0.00016224
MTH/BTC,1614513906616,2021-02-28T12:05:06.616Z,buy,4.8e-07,10416.0,0.004999679999999999
MTH/BTC,1614513906616,2021-02-28T12:05:06.616Z,buy,4.8e-07,10416.0,0.004999679999999999
MTH/BTC,1614514168728,2021-02-28T12:09:28.728Z,sell,4.7e-07,30942.0,0.01454274
MTH/BTC,1614514175779,2021-02-28T12:09:35.779Z,buy,4.8e-07,1447.0,0.00069456
MTH/BTC,1614514182066,2021-02-28T12:09:42.066Z,buy,4.8e-07,521.0,0.00025007999999999996
MTH/BTC,1614514212784,2021-02-28T12:10:12.784Z,buy,4.8e-07,224.0,0.00010751999999999999
MTH/BTC,1614514244600,2021-02-28T12:10:44.600Z,buy,4.8e-07,500.0,0.00023999999999999998
MTH/BTC,1614514248585,2021-02-28T12:10:48.585Z,buy,4.8e-07,68648.0,0.032951039999999994
MTH/BTC,1614514288302,2021-02-28T12:11:28.302Z,sell,4.7e-07,8243.0,0.00387421
MTH/BTC,1614514331182,2021-02-28T12:12:11.182Z,sell,4.7e-07,995.0,0.00046765
MTH/BTC,1614514359499,2021-02-28T12:12:39.499Z,sell,4.7e-07,279.0,0.00013113
MTH/BTC,1614514381618,2021-02-28T12:13:01.618Z,sell,4.7e-07,422.0,0.00019834
MTH/BTC,1614514456044,2021-02-28T12:14:16.044Z,sell,4.7e-07,1868.0,0.00087796
MTH/BTC,1614514526481,2021-02-28T12:15:26.481Z,sell,4.7e-07,96326.0,0.04527322
MTH/BTC,1614514541452,2021-02-28T12:15:41.452Z,sell,4.6e-07,1896.0,0.00087216
MTH/BTC,1614514541452,2021-02-28T12:15:41.452Z,sell,4.6e-07,1687.0,0.00077602
MTH/BTC,1614514576936,2021-02-28T12:16:16.936Z,sell,4.6e-07,234.0,0.00010763999999999999
MTH/BTC,1614514581764,2021-02-28T12:16:21.764Z,sell,4.6e-07,1600.0,0.000736
MTH/BTC,1614514581997,2021-02-28T12:16:21.997Z,sell,4.6e-07,8373.0,0.00385158
MTH/BTC,1614514582214,2021-02-28T12:16:22.214Z,sell,4.6e-07,2691.0,0.00123786
MTH/BTC,1614514582359,2021-02-28T12:16:22.359Z,sell,4.6e-07,299.0,0.00013754
MTH/BTC,1614514582373,2021-02-28T12:16:22.373Z,sell,4.6e-07,499.0,0.00022954
MTH/BTC,1614514582486,2021-02-28T12:16:22.486Z,sell,4.6e-07,32860.0,0.0151156
MTH/BTC,1614514582803,2021-02-28T12:16:22.803Z,sell,4.6e-07,4187.0,0.0019260199999999999
MTH/BTC,1614514582826,2021-02-28T12:16:22.826Z,sell,4.6e-07,1503.0,0.00069138
MTH/BTC,1614514582872,2021-02-28T12:16:22.872Z,sell,4.6e-07,32860.0,0.0151156
MTH/BTC,1614514598386,2021-02-28T12:16:38.386Z,sell,4.6e-07,19349.0,0.00890054
MTH/BTC,1614514642976,2021-02-28T12:17:22.976Z,sell,4.6e-07,11418.0,0.00525228
MTH/BTC,1614514642982,2021-02-28T12:17:22.982Z,sell,4.6e-07,287.0,0.00013202
MTH/BTC,1614514642992,2021-02-28T12:17:22.992Z,sell,4.6e-07,23232.0,0.01068672
MTH/BTC,1614514642993,2021-02-28T12:17:22.993Z,sell,4.6e-07,1414.0,0.00065044
MTH/BTC,1614514643007,2021-02-28T12:17:23.007Z,sell,4.6e-07,5474.0,0.00251804
MTH/BTC,1614514643018,2021-02-28T12:17:23.018Z,sell,4.6e-07,1628.0,0.0007488799999999999
MTH/BTC,1614514643033,2021-02-28T12:17:23.033Z,sell,4.6e-07,1859.0,0.00085514
MTH/BTC,1614514643045,2021-02-28T12:17:23.045Z,sell,4.6e-07,466.0,0.00021436
MTH/BTC,1614514643069,2021-02-28T12:17:23.069Z,sell,4.6e-07,3490.0,0.0016053999999999999
MTH/BTC,1614514643090,2021-02-28T12:17:23.090Z,sell,4.6e-07,1227.0,0.0005644199999999999
MTH/BTC,1614514643106,2021-02-28T12:17:23.106Z,sell,4.6e-07,8196.0,0.00377016
MTH/BTC,1614514643120,2021-02-28T12:17:23.120Z,sell,4.6e-07,1071.0,0.00049266
MTH/BTC,1614514643128,2021-02-28T12:17:23.128Z,sell,4.6e-07,287.0,0.00013202
MTH/BTC,1614514643131,2021-02-28T12:17:23.131Z,sell,4.6e-07,8932.0,0.00410872
MTH/BTC,1614514643144,2021-02-28T12:17:23.144Z,sell,4.6e-07,1631.0,0.00075026
MTH/BTC,1614514643154,2021-02-28T12:17:23.154Z,sell,4.6e-07,698.0,0.00032108
MTH/BTC,1614514643160,2021-02-28T12:17:23.160Z,sell,4.6e-07,1947.0,0.00089562
MTH/BTC,1614514643161,2021-02-28T12:17:23.161Z,sell,4.6e-07,478.0,0.00021988
MTH/BTC,1614514643185,2021-02-28T12:17:23.185Z,sell,4.6e-07,352.0,0.00016192
MTH/BTC,1614514643199,2021-02-28T12:17:23.199Z,sell,4.6e-07,578.0,0.00026587999999999997
MTH/BTC,1614514643216,2021-02-28T12:17:23.216Z,sell,4.6e-07,2874.0,0.00132204
MTH/BTC,1614514643227,2021-02-28T12:17:23.227Z,sell,4.6e-07,20894.0,0.00961124
MTH/BTC,1614514643236,2021-02-28T12:17:23.236Z,sell,4.6e-07,4445.0,0.0020447
MTH/BTC,1614514643237,2021-02-28T12:17:23.237Z,sell,4.6e-07,686.0,0.00031556
MTH/BTC,1614514643242,2021-02-28T12:17:23.242Z,sell,4.6e-07,349.0,0.00016054
MTH/BTC,1614514643259,2021-02-28T12:17:23.259Z,sell,4.6e-07,329.0,0.00015134
MTH/BTC,1614514643263,2021-02-28T12:17:23.263Z,sell,4.6e-07,697.0,0.00032062
MTH/BTC,1614514643265,2021-02-28T12:17:23.265Z,sell,4.6e-07,5588.0,0.00257048
MTH/BTC,1614514643286,2021-02-28T12:17:23.286Z,sell,4.6e-07,4187.0,0.0019260199999999999
MTH/BTC,1614514643286,2021-02-28T12:17:23.286Z,sell,4.6e-07,6803.0,0.0031293799999999997
MTH/BTC,1614514643317,2021-02-28T12:17:23.317Z,sell,4.6e-07,235.0,0.0001081
MTH/BTC,1614514643338,2021-02-28T12:17:23.338Z,sell,4.6e-07,339.0,0.00015594
MTH/BTC,1614514643339,2021-02-28T12:17:23.339Z,sell,4.6e-07,837.0,0.00038501999999999997
MTH/BTC,1614514643455,2021-02-28T12:17:23.455Z,sell,4.6e-07,525.0,0.0002415
MTH/BTC,1614514643483,2021-02-28T12:17:23.483Z,sell,4.6e-07,4351.0,0.00200146
MTH/BTC,1614514643488,2021-02-28T12:17:23.488Z,sell,4.6e-07,355.0,0.00016329999999999998
MTH/BTC,1614514643499,2021-02-28T12:17:23.499Z,sell,4.6e-07,32860.0,0.0151156
MTH/BTC,1614514643732,2021-02-28T12:17:23.732Z,sell,4.6e-07,2407.0,0.00110722
MTH/BTC,1614514731678,2021-02-28T12:18:51.678Z,sell,4.6e-07,881.0,0.00040526
MTH/BTC,1614514737672,2021-02-28T12:18:57.672Z,buy,4.7e-07,1425.0,0.00066975
MTH/BTC,1614514764737,2021-02-28T12:19:24.737Z,buy,4.7e-07,348.0,0.00016356
MTH/BTC,1614514842304,2021-02-28T12:20:42.304Z,buy,4.7e-07,212.0,9.964e-05
MTH/BTC,1614514908874,2021-02-28T12:21:48.874Z,buy,4.7e-07,495.0,0.00023265
MTH/BTC,1614514931543,2021-02-28T12:22:11.543Z,sell,4.6e-07,53262.0,0.024500519999999998
MTH/BTC,1614515010831,2021-02-28T12:23:30.831Z,buy,4.7e-07,3621.0,0.00170187
MTH/BTC,1614515035717,2021-02-28T12:23:55.717Z,buy,4.7e-07,8191.0,0.00384977
MTH/BTC,1614515059481,2021-02-28T12:24:19.481Z,buy,4.7e-07,1234.0,0.00057998
MTH/BTC,1614515267703,2021-02-28T12:27:47.703Z,buy,4.7e-07,426.0,0.00020022
MTH/BTC,1614515318407,2021-02-28T12:28:38.407Z,sell,4.6e-07,459.0,0.00021114
MTH/BTC,1614515350280,2021-02-28T12:29:10.280Z,sell,4.6e-07,2447.0,0.00112562
MTH/BTC,1614515380459,2021-02-28T12:29:40.459Z,sell,4.6e-07,1233.0,0.00056718
MTH/BTC,1614515729666,2021-02-28T12:35:29.666Z,buy,4.7e-07,2371.0,0.00111437
MTH/BTC,1614515861487,2021-02-28T12:37:41.487Z,buy,4.7e-07,5308.0,0.00249476
MTH/BTC,1614515883656,2021-02-28T12:38:03.656Z,sell,4.6e-07,10638.0,0.0048934799999999995
MTH/BTC,1614516003565,2021-02-28T12:40:03.565Z,buy,4.7e-07,26115.0,0.01227405
MTH/BTC,1614516162453,2021-02-28T12:42:42.453Z,buy,4.7e-07,230.0,0.0001081
MTH/BTC,1614516178796,2021-02-28T12:42:58.796Z,buy,4.7e-07,426.0,0.00020022
MTH/BTC,1614516255099,2021-02-28T12:44:15.099Z,buy,4.7e-07,524.0,0.00024628
MTH/BTC,1614517182274,2021-02-28T12:59:42.274Z,buy,4.7e-07,43915.0,0.02064005
MTH/BTC,1614517209709,2021-02-28T13:00:09.709Z,buy,4.7e-07,210.0,9.87e-05
MTH/BTC,1614517359393,2021-02-28T13:02:39.393Z,sell,4.6e-07,380.0,0.0001748
MTH/BTC,1614517492246,2021-02-28T13:04:52.246Z,sell,4.6e-07,3439.0,0.00158194
MTH/BTC,1614517503591,2021-02-28T13:05:03.591Z,sell,4.6e-07,18268.0,0.008403279999999999
MTH/BTC,1614517503591,2021-02-28T13:05:03.591Z,sell,4.6e-07,18268.0,0.008403279999999999
MTH/BTC,1614517539820,2021-02-28T13:05:39.820Z,sell,4.6e-07,1733.0,0.00079718
MTH/BTC,1614517625126,2021-02-28T13:07:05.126Z,sell,4.6e-07,8541.0,0.00392886
MTH/BTC,1614517711967,2021-02-28T13:08:31.967Z,sell,4.6e-07,11439.0,0.00526194
MTH/BTC,1614517713111,2021-02-28T13:08:33.111Z,sell,4.6e-07,250.0,0.000115
MTH/BTC,1614517788046,2021-02-28T13:09:48.046Z,buy,4.7e-07,1897.0,0.00089159
MTH/BTC,1614517789845,2021-02-28T13:09:49.845Z,sell,4.6e-07,220.0,0.0001012
MTH/BTC,1614517972559,2021-02-28T13:12:52.559Z,sell,4.6e-07,564.0,0.00025944
MTH/BTC,1614517984405,2021-02-28T13:13:04.405Z,buy,4.7e-07,9214.0,0.00433058
MTH/BTC,1614518026500,2021-02-28T13:13:46.500Z,sell,4.6e-07,3847.0,0.00176962
MTH/BTC,1614518318266,2021-02-28T13:18:38.266Z,sell,4.6e-07,4526.0,0.00208196
MTH/BTC,1614518394229,2021-02-28T13:19:54.229Z,sell,4.6e-07,72800.0,0.033488
MTH/BTC,1614518439483,2021-02-28T13:20:39.483Z,sell,4.6e-07,140011.0,0.06440506
MTH/BTC,1614518516380,2021-02-28T13:21:56.380Z,sell,4.6e-07,1413.0,0.00064998
MTH/BTC,1614518566930,2021-02-28T13:22:46.930Z,sell,4.6e-07,750.0,0.000345
MTH/BTC,1614518621492,2021-02-28T13:23:41.492Z,sell,4.6e-07,17037.0,0.00783702
MTH/BTC,1614518713320,2021-02-28T13:25:13.320Z,buy,4.7e-07,9978.0,0.00468966
MTH/BTC,1614518840920,2021-02-28T13:27:20.920Z,sell,4.6e-07,154655.0,0.0711413
MTH/BTC,1614518843998,2021-02-28T13:27:23.998Z,buy,4.6e-07,685.0,0.0003151
MTH/BTC,1614519350611,2021-02-28T13:35:50.611Z,buy,4.6e-07,30978.0,0.01424988
MTH/BTC,1614519453193,2021-02-28T13:37:33.193Z,buy,4.6e-07,644.0,0.00029623999999999997
MTH/BTC,1614519591368,2021-02-28T13:39:51.368Z,buy,4.6e-07,3598.0,0.00165508
MTH/BTC,1614519636756,2021-02-28T13:40:36.756Z,buy,4.6e-07,11576.0,0.00532496
MTH/BTC,1614520100291,2021-02-28T13:48:20.291Z,buy,4.6e-07,220.0,0.0001012
MTH/BTC,1614520142035,2021-02-28T13:49:02.035Z,buy,4.6e-07,167443.0,0.07702378
MTH/BTC,1614520175564,2021-02-28T13:49:35.564Z,sell,4.6e-07,2000.0,0.00092
MTH/BTC,1614520430627,2021-02-28T13:53:50.627Z,sell,4.6e-07,23000.0,0.010579999999999999
MTH/BTC,1614520572182,2021-02-28T13:56:12.182Z,sell,4.6e-07,52259.0,0.02403914
MTH/BTC,1614520777339,2021-02-28T13:59:37.339Z,sell,4.6e-07,438.0,0.00020148
MTH/BTC,1614520920789,2021-02-28T14:02:00.789Z,sell,4.6e-07,6062.0,0.00278852
MTH/BTC,1614521092021,2021-02-28T14:04:52.021Z,sell,4.6e-07,893.0,0.00041077999999999997
MTH/BTC,1614521092021,2021-02-28T14:04:52.021Z,sell,4.6e-07,893.0,0.00041077999999999997
MTH/BTC,1614521629838,2021-02-28T14:13:49.838Z,sell,4.6e-07,9800.0,0.004508
MTH/BTC,1614521661284,2021-02-28T14:14:21.284Z,sell,4.6e-07,41750.0,0.019205
MTH/BTC,1614521811049,2021-02-28T14:16:51.049Z,sell,4.5e-07,56466.0,0.0254097
MTH/BTC,1614521877312,2021-02-28T14:17:57.312Z,sell,4.5e-07,327.0,0.00014715
MTH/BTC,1614521904593,2021-02-28T14:18:24.593Z,sell,4.5e-07,4794.0,0.0021573
MTH/BTC,1614521919394,2021-02-28T14:18:39.394Z,buy,4.6e-07,217.0,9.982e-05
MTH/BTC,1614522304781,2021-02-28T14:25:04.781Z,buy,4.6e-07,78791.0,0.036243859999999996
MTH/BTC,1614522324039,2021-02-28T14:25:24.039Z,sell,4.6e-07,21209.0,0.00975614
MTH/BTC,1614522409230,2021-02-28T14:26:49.230Z,buy,4.6e-07,9769.0,0.0044937399999999995
MTH/BTC,1614522431628,2021-02-28T14:27:11.628Z,sell,4.5e-07,1048.0,0.00047159999999999997
MTH/BTC,1614522507165,2021-02-28T14:28:27.165Z,sell,4.6e-07,4995.0,0.0022976999999999997
MTH/BTC,1614522572162,2021-02-28T14:29:32.162Z,sell,4.6e-07,41188.0,0.018946479999999998
MTH/BTC,1614522906732,2021-02-28T14:35:06.732Z,sell,4.6e-07,3996.0,0.00183816
MTH/BTC,1614523008795,2021-02-28T14:36:48.795Z,sell,4.6e-07,224.0,0.00010304
MTH/BTC,1614523286963,2021-02-28T14:41:26.963Z,sell,4.6e-07,833.0,0.00038318
MTH/BTC,1614523623291,2021-02-28T14:47:03.291Z,buy,4.7e-07,449.0,0.00021103
MTH/BTC,1614523623887,2021-02-28T14:47:03.887Z,sell,4.6e-07,500.0,0.00023
MTH/BTC,1614523709494,2021-02-28T14:48:29.494Z,buy,4.7e-07,692.0,0.00032524
MTH/BTC,1614523872351,2021-02-28T14:51:12.351Z,sell,4.6e-07,8511.0,0.00391506
MTH/BTC,1614524072921,2021-02-28T14:54:32.921Z,sell,4.6e-07,239.0,0.00010994
MTH/BTC,1614524298730,2021-02-28T14:58:18.730Z,sell,4.6e-07,24990.0,0.0114954
MTH/BTC,1614524644964,2021-02-28T15:04:04.964Z,buy,4.7e-07,12721.0,0.00597887
MTH/BTC,1614524644964,2021-02-28T15:04:04.964Z,buy,4.7e-07,12721.0,0.00597887
MTH/BTC,1614524805933,2021-02-28T15:06:45.933Z,sell,4.6e-07,294.0,0.00013523999999999999
MTH/BTC,1614525531236,2021-02-28T15:18:51.236Z,sell,4.6e-07,5879.0,0.00270434
MTH/BTC,1614525700853,2021-02-28T15:21:40.853Z,sell,4.6e-07,24990.0,0.0114954
MTH/BTC,1614525703721,2021-02-28T15:21:43.721Z,sell,4.6e-07,4189.0,0.00192694
MTH/BTC,1614526025327,2021-02-28T15:27:05.327Z,sell,4.6e-07,3187.0,0.00146602
MTH/BTC,1614526061388,2021-02-28T15:27:41.388Z,sell,4.6e-07,172928.0,0.07954688
MTH/BTC,1614526064286,2021-02-28T15:27:44.286Z,sell,4.6e-07,22222.0,0.01022212
MTH/BTC,1614526072524,2021-02-28T15:27:52.524Z,sell,4.6e-07,1162.0,0.00053452
MTH/BTC,1614526570376,2021-02-28T15:36:10.376Z,sell,4.6e-07,22333.0,0.01027318
MTH/BTC,1614526830669,2021-02-28T15:40:30.669Z,sell,4.6e-07,20815.0,0.009574899999999999
MTH/BTC,1614526946404,2021-02-28T15:42:26.404Z,sell,4.6e-07,7834.0,0.00360364
MTH/BTC,1614527247149,2021-02-28T15:47:27.149Z,buy,4.7e-07,2445.0,0.00114915
MTH/BTC,1614527291893,2021-02-28T15:48:11.893Z,buy,4.7e-07,593.0,0.00027871
MTH/BTC,1614527296400,2021-02-28T15:48:16.400Z,buy,4.7e-07,212.0,9.964e-05
MTH/BTC,1614527390030,2021-02-28T15:49:50.030Z,buy,4.7e-07,234.0,0.00010998
MTH/BTC,1614527426966,2021-02-28T15:50:26.966Z,sell,4.6e-07,445.0,0.0002047
MTH/BTC,1614527484432,2021-02-28T15:51:24.432Z,sell,4.6e-07,4512.0,0.00207552
MTH/BTC,1614527862854,2021-02-28T15:57:42.854Z,sell,4.6e-07,3792.0,0.00174432
MTH/BTC,1614527868140,2021-02-28T15:57:48.140Z,sell,4.6e-07,1379.0,0.00063434
MTH/BTC,1614527947561,2021-02-28T15:59:07.561Z,buy,4.7e-07,2855.0,0.00134185
MTH/BTC,1614528011633,2021-02-28T16:00:11.633Z,buy,4.7e-07,6383.0,0.00300001
MTH/BTC,1614528048782,2021-02-28T16:00:48.782Z,buy,4.7e-07,250.0,0.0001175
MTH/BTC,1614528063655,2021-02-28T16:01:03.655Z,sell,4.6e-07,9214.0,0.00423844
MTH/BTC,1614528126622,2021-02-28T16:02:06.622Z,sell,4.6e-07,116853.0,0.053752379999999995
MTH/BTC,1614528147014,2021-02-28T16:02:27.014Z,sell,4.6e-07,54309.0,0.02498214
MTH/BTC,1614528177489,2021-02-28T16:02:57.489Z,sell,4.6e-07,712085.0,0.3275591
MTH/BTC,1614528177489,2021-02-28T16:02:57.489Z,sell,4.6e-07,712085.0,0.3275591
MTH/BTC,1614528547365,2021-02-28T16:09:07.365Z,sell,4.5e-07,85384.0,0.0384228
MTH/BTC,1614528622987,2021-02-28T16:10:22.987Z,buy,4.6e-07,416.0,0.00019135999999999998
MTH/BTC,1614528762112,2021-02-28T16:12:42.112Z,buy,4.6e-07,331.0,0.00015226
MTH/BTC,1614528786149,2021-02-28T16:13:06.149Z,sell,4.5e-07,771.0,0.00034695
MTH/BTC,1614528881695,2021-02-28T16:14:41.695Z,buy,4.6e-07,217.0,9.982e-05
MTH/BTC,1614528901664,2021-02-28T16:15:01.664Z,sell,4.5e-07,431.0,0.00019395
MTH/BTC,1614528903618,2021-02-28T16:15:03.618Z,sell,4.5e-07,780.0,0.00035099999999999997
MTH/BTC,1614528910633,2021-02-28T16:15:10.633Z,buy,4.6e-07,300.0,0.000138
MTH/BTC,1614529718802,2021-02-28T16:28:38.802Z,buy,4.6e-07,1000.0,0.00046
MTH/BTC,1614530138110,2021-02-28T16:35:38.110Z,buy,4.6e-07,2200.0,0.0010119999999999999
MTH/BTC,1614530238599,2021-02-28T16:37:18.599Z,sell,4.5e-07,825.0,0.00037125
MTH/BTC,1614530325312,2021-02-28T16:38:45.312Z,buy,4.6e-07,218.0,0.00010028
MTH/BTC,1614530685510,2021-02-28T16:44:45.510Z,buy,4.6e-07,8096.0,0.00372416
MTH/BTC,1614530711950,2021-02-28T16:45:11.950Z,buy,4.6e-07,218.0,0.00010028
MTH/BTC,1614530783387,2021-02-28T16:46:23.387Z,buy,4.6e-07,354516.0,0.16307736
MTH/BTC,1614531011091,2021-02-28T16:50:11.091Z,buy,4.7e-07,1511.0,0.00071017
MTH/BTC,1614531162452,2021-02-28T16:52:42.452Z,buy,4.7e-07,6260.0,0.0029422
MTH/BTC,1614531263105,2021-02-28T16:54:23.105Z,sell,4.6e-07,31330.0,0.014411799999999999
MTH/BTC,1614531297250,2021-02-28T16:54:57.250Z,sell,4.6e-07,3198.0,0.00147108
MTH/BTC,1614531440273,2021-02-28T16:57:20.273Z,buy,4.7e-07,281.0,0.00013207
MTH/BTC,1614531580405,2021-02-28T16:59:40.405Z,sell,4.6e-07,281.0,0.00012926
MTH/BTC,1614531597186,2021-02-28T16:59:57.186Z,sell,4.6e-07,1246.0,0.00057316
MTH/BTC,1614531597186,2021-02-28T16:59:57.186Z,sell,4.6e-07,1246.0,0.00057316
MTH/BTC,1614531832275,2021-02-28T17:03:52.275Z,sell,4.6e-07,13715.0,0.0063089
MTH/BTC,1614531939981,2021-02-28T17:05:39.981Z,buy,4.7e-07,521.0,0.00024487
MTH/BTC,1614531950678,2021-02-28T17:05:50.678Z,buy,4.7e-07,5348.0,0.00251356
MTH/BTC,1614531963011,2021-02-28T17:06:03.011Z,sell,4.6e-07,8362.0,0.00384652
MTH/BTC,1614531990555,2021-02-28T17:06:30.555Z,buy,4.7e-07,4906.0,0.00230582
MTH/BTC,1614532024346,2021-02-28T17:07:04.346Z,sell,4.6e-07,218510.0,0.1005146
MTH/BTC,1614532172033,2021-02-28T17:09:32.033Z,buy,4.7e-07,443.0,0.00020821
MTH/BTC,1614532173935,2021-02-28T17:09:33.935Z,sell,4.6e-07,488344.0,0.22463824
MTH/BTC,1614532335985,2021-02-28T17:12:15.985Z,sell,4.5e-07,20573.0,0.00925785
MTH/BTC,1614532475562,2021-02-28T17:14:35.562Z,buy,4.6e-07,21042.0,0.00967932
MTH/BTC,1614532487226,2021-02-28T17:14:47.226Z,buy,4.6e-07,906.0,0.00041676
MTH/BTC,1614532489410,2021-02-28T17:14:49.410Z,buy,4.6e-07,515.0,0.00023689999999999998
MTH/BTC,1614532518363,2021-02-28T17:15:18.363Z,sell,4.5e-07,515.0,0.00023175
MTH/BTC,1614532622855,2021-02-28T17:17:02.855Z,buy,4.6e-07,514.0,0.00023644
MTH/BTC,1614532636514,2021-02-28T17:17:16.514Z,sell,4.5e-07,5000.0,0.00225
MTH/BTC,1614532646951,2021-02-28T17:17:26.951Z,sell,4.5e-07,514.0,0.00023129999999999998
MTH/BTC,1614532674309,2021-02-28T17:17:54.309Z,sell,4.5e-07,6205.0,0.00279225
MTH/BTC,1614532707165,2021-02-28T17:18:27.165Z,sell,4.5e-07,4926.0,0.0022167
MTH/BTC,1614532756157,2021-02-28T17:19:16.157Z,buy,4.6e-07,514.0,0.00023644
MTH/BTC,1614532773130,2021-02-28T17:19:33.130Z,sell,4.5e-07,514.0,0.00023129999999999998
MTH/BTC,1614532942060,2021-02-28T17:22:22.060Z,buy,4.6e-07,220.0,0.0001012
MTH/BTC,1614532948180,2021-02-28T17:22:28.180Z,sell,4.5e-07,11477.0,0.00516465
MTH/BTC,1614533060805,2021-02-28T17:24:20.805Z,buy,4.6e-07,218.0,0.00010028
MTH/BTC,1614533125525,2021-02-28T17:25:25.525Z,buy,4.6e-07,2947.0,0.0013556199999999999
MTH/BTC,1614533151431,2021-02-28T17:25:51.431Z,sell,4.5e-07,2947.0,0.00132615
MTH/BTC,1614533377511,2021-02-28T17:29:37.511Z,sell,4.5e-07,749.0,0.00033705
MTH/BTC,1614533381736,2021-02-28T17:29:41.736Z,buy,4.6e-07,952.0,0.00043792
MTH/BTC,1614533803094,2021-02-28T17:36:43.094Z,buy,4.6e-07,25369.0,0.01166974
MTH/BTC,1614533803700,2021-02-28T17:36:43.700Z,sell,4.5e-07,500.0,0.000225
MTH/BTC,1614533868188,2021-02-28T17:37:48.188Z,buy,4.6e-07,2332.0,0.0010727199999999999
MTH/BTC,1614533887289,2021-02-28T17:38:07.289Z,sell,4.6e-07,952.0,0.00043792
MTH/BTC,1614534105288,2021-02-28T17:41:45.288Z,sell,4.6e-07,48316.0,0.02222536
MTH/BTC,1614534378788,2021-02-28T17:46:18.788Z,buy,4.7e-07,1063830.0,0.5000001
MTH/BTC,1614534899653,2021-02-28T17:54:59.653Z,buy,4.7e-07,36499.0,0.01715453
MTH/BTC,1614534899653,2021-02-28T17:54:59.653Z,buy,4.7e-07,36499.0,0.01715453
MTH/BTC,1614535230334,2021-02-28T18:00:30.334Z,buy,4.7e-07,426.0,0.00020022
MTH/BTC,1614535430459,2021-02-28T18:03:50.459Z,sell,4.6e-07,31219.0,0.01436074
MTH/BTC,1614535506630,2021-02-28T18:05:06.630Z,buy,4.7e-07,5415.0,0.00254505
MTH/BTC,1614535519533,2021-02-28T18:05:19.533Z,buy,4.7e-07,353229.0,0.16601763
MTH/BTC,1614535529989,2021-02-28T18:05:29.989Z,buy,4.7e-07,26092.0,0.01226324
MTH/BTC,1614535600104,2021-02-28T18:06:40.104Z,sell,4.6e-07,29089.0,0.01338094
MTH/BTC,1614535973166,2021-02-28T18:12:53.166Z,buy,4.7e-07,1631.0,0.00076657
MTH/BTC,1614536018552,2021-02-28T18:13:38.552Z,sell,4.6e-07,22728.0,0.01045488
MTH/BTC,1614536162657,2021-02-28T18:16:02.657Z,buy,4.7e-07,3469.0,0.00163043
MTH/BTC,1614536233592,2021-02-28T18:17:13.592Z,sell,4.6e-07,631.0,0.00029026
MTH/BTC,1614536707925,2021-02-28T18:25:07.925Z,buy,4.7e-07,19041.0,0.00894927
MTH/BTC,1614536820489,2021-02-28T18:27:00.489Z,buy,4.7e-07,788.0,0.00037036
MTH/BTC,1614536929372,2021-02-28T18:28:49.372Z,buy,4.7e-07,5326.0,0.00250322
MTH/BTC,1614536977317,2021-02-28T18:29:37.317Z,buy,4.7e-07,7718.0,0.00362746
MTH/BTC,1614537447240,2021-02-28T18:37:27.240Z,buy,4.7e-07,213.0,0.00010011
MTH/BTC,1614537508963,2021-02-28T18:38:28.963Z,buy,4.7e-07,213.0,0.00010011
MTH/BTC,1614537556883,2021-02-28T18:39:16.883Z,buy,4.7e-07,250.0,0.0001175
MTH/BTC,1614537900559,2021-02-28T18:45:00.559Z,buy,4.7e-07,212.0,9.964e-05
MTH/BTC,1614537919591,2021-02-28T18:45:19.591Z,buy,4.7e-07,3723.0,0.00174981
MTH/BTC,1614537920993,2021-02-28T18:45:20.993Z,buy,4.7e-07,511.0,0.00024017
MTH/BTC,1614537942294,2021-02-28T18:45:42.294Z,buy,4.7e-07,775.0,0.00036425
MTH/BTC,1614538067731,2021-02-28T18:47:47.731Z,buy,4.7e-07,213.0,0.00010011
MTH/BTC,1614538379896,2021-02-28T18:52:59.896Z,sell,4.6e-07,1323.0,0.00060858
MTH/BTC,1614538399461,2021-02-28T18:53:19.461Z,sell,4.6e-07,11588.0,0.00533048
MTH/BTC,1614538399461,2021-02-28T18:53:19.461Z,sell,4.6e-07,11588.0,0.00533048
MTH/BTC,1614538541346,2021-02-28T18:55:41.346Z,buy,4.7e-07,1000.0,0.00047
MTH/BTC,1614538662147,2021-02-28T18:57:42.147Z,buy,4.7e-07,256.0,0.00012032
MTH/BTC,1614538732803,2021-02-28T18:58:52.803Z,buy,4.7e-07,486.0,0.00022842
MTH/BTC,1614538844357,2021-02-28T19:00:44.357Z,buy,4.7e-07,214.0,0.00010058
MTH/BTC,1614538976618,2021-02-28T19:02:56.618Z,buy,4.7e-07,23450.0,0.0110215
MTH/BTC,1614539152833,2021-02-28T19:05:52.833Z,sell,4.6e-07,1510.0,0.0006946
MTH/BTC,1614539177868,2021-02-28T19:06:17.868Z,sell,4.6e-07,485.0,0.0002231
MTH/BTC,1614539564082,2021-02-28T19:12:44.082Z,buy,4.7e-07,213.0,0.00010011
MTH/BTC,1614539722811,2021-02-28T19:15:22.811Z,buy,4.7e-07,41639.0,0.01957033
MTH/BTC,1614539782495,2021-02-28T19:16:22.495Z,buy,4.8e-07,1000.0,0.00047999999999999996
MTH/BTC,1614539816423,2021-02-28T19:16:56.423Z,sell,4.7e-07,1538.0,0.00072286
MTH/BTC,1614539915545,2021-02-28T19:18:35.545Z,sell,4.7e-07,5937.0,0.00279039
MTH/BTC,1614539982909,2021-02-28T19:19:42.909Z,buy,4.8e-07,4221.0,0.00202608
MTH/BTC,1614540019344,2021-02-28T19:20:19.344Z,buy,4.8e-07,32460.0,0.015580799999999999
MTH/BTC,1614540252201,2021-02-28T19:24:12.201Z,sell,4.7e-07,5560.0,0.0026132
MTH/BTC,1614540294299,2021-02-28T19:24:54.299Z,sell,4.7e-07,217.0,0.00010199
MTH/BTC,1614540295535,2021-02-28T19:24:55.535Z,buy,4.7e-07,1448.0,0.00068056
MTH/BTC,1614540341970,2021-02-28T19:25:41.970Z,sell,4.6e-07,23427.0,0.01077642
MTH/BTC,1614540355509,2021-02-28T19:25:55.509Z,sell,4.6e-07,1448.0,0.00066608
MTH/BTC,1614540379644,2021-02-28T19:26:19.644Z,sell,4.6e-07,30762.0,0.01415052
MTH/BTC,1614540435725,2021-02-28T19:27:15.725Z,buy,4.7e-07,1124.0,0.00052828
MTH/BTC,1614540435725,2021-02-28T19:27:15.725Z,buy,4.8e-07,16191.0,0.0077716799999999996
MTH/BTC,1614540444777,2021-02-28T19:27:24.777Z,sell,4.6e-07,679.0,0.00031234
MTH/BTC,1614540455402,2021-02-28T19:27:35.402Z,buy,4.7e-07,267.0,0.00012549
MTH/BTC,1614540495956,2021-02-28T19:28:15.956Z,sell,4.7e-07,522.0,0.00024534
MTH/BTC,1614540694529,2021-02-28T19:31:34.529Z,buy,4.8e-07,4248.0,0.0020390399999999998
MTH/BTC,1614540695667,2021-02-28T19:31:35.667Z,sell,4.7e-07,213.0,0.00010011
MTH/BTC,1614540713563,2021-02-28T19:31:53.563Z,sell,4.7e-07,44298.0,0.02082006
MTH/BTC,1614540782007,2021-02-28T19:33:02.007Z,buy,4.8e-07,2083.0,0.0009998399999999999
MTH/BTC,1614540799414,2021-02-28T19:33:19.414Z,buy,4.8e-07,2292.0,0.00110016
MTH/BTC,1614540986009,2021-02-28T19:36:26.009Z,buy,4.8e-07,3558.0,0.0017078399999999997
MTH/BTC,1614541005601,2021-02-28T19:36:45.601Z,buy,4.8e-07,14971.0,0.007186079999999999
MTH/BTC,1614541009417,2021-02-28T19:36:49.417Z,buy,4.8e-07,7723.0,0.0037070399999999996
MTH/BTC,1614541129919,2021-02-28T19:38:49.919Z,sell,4.7e-07,8201.0,0.00385447
MTH/BTC,1614541185412,2021-02-28T19:39:45.412Z,sell,4.7e-07,4248.0,0.00199656
MTH/BTC,1614541293109,2021-02-28T19:41:33.109Z,buy,4.8e-07,2156.0,0.00103488
MTH/BTC,1614541336583,2021-02-28T19:42:16.583Z,buy,4.8e-07,3036.0,0.0014572799999999998
MTH/BTC,1614541401919,2021-02-28T19:43:21.919Z,buy,4.8e-07,1430.0,0.0006864
MTH/BTC,1614541462252,2021-02-28T19:44:22.252Z,buy,4.8e-07,5028.0,0.0024134399999999998
MTH/BTC,1614541618791,2021-02-28T19:46:58.791Z,sell,4.7e-07,284.0,0.00013348
MTH/BTC,1614541662277,2021-02-28T19:47:42.277Z,buy,4.8e-07,64197.0,0.030814559999999998
MTH/BTC,1614541692058,2021-02-28T19:48:12.058Z,buy,4.8e-07,659.0,0.00031632
MTH/BTC,1614541699025,2021-02-28T19:48:19.025Z,buy,4.8e-07,658.0,0.00031583999999999996
MTH/BTC,1614541711939,2021-02-28T19:48:31.939Z,buy,4.8e-07,659.0,0.00031632
MTH/BTC,1614541734163,2021-02-28T19:48:54.163Z,buy,4.8e-07,658.0,0.00031583999999999996
MTH/BTC,1614541754217,2021-02-28T19:49:14.217Z,buy,4.8e-07,2152.0,0.0010329599999999999
MTH/BTC,1614541768370,2021-02-28T19:49:28.370Z,buy,4.8e-07,659.0,0.00031632
MTH/BTC,1614541775675,2021-02-28T19:49:35.675Z,buy,4.8e-07,659.0,0.00031632
MTH/BTC,1614541786960,2021-02-28T19:49:46.960Z,buy,4.8e-07,1942.0,0.0009321599999999999
MTH/BTC,1614541789346,2021-02-28T19:49:49.346Z,buy,4.8e-07,658.0,0.00031583999999999996
MTH/BTC,1614541795807,2021-02-28T19:49:55.807Z,buy,4.8e-07,659.0,0.00031632
MTH/BTC,1614541796309,2021-02-28T19:49:56.309Z,buy,4.8e-07,659.0,0.00031632
MTH/BTC,1614541796517,2021-02-28T19:49:56.517Z,buy,4.8e-07,659.0,0.00031632
MTH/BTC,1614541796554,2021-02-28T19:49:56.554Z,buy,4.8e-07,6030.0,0.0028943999999999997
MTH/BTC,1614541836678,2021-02-28T19:50:36.678Z,buy,4.8e-07,236.0,0.00011327999999999999
MTH/BTC,1614541858691,2021-02-28T19:50:58.691Z,sell,4.7e-07,281.0,0.00013207
MTH/BTC,1614541911708,2021-02-28T19:51:51.708Z,buy,4.8e-07,6767.0,0.0032481599999999995
MTH/BTC,1614541920482,2021-02-28T19:52:00.482Z,sell,4.7e-07,213.0,0.00010011
MTH/BTC,1614541920482,2021-02-28T19:52:00.482Z,sell,4.7e-07,213.0,0.00010011
MTH/BTC,1614542083425,2021-02-28T19:54:43.425Z,buy,4.8e-07,244.0,0.00011711999999999999
MTH/BTC,1614542102082,2021-02-28T19:55:02.082Z,buy,4.8e-07,42917.0,0.02060016
MTH/BTC,1614542108843,2021-02-28T19:55:08.843Z,buy,4.8e-07,2357.0,0.0011313599999999999
MTH/BTC,1614542110734,2021-02-28T19:55:10.734Z,buy,4.8e-07,1233.0,0.0005918399999999999
MTH/BTC,1614542114882,2021-02-28T19:55:14.882Z,buy,4.8e-07,212.0,0.00010175999999999999
MTH/BTC,1614542123570,2021-02-28T19:55:23.570Z,buy,4.8e-07,4167.0,0.00200016
MTH/BTC,1614542136294,2021-02-28T19:55:36.294Z,sell,4.7e-07,117865.0,0.05539655
MTH/BTC,1614542144925,2021-02-28T19:55:44.925Z,sell,4.7e-07,117864.0,0.05539608
MTH/BTC,1614542148099,2021-02-28T19:55:48.099Z,buy,4.8e-07,4802.0,0.00230496
MTH/BTC,1614542155720,2021-02-28T19:55:55.720Z,buy,4.8e-07,1000.0,0.00047999999999999996
MTH/BTC,1614542163734,2021-02-28T19:56:03.734Z,buy,4.8e-07,1000.0,0.00047999999999999996
MTH/BTC,1614542164847,2021-02-28T19:56:04.847Z,buy,4.8e-07,33513.0,0.016086239999999998
MTH/BTC,1614542173059,2021-02-28T19:56:13.059Z,buy,4.8e-07,596.0,0.00028607999999999997
MTH/BTC,1614542173085,2021-02-28T19:56:13.085Z,buy,4.8e-07,552.0,0.00026495999999999996
MTH/BTC,1614542174829,2021-02-28T19:56:14.829Z,buy,4.8e-07,1588.0,0.00076224
MTH/BTC,1614542226494,2021-02-28T19:57:06.494Z,buy,4.8e-07,4166.0,0.0019996799999999998
MTH/BTC,1614542241801,2021-02-28T19:57:21.801Z,buy,4.8e-07,4166.0,0.0019996799999999998
MTH/BTC,1614542260008,2021-02-28T19:57:40.008Z,sell,4.7e-07,2401.0,0.00112847
MTH/BTC,1614542307243,2021-02-28T19:58:27.243Z,buy,4.8e-07,88225.0,0.042348
MTH/BTC,1614542313330,2021-02-28T19:58:33.330Z,buy,4.8e-07,2971.0,0.00142608
MTH/BTC,1614542325697,2021-02-28T19:58:45.697Z,sell,4.7e-07,21437.0,0.01007539
MTH/BTC,1614542365698,2021-02-28T19:59:25.698Z,sell,4.7e-07,18642.0,0.00876174
MTH/BTC,1614542368569,2021-02-28T19:59:28.569Z,sell,4.7e-07,33513.0,0.01575111
MTH/BTC,1614542389551,2021-02-28T19:59:49.551Z,sell,4.7e-07,7450.0,0.0035015
MTH/BTC,1614542397100,2021-02-28T19:59:57.100Z,buy,4.8e-07,1883.0,0.0009038399999999999
MTH/BTC,1614542400284,2021-02-28T20:00:00.284Z,buy,4.8e-07,1438.0,0.00069024
MTH/BTC,1614542412384,2021-02-28T20:00:12.384Z,sell,4.7e-07,2500.0,0.001175
