symbol,timestamp,datetime,side,price,amount,btc_volume
MTH/BTC,1622826244530,2021-06-04T17:04:04.530Z,sell,6.5e-07,238.0,0.0001547
MTH/BTC,1622826536625,2021-06-04T17:08:56.625Z,sell,6.5e-07,2533.0,0.00164645
MTH/BTC,1622826549771,2021-06-04T17:09:09.771Z,sell,6.5e-07,1239.0,0.00080535
MTH/BTC,1622826754626,2021-06-04T17:12:34.626Z,buy,6.6e-07,434.0,0.00028644
MTH/BTC,1622827063070,2021-06-04T17:17:43.070Z,sell,6.5e-07,23232.0,0.015100800000000001
MTH/BTC,1622827376100,2021-06-04T17:22:56.100Z,sell,6.5e-07,846.0,0.0005499
MTH/BTC,1622827483706,2021-06-04T17:24:43.706Z,sell,6.5e-07,8751.0,0.00568815
MTH/BTC,1622827910506,2021-06-04T17:31:50.506Z,sell,6.5e-07,1500.0,0.0009750000000000001
MTH/BTC,1622828105857,2021-06-04T17:35:05.857Z,sell,6.5e-07,678.0,0.00044070000000000003
MTH/BTC,1622829280032,2021-06-04T17:54:40.032Z,sell,6.5e-07,453.0,0.00029445000000000003
MTH/BTC,1622829280032,2021-06-04T17:54:40.032Z,sell,6.5e-07,453.0,0.00029445000000000003
MTH/BTC,1622829794399,2021-06-04T18:03:14.399Z,buy,6.6e-07,529.0,0.00034914
MTH/BTC,1622829843930,2021-06-04T18:04:03.930Z,sell,6.5e-07,529.0,0.00034385000000000004
MTH/BTC,1622829881825,2021-06-04T18:04:41.825Z,buy,6.6e-07,1997.0,0.00131802
MTH/BTC,1622830232230,2021-06-04T18:10:32.230Z,buy,6.6e-07,22105.0,0.014589300000000001
MTH/BTC,1622830286766,2021-06-04T18:11:26.766Z,sell,6.5e-07,1299.0,0.00084435
MTH/BTC,1622830519745,2021-06-04T18:15:19.745Z,buy,6.6e-07,7692.0,0.00507672
MTH/BTC,1622830772113,2021-06-04T18:19:32.113Z,buy,6.6e-07,152.0,0.00010032
MTH/BTC,1622830993208,2021-06-04T18:23:13.208Z,sell,6.5e-07,7692.0,0.0049998
MTH/BTC,1622831050264,2021-06-04T18:24:10.264Z,buy,6.6e-07,7573.0,0.0049981800000000005
MTH/BTC,1622831575923,2021-06-04T18:32:55.923Z,buy,6.6e-07,4609.0,0.0030419400000000004
MTH/BTC,1622831718843,2021-06-04T18:35:18.843Z,sell,6.5e-07,7573.0,0.00492245
MTH/BTC,1622831765840,2021-06-04T18:36:05.840Z,buy,6.6e-07,7344.0,0.00484704
MTH/BTC,1622831781627,2021-06-04T18:36:21.627Z,buy,6.6e-07,641.0,0.00042306
MTH/BTC,1622831810178,2021-06-04T18:36:50.178Z,buy,6.6e-07,56964.0,0.03759624
MTH/BTC,1622831994847,2021-06-04T18:39:54.847Z,sell,6.5e-07,438.0,0.00028470000000000004
MTH/BTC,1622832002583,2021-06-04T18:40:02.583Z,sell,6.5e-07,1021.0,0.00066365
MTH/BTC,1622832064880,2021-06-04T18:41:04.880Z,sell,6.5e-07,12024.0,0.0078156
MTH/BTC,1622832134935,2021-06-04T18:42:14.935Z,sell,6.5e-07,18448.0,0.0119912
MTH/BTC,1622832198777,2021-06-04T18:43:18.777Z,sell,6.5e-07,23816.0,0.0154804
MTH/BTC,1622832384343,2021-06-04T18:46:24.343Z,buy,6.6e-07,157.0,0.00010362
MTH/BTC,1622832431428,2021-06-04T18:47:11.428Z,sell,6.5e-07,7344.0,0.0047736
MTH/BTC,1622832431428,2021-06-04T18:47:11.428Z,sell,6.5e-07,7344.0,0.0047736
MTH/BTC,1622833025468,2021-06-04T18:57:05.468Z,buy,6.6e-07,8547.0,0.00564102
MTH/BTC,1622833405743,2021-06-04T19:03:25.743Z,buy,6.6e-07,6887.0,0.0045454200000000005
MTH/BTC,1622833406883,2021-06-04T19:03:26.883Z,buy,6.6e-07,304.0,0.00020064
MTH/BTC,1622833421649,2021-06-04T19:03:41.649Z,buy,6.6e-07,4533.0,0.0029917800000000003
MTH/BTC,1622833534895,2021-06-04T19:05:34.895Z,sell,6.5e-07,3899.0,0.00253435
MTH/BTC,1622833569882,2021-06-04T19:06:09.882Z,buy,6.6e-07,7233.0,0.00477378
MTH/BTC,1622833582108,2021-06-04T19:06:22.108Z,buy,6.6e-07,3620.0,0.0023892
MTH/BTC,1622834228454,2021-06-04T19:17:08.454Z,sell,6.5e-07,7233.0,0.00470145
MTH/BTC,1622834290860,2021-06-04T19:18:10.860Z,buy,6.6e-07,7123.0,0.00470118
MTH/BTC,1622834694251,2021-06-04T19:24:54.251Z,sell,6.5e-07,841.0,0.00054665
MTH/BTC,1622835117962,2021-06-04T19:31:57.962Z,sell,6.5e-07,1955.0,0.00127075
MTH/BTC,1622835352273,2021-06-04T19:35:52.273Z,buy,6.6e-07,1000.0,0.00066
MTH/BTC,1622835368378,2021-06-04T19:36:08.378Z,sell,6.5e-07,7123.0,0.00462995
MTH/BTC,1622835508086,2021-06-04T19:38:28.086Z,buy,6.6e-07,2890.0,0.0019074
MTH/BTC,1622835927423,2021-06-04T19:45:27.423Z,sell,6.5e-07,2042.0,0.0013273
MTH/BTC,1622835971248,2021-06-04T19:46:11.248Z,buy,6.6e-07,7015.0,0.0046299
MTH/BTC,1622835971248,2021-06-04T19:46:11.248Z,buy,6.6e-07,7015.0,0.0046299
MTH/BTC,1622836635669,2021-06-04T19:57:15.669Z,sell,6.5e-07,7015.0,0.0045597500000000004
MTH/BTC,1622836692197,2021-06-04T19:58:12.197Z,buy,6.6e-07,6909.0,0.00455994
MTH/BTC,1622836859436,2021-06-04T20:00:59.436Z,buy,6.6e-07,7922.0,0.00522852
MTH/BTC,1622837021727,2021-06-04T20:03:41.727Z,sell,6.5e-07,1153.0,0.00074945
MTH/BTC,1622837517108,2021-06-04T20:11:57.108Z,sell,6.5e-07,3700.0,0.002405
MTH/BTC,1622837716620,2021-06-04T20:15:16.620Z,sell,6.5e-07,6909.0,0.00449085
MTH/BTC,1622837762768,2021-06-04T20:16:02.768Z,sell,6.5e-07,231.0,0.00015015000000000002
MTH/BTC,1622837892119,2021-06-04T20:18:12.119Z,buy,6.6e-07,4003.0,0.00264198
MTH/BTC,1622839198620,2021-06-04T20:39:58.620Z,sell,6.5e-07,8044.0,0.0052286
MTH/BTC,1622839201988,2021-06-04T20:40:01.988Z,sell,6.5e-07,7801.0,0.00507065
MTH/BTC,1622839214194,2021-06-04T20:40:14.194Z,buy,6.6e-07,6804.0,0.004490640000000001
MTH/BTC,1622839302263,2021-06-04T20:41:42.263Z,sell,6.5e-07,237.0,0.00015405
MTH/BTC,1622839302263,2021-06-04T20:41:42.263Z,sell,6.5e-07,237.0,0.00015405
MTH/BTC,1622839658538,2021-06-04T20:47:38.538Z,buy,6.6e-07,4556.0,0.0030069600000000004
MTH/BTC,1622839866746,2021-06-04T20:51:06.746Z,sell,6.5e-07,6804.0,0.0044226000000000005
MTH/BTC,1622839931297,2021-06-04T20:52:11.297Z,buy,6.6e-07,6804.0,0.004490640000000001
MTH/BTC,1622840586820,2021-06-04T21:03:06.820Z,sell,6.5e-07,6804.0,0.0044226000000000005
MTH/BTC,1622840646223,2021-06-04T21:04:06.223Z,buy,6.6e-07,6598.0,0.0043546800000000005
MTH/BTC,1622840733733,2021-06-04T21:05:33.733Z,buy,6.6e-07,3669.0,0.0024215400000000002
MTH/BTC,1622840883383,2021-06-04T21:08:03.383Z,buy,6.6e-07,450.0,0.000297
MTH/BTC,1622840961468,2021-06-04T21:09:21.468Z,buy,6.6e-07,162.0,0.00010692
MTH/BTC,1622841311907,2021-06-04T21:15:11.907Z,sell,6.5e-07,6598.0,0.0042887
MTH/BTC,1622841372407,2021-06-04T21:16:12.407Z,buy,6.6e-07,6498.0,0.0042886800000000004
MTH/BTC,1622841407397,2021-06-04T21:16:47.397Z,sell,6.5e-07,2465.0,0.0016022500000000002
MTH/BTC,1622842026771,2021-06-04T21:27:06.771Z,sell,6.5e-07,6498.0,0.0042237
MTH/BTC,1622842041261,2021-06-04T21:27:21.261Z,sell,6.5e-07,1054.0,0.0006851
MTH/BTC,1622842074003,2021-06-04T21:27:54.003Z,sell,6.5e-07,4933.0,0.00320645
MTH/BTC,1622842074003,2021-06-04T21:27:54.003Z,sell,6.5e-07,4933.0,0.00320645
MTH/BTC,1622843304685,2021-06-04T21:48:24.685Z,sell,6.5e-07,421.0,0.00027365
MTH/BTC,1622843580843,2021-06-04T21:53:00.843Z,sell,6.5e-07,293.0,0.00019045
MTH/BTC,1622844265394,2021-06-04T22:04:25.394Z,buy,6.6e-07,463.0,0.00030558
MTH/BTC,1622844641689,2021-06-04T22:10:41.689Z,buy,6.6e-07,619.0,0.00040854000000000004
MTH/BTC,1622844641689,2021-06-04T22:10:41.689Z,buy,6.6e-07,619.0,0.00040854000000000004
MTH/BTC,1622846103580,2021-06-04T22:35:03.580Z,sell,6.5e-07,2885.0,0.00187525
MTH/BTC,1622846170938,2021-06-04T22:36:10.938Z,buy,6.6e-07,6400.0,0.004224
MTH/BTC,1622846827769,2021-06-04T22:47:07.769Z,sell,6.5e-07,6400.0,0.0041600000000000005
MTH/BTC,1622846890493,2021-06-04T22:48:10.493Z,buy,6.6e-07,6303.0,0.004159980000000001
MTH/BTC,1622847436094,2021-06-04T22:57:16.094Z,sell,6.5e-07,6365.0,0.00413725
MTH/BTC,1622847554468,2021-06-04T22:59:14.468Z,buy,6.6e-07,304.0,0.00020064
MTH/BTC,1622847832362,2021-06-04T23:03:52.362Z,sell,6.5e-07,761.0,0.00049465
MTH/BTC,1622847905538,2021-06-04T23:05:05.538Z,sell,6.5e-07,2692.0,0.0017498000000000001
MTH/BTC,1622848189538,2021-06-04T23:09:49.538Z,sell,6.5e-07,20000.0,0.013000000000000001
MTH/BTC,1622848198122,2021-06-04T23:09:58.122Z,sell,6.5e-07,5955.0,0.00387075
MTH/BTC,1622848198122,2021-06-04T23:09:58.122Z,sell,6.5e-07,5955.0,0.00387075
MTH/BTC,1622848269837,2021-06-04T23:11:09.837Z,sell,6.5e-07,1497.0,0.00097305
MTH/BTC,1622848389639,2021-06-04T23:13:09.639Z,sell,6.5e-07,3188.0,0.0020722
MTH/BTC,1622848509562,2021-06-04T23:15:09.562Z,sell,6.5e-07,6303.0,0.00409695
MTH/BTC,1622848509811,2021-06-04T23:15:09.811Z,sell,6.5e-07,293.0,0.00019045
MTH/BTC,1622848556951,2021-06-04T23:15:56.951Z,sell,6.5e-07,2950.0,0.0019175000000000002
MTH/BTC,1622848572683,2021-06-04T23:16:12.683Z,sell,6.5e-07,10259.0,0.00666835
MTH/BTC,1622849239999,2021-06-04T23:27:19.999Z,buy,6.5e-07,10249.0,0.00666185
MTH/BTC,1622849518775,2021-06-04T23:31:58.775Z,buy,6.5e-07,41099.0,0.02671435
MTH/BTC,1622850632068,2021-06-04T23:50:32.068Z,buy,6.6e-07,2290.0,0.0015114
MTH/BTC,1622851419844,2021-06-05T00:03:39.844Z,sell,6.5e-07,955.0,0.00062075
MTH/BTC,1622851448775,2021-06-05T00:04:08.775Z,buy,6.6e-07,6207.0,0.0040966200000000005
MTH/BTC,1622851448775,2021-06-05T00:04:08.775Z,buy,6.6e-07,6207.0,0.0040966200000000005
MTH/BTC,1622852114389,2021-06-05T00:15:14.389Z,sell,6.5e-07,6207.0,0.0040345500000000005
MTH/BTC,1622852165766,2021-06-05T00:16:05.766Z,buy,6.6e-07,6113.0,0.00403458
MTH/BTC,1622852432270,2021-06-05T00:20:32.270Z,buy,6.6e-07,458.0,0.00030228000000000004
MTH/BTC,1622852488762,2021-06-05T00:21:28.762Z,sell,6.5e-07,721.0,0.00046865000000000003
MTH/BTC,1622853185800,2021-06-05T00:33:05.800Z,sell,6.5e-07,6113.0,0.00397345
MTH/BTC,1622853978906,2021-06-05T00:46:18.906Z,sell,6.5e-07,3168.0,0.0020592
MTH/BTC,1622854654276,2021-06-05T00:57:34.276Z,sell,6.5e-07,981.0,0.00063765
MTH/BTC,1622854654276,2021-06-05T00:57:34.276Z,sell,6.5e-07,981.0,0.00063765
MTH/BTC,1622855076795,2021-06-05T01:04:36.795Z,buy,6.6e-07,1259.0,0.0008309400000000001
MTH/BTC,1622855096384,2021-06-05T01:04:56.384Z,buy,6.6e-07,23725.0,0.015658500000000002
MTH/BTC,1622856712971,2021-06-05T01:31:52.971Z,sell,6.5e-07,13590.0,0.008833500000000001
MTH/BTC,1622856791549,2021-06-05T01:33:11.549Z,buy,6.6e-07,9267.0,0.00611622
MTH/BTC,1622856791965,2021-06-05T01:33:11.965Z,buy,6.6e-07,304.0,0.00020064
MTH/BTC,1622856937977,2021-06-05T01:35:37.977Z,buy,6.6e-07,9751.0,0.00643566
MTH/BTC,1622857388498,2021-06-05T01:43:08.498Z,buy,6.6e-07,4380.0,0.0028908000000000002
MTH/BTC,1622857913112,2021-06-05T01:51:53.112Z,buy,6.6e-07,2244.0,0.00148104
MTH/BTC,1622858060517,2021-06-05T01:54:20.517Z,sell,6.5e-07,1976.0,0.0012844
MTH/BTC,1622858157710,2021-06-05T01:55:57.710Z,buy,6.6e-07,747.0,0.00049302
MTH/BTC,1622858157710,2021-06-05T01:55:57.710Z,buy,6.6e-07,747.0,0.00049302
MTH/BTC,1622858429857,2021-06-05T02:00:29.857Z,sell,6.5e-07,7597.0,0.00493805
MTH/BTC,1622858716299,2021-06-05T02:05:16.299Z,buy,6.6e-07,953.0,0.00062898
MTH/BTC,1622858737142,2021-06-05T02:05:37.142Z,sell,6.5e-07,531.0,0.00034515
MTH/BTC,1622859424105,2021-06-05T02:17:04.105Z,sell,6.5e-07,177.0,0.00011505
MTH/BTC,1622860233845,2021-06-05T02:30:33.845Z,buy,6.6e-07,267.0,0.00017622000000000002
MTH/BTC,1622860235904,2021-06-05T02:30:35.904Z,buy,6.6e-07,263.0,0.00017358
MTH/BTC,1622860238932,2021-06-05T02:30:38.932Z,buy,6.6e-07,263.0,0.00017358
MTH/BTC,1622860246912,2021-06-05T02:30:46.912Z,buy,6.6e-07,260.0,0.0001716
MTH/BTC,1622860989064,2021-06-05T02:43:09.064Z,buy,6.6e-07,509.0,0.00033594
MTH/BTC,1622861425444,2021-06-05T02:50:25.444Z,sell,6.5e-07,371.0,0.00024115
MTH/BTC,1622861425444,2021-06-05T02:50:25.444Z,sell,6.5e-07,371.0,0.00024115
MTH/BTC,1622861905383,2021-06-05T02:58:25.383Z,buy,6.6e-07,777.0,0.00051282
MTH/BTC,1622861924607,2021-06-05T02:58:44.607Z,buy,6.6e-07,5600.0,0.003696
MTH/BTC,1622861946390,2021-06-05T02:59:06.390Z,buy,6.6e-07,4630.0,0.0030558
MTH/BTC,1622862234645,2021-06-05T03:03:54.645Z,sell,6.5e-07,315.0,0.00020475000000000002
MTH/BTC,1622862314956,2021-06-05T03:05:14.956Z,buy,6.6e-07,18182.0,0.012000120000000001
MTH/BTC,1622864286464,2021-06-05T03:38:06.464Z,buy,6.6e-07,4799.0,0.0031673400000000003
MTH/BTC,1622864334907,2021-06-05T03:38:54.907Z,sell,6.5e-07,21428.0,0.0139282
MTH/BTC,1622864487751,2021-06-05T03:41:27.751Z,sell,6.5e-07,12474.0,0.0081081
MTH/BTC,1622864487751,2021-06-05T03:41:27.751Z,sell,6.5e-07,12474.0,0.0081081
MTH/BTC,1622865555374,2021-06-05T03:59:15.374Z,sell,6.5e-07,1614.0,0.0010491
MTH/BTC,1622865878856,2021-06-05T04:04:38.856Z,buy,6.6e-07,1165.0,0.0007689
MTH/BTC,1622866192512,2021-06-05T04:09:52.512Z,buy,6.6e-07,1408.0,0.00092928
MTH/BTC,1622866318129,2021-06-05T04:11:58.129Z,sell,6.5e-07,1840.0,0.001196
MTH/BTC,1622866411770,2021-06-05T04:13:31.770Z,buy,6.6e-07,5054.0,0.00333564
MTH/BTC,1622866551650,2021-06-05T04:15:51.650Z,buy,6.6e-07,15020.0,0.0099132
MTH/BTC,1622867340539,2021-06-05T04:29:00.539Z,buy,6.6e-07,11931.0,0.00787446
MTH/BTC,1622867350535,2021-06-05T04:29:10.535Z,buy,6.6e-07,24162.0,0.01594692
MTH/BTC,1622867481279,2021-06-05T04:31:21.279Z,sell,6.5e-07,1589.0,0.00103285
MTH/BTC,1622867695315,2021-06-05T04:34:55.315Z,sell,6.5e-07,999.0,0.00064935
MTH/BTC,1622867695315,2021-06-05T04:34:55.315Z,sell,6.5e-07,999.0,0.00064935
MTH/BTC,1622868221094,2021-06-05T04:43:41.094Z,buy,6.6e-07,863.0,0.00056958
MTH/BTC,1622868374966,2021-06-05T04:46:14.966Z,buy,6.6e-07,7366.0,0.00486156
MTH/BTC,1622868621571,2021-06-05T04:50:21.571Z,sell,6.5e-07,598.0,0.0003887
MTH/BTC,1622868724765,2021-06-05T04:52:04.765Z,sell,6.5e-07,647.0,0.00042055
MTH/BTC,1622869550113,2021-06-05T05:05:50.113Z,sell,6.5e-07,2464.0,0.0016016000000000001
MTH/BTC,1622869713111,2021-06-05T05:08:33.111Z,sell,6.5e-07,14650.0,0.0095225
MTH/BTC,1622869823967,2021-06-05T05:10:23.967Z,buy,6.6e-07,1495.0,0.0009867
MTH/BTC,1622869998647,2021-06-05T05:13:18.647Z,buy,6.6e-07,1498.0,0.00098868
MTH/BTC,1622870219499,2021-06-05T05:16:59.499Z,sell,6.5e-07,4003.0,0.00260195
MTH/BTC,1622870721981,2021-06-05T05:25:21.981Z,buy,6.6e-07,500.0,0.00033
MTH/BTC,1622870721981,2021-06-05T05:25:21.981Z,buy,6.6e-07,500.0,0.00033
MTH/BTC,1622871354901,2021-06-05T05:35:54.901Z,buy,6.6e-07,1285.0,0.0008481000000000001
MTH/BTC,1622871531736,2021-06-05T05:38:51.736Z,buy,6.6e-07,10219.0,0.00674454
MTH/BTC,1622871629821,2021-06-05T05:40:29.821Z,buy,6.6e-07,310.0,0.0002046
MTH/BTC,1622871664672,2021-06-05T05:41:04.672Z,buy,6.6e-07,1286.0,0.00084876
MTH/BTC,1622872395753,2021-06-05T05:53:15.753Z,sell,6.5e-07,14777.0,0.00960505
MTH/BTC,1622872719294,2021-06-05T05:58:39.294Z,sell,6.5e-07,20828.0,0.0135382
MTH/BTC,1622872793052,2021-06-05T05:59:53.052Z,buy,6.6e-07,300.0,0.00019800000000000002
MTH/BTC,1622872905825,2021-06-05T06:01:45.825Z,buy,6.6e-07,2725.0,0.0017985000000000002
MTH/BTC,1622873045719,2021-06-05T06:04:05.719Z,buy,6.6e-07,192.0,0.00012672
MTH/BTC,1622873432805,2021-06-05T06:10:32.805Z,sell,6.5e-07,1999.0,0.0012993500000000001
MTH/BTC,1622873706832,2021-06-05T06:15:06.832Z,buy,6.6e-07,155.0,0.0001023
MTH/BTC,1622873812718,2021-06-05T06:16:52.718Z,buy,6.6e-07,8569.0,0.005655540000000001
MTH/BTC,1622874099955,2021-06-05T06:21:39.955Z,buy,6.6e-07,228.0,0.00015048
MTH/BTC,1622874109249,2021-06-05T06:21:49.249Z,buy,6.6e-07,1347.0,0.00088902
MTH/BTC,1622874109249,2021-06-05T06:21:49.249Z,buy,6.6e-07,1347.0,0.00088902
MTH/BTC,1622874558098,2021-06-05T06:29:18.098Z,buy,6.6e-07,14930.0,0.009853800000000001
MTH/BTC,1622874668745,2021-06-05T06:31:08.745Z,buy,6.6e-07,2348.0,0.0015496800000000001
MTH/BTC,1622875104708,2021-06-05T06:38:24.708Z,buy,6.6e-07,819.0,0.00054054
MTH/BTC,1622875171112,2021-06-05T06:39:31.112Z,buy,6.6e-07,1495.0,0.0009867
MTH/BTC,1622875261233,2021-06-05T06:41:01.233Z,buy,6.6e-07,387.0,0.00025542
MTH/BTC,1622875491115,2021-06-05T06:44:51.115Z,buy,6.6e-07,433.0,0.00028578
MTH/BTC,1622876589085,2021-06-05T07:03:09.085Z,sell,6.5e-07,2310.0,0.0015015
MTH/BTC,1622876594370,2021-06-05T07:03:14.370Z,sell,6.5e-07,376.0,0.00024440000000000003
MTH/BTC,1622876653846,2021-06-05T07:04:13.846Z,buy,6.6e-07,300.0,0.00019800000000000002
MTH/BTC,1622876886825,2021-06-05T07:08:06.825Z,buy,6.6e-07,154.0,0.00010164000000000001
MTH/BTC,1622877163656,2021-06-05T07:12:43.656Z,buy,6.6e-07,1746.0,0.00115236
MTH/BTC,1622877481896,2021-06-05T07:18:01.896Z,sell,6.5e-07,232.0,0.0001508
MTH/BTC,1622877502981,2021-06-05T07:18:22.981Z,sell,6.5e-07,169.0,0.00010985
MTH/BTC,1622877574128,2021-06-05T07:19:34.128Z,buy,6.6e-07,15622.0,0.01031052
MTH/BTC,1622877603220,2021-06-05T07:20:03.220Z,buy,6.6e-07,394.0,0.00026004
MTH/BTC,1622877660951,2021-06-05T07:21:00.951Z,buy,6.6e-07,1521.0,0.00100386
MTH/BTC,1622877663930,2021-06-05T07:21:03.930Z,sell,6.5e-07,228.0,0.0001482
MTH/BTC,1622877669001,2021-06-05T07:21:09.001Z,sell,6.5e-07,222.0,0.0001443
MTH/BTC,1622877669001,2021-06-05T07:21:09.001Z,sell,6.5e-07,222.0,0.0001443
MTH/BTC,1622877733013,2021-06-05T07:22:13.013Z,buy,6.6e-07,1489.0,0.00098274
MTH/BTC,1622877789256,2021-06-05T07:23:09.256Z,sell,6.5e-07,350.0,0.0002275
MTH/BTC,1622878100893,2021-06-05T07:28:20.893Z,sell,6.5e-07,554.0,0.0003601
MTH/BTC,1622878525974,2021-06-05T07:35:25.974Z,buy,6.6e-07,20965.0,0.013836900000000001
MTH/BTC,1622879080915,2021-06-05T07:44:40.915Z,sell,6.6e-07,1401.0,0.00092466
MTH/BTC,1622879089662,2021-06-05T07:44:49.662Z,buy,6.7e-07,7916.0,0.0053037200000000005
MTH/BTC,1622879882428,2021-06-05T07:58:02.428Z,buy,6.7e-07,2388.0,0.00159996
MTH/BTC,1622880076635,2021-06-05T08:01:16.635Z,sell,6.6e-07,1292.0,0.0008527200000000001
MTH/BTC,1622880121788,2021-06-05T08:02:01.788Z,sell,6.6e-07,2345.0,0.0015477000000000002
MTH/BTC,1622880132336,2021-06-05T08:02:12.336Z,buy,6.7e-07,2053.0,0.0013755100000000001
MTH/BTC,1622880218396,2021-06-05T08:03:38.396Z,sell,6.6e-07,1134.0,0.0007484400000000001
MTH/BTC,1622880404444,2021-06-05T08:06:44.444Z,sell,6.6e-07,2260.0,0.0014916
MTH/BTC,1622880744028,2021-06-05T08:12:24.028Z,sell,6.6e-07,2260.0,0.0014916
MTH/BTC,1622880978579,2021-06-05T08:16:18.579Z,buy,6.7e-07,15904.0,0.01065568
MTH/BTC,1622880978579,2021-06-05T08:16:18.579Z,buy,6.7e-07,15904.0,0.01065568
MTH/BTC,1622881602422,2021-06-05T08:26:42.422Z,buy,6.7e-07,9472.0,0.00634624
MTH/BTC,1622882065994,2021-06-05T08:34:25.994Z,sell,6.6e-07,46270.0,0.0305382
MTH/BTC,1622882149564,2021-06-05T08:35:49.564Z,buy,6.7e-07,2188.0,0.00146596
MTH/BTC,1622882151158,2021-06-05T08:35:51.158Z,sell,6.6e-07,459.0,0.00030294
MTH/BTC,1622882269195,2021-06-05T08:37:49.195Z,buy,6.7e-07,217.0,0.00014539000000000002
MTH/BTC,1622882555738,2021-06-05T08:42:35.738Z,sell,6.6e-07,8333.0,0.00549978
MTH/BTC,1622882612459,2021-06-05T08:43:32.459Z,sell,6.6e-07,1556.0,0.0010269600000000002
MTH/BTC,1622882646648,2021-06-05T08:44:06.648Z,buy,6.7e-07,477.0,0.00031959
MTH/BTC,1622883379892,2021-06-05T08:56:19.892Z,buy,6.7e-07,5406.0,0.00362202
MTH/BTC,1622883541807,2021-06-05T08:59:01.807Z,buy,6.7e-07,447.0,0.00029949
MTH/BTC,1622883866612,2021-06-05T09:04:26.612Z,buy,6.7e-07,615.0,0.00041205
MTH/BTC,1622884285098,2021-06-05T09:11:25.098Z,sell,6.6e-07,5400.0,0.0035640000000000003
MTH/BTC,1622884407573,2021-06-05T09:13:27.573Z,sell,6.6e-07,183851.0,0.12134166
MTH/BTC,1622884455345,2021-06-05T09:14:15.345Z,sell,6.6e-07,216.0,0.00014256000000000002
MTH/BTC,1622884455345,2021-06-05T09:14:15.345Z,sell,6.6e-07,216.0,0.00014256000000000002
MTH/BTC,1622884681012,2021-06-05T09:18:01.012Z,sell,6.6e-07,40300.0,0.026598
MTH/BTC,1622884715892,2021-06-05T09:18:35.892Z,buy,6.7e-07,212.0,0.00014204000000000002
MTH/BTC,1622884890347,2021-06-05T09:21:30.347Z,sell,6.6e-07,1152.0,0.0007603200000000001
MTH/BTC,1622884921543,2021-06-05T09:22:01.543Z,sell,6.6e-07,675.0,0.00044550000000000004
MTH/BTC,1622884940749,2021-06-05T09:22:20.749Z,sell,6.6e-07,50561.0,0.03337026
MTH/BTC,1622884941260,2021-06-05T09:22:21.260Z,sell,6.5e-07,621.0,0.00040365
MTH/BTC,1622885022924,2021-06-05T09:23:42.924Z,sell,6.5e-07,560.0,0.000364
MTH/BTC,1622885046082,2021-06-05T09:24:06.082Z,buy,6.6e-07,4022.0,0.00265452
MTH/BTC,1622885047147,2021-06-05T09:24:07.147Z,buy,6.6e-07,27272.0,0.01799952
MTH/BTC,1622885048306,2021-06-05T09:24:08.306Z,buy,6.6e-07,4545.0,0.0029997
MTH/BTC,1622885048473,2021-06-05T09:24:08.473Z,buy,6.6e-07,5151.0,0.00339966
MTH/BTC,1622885048801,2021-06-05T09:24:08.801Z,buy,6.6e-07,762.0,0.00050292
MTH/BTC,1622885052688,2021-06-05T09:24:12.688Z,buy,6.6e-07,75651.0,0.04992966
MTH/BTC,1622885053545,2021-06-05T09:24:13.545Z,buy,6.6e-07,606.0,0.00039996000000000004
MTH/BTC,1622885057360,2021-06-05T09:24:17.360Z,buy,6.6e-07,311.0,0.00020526000000000002
MTH/BTC,1622885065302,2021-06-05T09:24:25.302Z,buy,6.6e-07,909.0,0.00059994
MTH/BTC,1622885073315,2021-06-05T09:24:33.315Z,buy,6.6e-07,15151.0,0.00999966
MTH/BTC,1622885083026,2021-06-05T09:24:43.026Z,buy,6.6e-07,499.0,0.00032934
MTH/BTC,1622885083694,2021-06-05T09:24:43.694Z,buy,6.6e-07,373.0,0.00024618000000000003
MTH/BTC,1622885085463,2021-06-05T09:24:45.463Z,buy,6.6e-07,212.0,0.00013992
MTH/BTC,1622885086103,2021-06-05T09:24:46.103Z,buy,6.6e-07,1302.0,0.00085932
MTH/BTC,1622885087013,2021-06-05T09:24:47.013Z,buy,6.6e-07,1492.0,0.0009847200000000001
MTH/BTC,1622885087286,2021-06-05T09:24:47.286Z,buy,6.6e-07,8231.0,0.00543246
MTH/BTC,1622885088056,2021-06-05T09:24:48.056Z,buy,6.6e-07,1492.0,0.0009847200000000001
MTH/BTC,1622885088685,2021-06-05T09:24:48.685Z,buy,6.6e-07,3030.0,0.0019998
MTH/BTC,1622885090591,2021-06-05T09:24:50.591Z,buy,6.6e-07,454.0,0.00029964
MTH/BTC,1622885092477,2021-06-05T09:24:52.477Z,buy,6.6e-07,606.0,0.00039996000000000004
MTH/BTC,1622885093787,2021-06-05T09:24:53.787Z,buy,6.6e-07,606.0,0.00039996000000000004
MTH/BTC,1622885093943,2021-06-05T09:24:53.943Z,buy,6.6e-07,303.0,0.00019998000000000002
MTH/BTC,1622885094737,2021-06-05T09:24:54.737Z,buy,6.6e-07,9090.0,0.0059994
MTH/BTC,1622885094880,2021-06-05T09:24:54.880Z,buy,6.6e-07,6060.0,0.0039996
MTH/BTC,1622885097482,2021-06-05T09:24:57.482Z,buy,6.6e-07,2878.0,0.00189948
MTH/BTC,1622885188469,2021-06-05T09:26:28.469Z,sell,6.5e-07,200.0,0.00013000000000000002
MTH/BTC,1622885210659,2021-06-05T09:26:50.659Z,sell,6.5e-07,896.0,0.0005824000000000001
MTH/BTC,1622885324263,2021-06-05T09:28:44.263Z,buy,6.6e-07,2000.0,0.00132
MTH/BTC,1622885874569,2021-06-05T09:37:54.569Z,buy,6.6e-07,7690.0,0.0050754
MTH/BTC,1622885935887,2021-06-05T09:38:55.887Z,sell,6.5e-07,1477.0,0.00096005
MTH/BTC,1622886012970,2021-06-05T09:40:12.970Z,sell,6.5e-07,1549.0,0.00100685
MTH/BTC,1622886059610,2021-06-05T09:40:59.610Z,sell,6.5e-07,8577.0,0.00557505
MTH/BTC,1622886350115,2021-06-05T09:45:50.115Z,buy,6.6e-07,298.0,0.00019668000000000002
MTH/BTC,1622886621094,2021-06-05T09:50:21.094Z,buy,6.6e-07,100000.0,0.066
MTH/BTC,1622886685499,2021-06-05T09:51:25.499Z,buy,6.6e-07,7593.0,0.00501138
MTH/BTC,1622886723801,2021-06-05T09:52:03.801Z,buy,6.6e-07,8102.0,0.00534732
MTH/BTC,1622886729812,2021-06-05T09:52:09.812Z,buy,6.6e-07,146093.0,0.09642138
MTH/BTC,1622886732823,2021-06-05T09:52:12.823Z,buy,6.6e-07,37625.0,0.0248325
MTH/BTC,1622886734968,2021-06-05T09:52:14.968Z,buy,6.6e-07,36880.0,0.024340800000000003
MTH/BTC,1622886735182,2021-06-05T09:52:15.182Z,buy,6.6e-07,42423.0,0.027999180000000002
MTH/BTC,1622886735795,2021-06-05T09:52:15.795Z,buy,6.6e-07,36150.0,0.023859
MTH/BTC,1622886804756,2021-06-05T09:53:24.756Z,buy,6.6e-07,3944.0,0.00260304
MTH/BTC,1622886907908,2021-06-05T09:55:07.908Z,buy,6.6e-07,6296.0,0.00415536
MTH/BTC,1622886910816,2021-06-05T09:55:10.816Z,buy,6.6e-07,332.0,0.00021912
MTH/BTC,1622886955110,2021-06-05T09:55:55.110Z,buy,6.6e-07,18113.0,0.011954580000000001
MTH/BTC,1622887393572,2021-06-05T10:03:13.572Z,buy,6.6e-07,3866.0,0.00255156
MTH/BTC,1622887413804,2021-06-05T10:03:33.804Z,buy,6.6e-07,4722.0,0.0031165200000000002
MTH/BTC,1622887483991,2021-06-05T10:04:43.991Z,buy,6.6e-07,495.0,0.0003267
MTH/BTC,1622887534727,2021-06-05T10:05:34.727Z,buy,6.6e-07,5985.0,0.0039501
MTH/BTC,1622887534727,2021-06-05T10:05:34.727Z,buy,6.7e-07,9247.0,0.0061954900000000005
MTH/BTC,1622887574340,2021-06-05T10:06:14.340Z,buy,6.7e-07,5059.0,0.0033895300000000004
MTH/BTC,1622887623714,2021-06-05T10:07:03.714Z,sell,6.5e-07,9238.0,0.0060047
MTH/BTC,1622887872288,2021-06-05T10:11:12.288Z,sell,6.6e-07,6060.0,0.0039996
MTH/BTC,1622887872288,2021-06-05T10:11:12.288Z,sell,6.5e-07,101302.0,0.0658463
MTH/BTC,1622887914858,2021-06-05T10:11:54.858Z,sell,6.5e-07,29940.0,0.019461
MTH/BTC,1622888007621,2021-06-05T10:13:27.621Z,sell,6.5e-07,455.0,0.00029575
MTH/BTC,1622888022869,2021-06-05T10:13:42.869Z,sell,6.5e-07,3900.0,0.002535
MTH/BTC,1622888022869,2021-06-05T10:13:42.869Z,sell,6.5e-07,3900.0,0.002535
MTH/BTC,1622888118364,2021-06-05T10:15:18.364Z,sell,6.5e-07,1327.0,0.00086255
MTH/BTC,1622888140884,2021-06-05T10:15:40.884Z,sell,6.5e-07,1000.0,0.00065
MTH/BTC,1622888487270,2021-06-05T10:21:27.270Z,sell,6.5e-07,650.0,0.0004225
MTH/BTC,1622889198236,2021-06-05T10:33:18.236Z,buy,6.6e-07,207259.0,0.13679094
MTH/BTC,1622889198869,2021-06-05T10:33:18.869Z,buy,6.6e-07,304.0,0.00020064
MTH/BTC,1622890057115,2021-06-05T10:47:37.115Z,buy,6.6e-07,7726.0,0.00509916
MTH/BTC,1622890357401,2021-06-05T10:52:37.401Z,buy,6.6e-07,624.0,0.00041184
MTH/BTC,1622890587385,2021-06-05T10:56:27.385Z,buy,6.6e-07,1955.0,0.0012903
MTH/BTC,1622891026030,2021-06-05T11:03:46.030Z,buy,6.6e-07,1777.0,0.00117282
MTH/BTC,1622891030336,2021-06-05T11:03:50.336Z,sell,6.5e-07,850.0,0.0005525
MTH/BTC,1622891474886,2021-06-05T11:11:14.886Z,buy,6.6e-07,3500.0,0.00231
MTH/BTC,1622891527619,2021-06-05T11:12:07.619Z,sell,6.5e-07,1568.0,0.0010192
MTH/BTC,1622891537354,2021-06-05T11:12:17.354Z,buy,6.6e-07,50976.0,0.03364416
MTH/BTC,1622891537354,2021-06-05T11:12:17.354Z,buy,6.7e-07,40187.0,0.02692529
MTH/BTC,1622891577414,2021-06-05T11:12:57.414Z,sell,6.5e-07,1010.0,0.0006565000000000001
MTH/BTC,1622891577414,2021-06-05T11:12:57.414Z,sell,6.5e-07,1010.0,0.0006565000000000001
MTH/BTC,1622891764229,2021-06-05T11:16:04.229Z,buy,6.7e-07,4098.0,0.00274566
MTH/BTC,1622891863194,2021-06-05T11:17:43.194Z,sell,6.5e-07,981.0,0.00063765
MTH/BTC,1622892180681,2021-06-05T11:23:00.681Z,sell,6.5e-07,386.0,0.0002509
MTH/BTC,1622892180999,2021-06-05T11:23:00.999Z,sell,6.5e-07,736.0,0.00047840000000000003
MTH/BTC,1622892313411,2021-06-05T11:25:13.411Z,sell,6.5e-07,2050.0,0.0013325000000000001
MTH/BTC,1622892505762,2021-06-05T11:28:25.762Z,sell,6.5e-07,6356.0,0.0041314
MTH/BTC,1622892668682,2021-06-05T11:31:08.682Z,sell,6.5e-07,75000.0,0.04875
MTH/BTC,1622893612504,2021-06-05T11:46:52.504Z,sell,6.5e-07,1300.0,0.000845
MTH/BTC,1622894055631,2021-06-05T11:54:15.631Z,sell,6.5e-07,521.0,0.00033865
MTH/BTC,1622894136846,2021-06-05T11:55:36.846Z,sell,6.5e-07,5629.0,0.00365885
MTH/BTC,1622894733766,2021-06-05T12:05:33.766Z,sell,6.5e-07,3390.0,0.0022035
MTH/BTC,1622894917570,2021-06-05T12:08:37.570Z,sell,6.5e-07,941.0,0.00061165
MTH/BTC,1622894917570,2021-06-05T12:08:37.570Z,sell,6.5e-07,941.0,0.00061165
MTH/BTC,1622895203784,2021-06-05T12:13:23.784Z,sell,6.5e-07,1552.0,0.0010088
MTH/BTC,1622895509290,2021-06-05T12:18:29.290Z,sell,6.5e-07,1538.0,0.0009997
MTH/BTC,1622895648480,2021-06-05T12:20:48.480Z,sell,6.5e-07,592.0,0.00038480000000000003
MTH/BTC,1622895891333,2021-06-05T12:24:51.333Z,sell,6.5e-07,16765.0,0.01089725
MTH/BTC,1622896707108,2021-06-05T12:38:27.108Z,buy,6.6e-07,15151.0,0.00999966
MTH/BTC,1622897180691,2021-06-05T12:46:20.691Z,sell,6.5e-07,155.0,0.00010075000000000001
MTH/BTC,1622897252388,2021-06-05T12:47:32.388Z,buy,6.6e-07,1000.0,0.00066
MTH/BTC,1622897385025,2021-06-05T12:49:45.025Z,buy,6.6e-07,574.0,0.00037884
MTH/BTC,1622897447446,2021-06-05T12:50:47.446Z,sell,6.5e-07,331.0,0.00021515
MTH/BTC,1622897457116,2021-06-05T12:50:57.116Z,buy,6.6e-07,1259.0,0.0008309400000000001
MTH/BTC,1622897687940,2021-06-05T12:54:47.940Z,buy,6.6e-07,1838.0,0.00121308
MTH/BTC,1622897908206,2021-06-05T12:58:28.206Z,buy,6.6e-07,1294.0,0.00085404
MTH/BTC,1622898146078,2021-06-05T13:02:26.078Z,sell,6.5e-07,228.0,0.0001482
MTH/BTC,1622898187905,2021-06-05T13:03:07.905Z,sell,6.5e-07,120519.0,0.07833735
MTH/BTC,1622898222770,2021-06-05T13:03:42.770Z,sell,6.5e-07,2047.0,0.00133055
MTH/BTC,1622898494906,2021-06-05T13:08:14.906Z,sell,6.5e-07,13472.0,0.0087568
MTH/BTC,1622898494906,2021-06-05T13:08:14.906Z,sell,6.5e-07,13472.0,0.0087568
MTH/BTC,1622898874380,2021-06-05T13:14:34.380Z,sell,6.5e-07,218.0,0.0001417
MTH/BTC,1622899075254,2021-06-05T13:17:55.254Z,sell,6.5e-07,373.0,0.00024245
MTH/BTC,1622899104891,2021-06-05T13:18:24.891Z,buy,6.6e-07,462.0,0.00030492000000000003
MTH/BTC,1622899557839,2021-06-05T13:25:57.839Z,sell,6.5e-07,3055.0,0.00198575
MTH/BTC,1622899701449,2021-06-05T13:28:21.449Z,sell,6.5e-07,9369.0,0.00608985
MTH/BTC,1622899834590,2021-06-05T13:30:34.590Z,sell,6.5e-07,4581.0,0.00297765
MTH/BTC,1622899941759,2021-06-05T13:32:21.759Z,sell,6.5e-07,939.0,0.0006103500000000001
MTH/BTC,1622900288903,2021-06-05T13:38:08.903Z,sell,6.5e-07,222.0,0.0001443
MTH/BTC,1622900366418,2021-06-05T13:39:26.418Z,sell,6.5e-07,42067.0,0.02734355
MTH/BTC,1622900528156,2021-06-05T13:42:08.156Z,sell,6.5e-07,664.0,0.00043160000000000003
MTH/BTC,1622900573337,2021-06-05T13:42:53.337Z,sell,6.5e-07,59652.0,0.038773800000000004
MTH/BTC,1622900713665,2021-06-05T13:45:13.665Z,sell,6.5e-07,67960.0,0.044174000000000005
MTH/BTC,1622900859199,2021-06-05T13:47:39.199Z,sell,6.5e-07,2725.0,0.00177125
MTH/BTC,1622901309929,2021-06-05T13:55:09.929Z,sell,6.5e-07,1507.0,0.00097955
MTH/BTC,1622901415663,2021-06-05T13:56:55.663Z,sell,6.5e-07,3277.0,0.00213005
MTH/BTC,1622901540521,2021-06-05T13:59:00.521Z,sell,6.5e-07,191.0,0.00012415
MTH/BTC,1622901845069,2021-06-05T14:04:05.069Z,sell,6.5e-07,382.0,0.0002483
MTH/BTC,1622901845069,2021-06-05T14:04:05.069Z,sell,6.5e-07,382.0,0.0002483
MTH/BTC,1622902282020,2021-06-05T14:11:22.020Z,sell,6.5e-07,1148.0,0.0007462
MTH/BTC,1622902438338,2021-06-05T14:13:58.338Z,buy,6.6e-07,915.0,0.0006039
MTH/BTC,1622902751856,2021-06-05T14:19:11.856Z,buy,6.6e-07,228.0,0.00015048
MTH/BTC,1622902819082,2021-06-05T14:20:19.082Z,buy,6.6e-07,1358.0,0.0008962800000000001
MTH/BTC,1622902851545,2021-06-05T14:20:51.545Z,buy,6.6e-07,5397.0,0.0035620200000000004
MTH/BTC,1622902866511,2021-06-05T14:21:06.511Z,sell,6.5e-07,1066.0,0.0006929
MTH/BTC,1622903545846,2021-06-05T14:32:25.846Z,buy,6.6e-07,44117.0,0.029117220000000003
MTH/BTC,1622905252512,2021-06-05T15:00:52.512Z,sell,6.5e-07,5049.0,0.0032818500000000002
MTH/BTC,1622905422830,2021-06-05T15:03:42.830Z,sell,6.5e-07,989.0,0.00064285
MTH/BTC,1622905422830,2021-06-05T15:03:42.830Z,sell,6.5e-07,989.0,0.00064285
MTH/BTC,1622905912491,2021-06-05T15:11:52.491Z,sell,6.5e-07,610.0,0.0003965
MTH/BTC,1622906714208,2021-06-05T15:25:14.208Z,buy,6.6e-07,465.0,0.00030690000000000003
MTH/BTC,1622906870079,2021-06-05T15:27:50.079Z,sell,6.5e-07,1846.0,0.0011999
MTH/BTC,1622907243612,2021-06-05T15:34:03.612Z,buy,6.6e-07,880.0,0.0005808
MTH/BTC,1622907289176,2021-06-05T15:34:49.176Z,buy,6.6e-07,4266.0,0.00281556
MTH/BTC,1622907390734,2021-06-05T15:36:30.734Z,buy,6.6e-07,3136.0,0.00206976
MTH/BTC,1622907433274,2021-06-05T15:37:13.274Z,buy,6.6e-07,5347.0,0.0035290200000000003
MTH/BTC,1622907529360,2021-06-05T15:38:49.360Z,sell,6.5e-07,237.0,0.00015405
MTH/BTC,1622907531775,2021-06-05T15:38:51.775Z,sell,6.5e-07,610.0,0.0003965
MTH/BTC,1622907705532,2021-06-05T15:41:45.532Z,sell,6.5e-07,472.0,0.00030680000000000003
MTH/BTC,1622908334222,2021-06-05T15:52:14.222Z,sell,6.5e-07,1298.0,0.0008437000000000001
MTH/BTC,1622908334222,2021-06-05T15:52:14.222Z,sell,6.5e-07,1298.0,0.0008437000000000001
MTH/BTC,1622909031871,2021-06-05T16:03:51.871Z,sell,6.5e-07,1100.0,0.000715
MTH/BTC,1622909218409,2021-06-05T16:06:58.409Z,sell,6.5e-07,3262.0,0.0021203
MTH/BTC,1622910111257,2021-06-05T16:21:51.257Z,buy,6.6e-07,2245.0,0.0014817
MTH/BTC,1622910111257,2021-06-05T16:21:51.257Z,buy,6.6e-07,194.0,0.00012804
MTH/BTC,1622910154243,2021-06-05T16:22:34.243Z,sell,6.5e-07,2242.0,0.0014573000000000001
MTH/BTC,1622910487929,2021-06-05T16:28:07.929Z,sell,6.5e-07,632.0,0.0004108
MTH/BTC,1622910885496,2021-06-05T16:34:45.496Z,buy,6.6e-07,1131.0,0.00074646
MTH/BTC,1622911733259,2021-06-05T16:48:53.259Z,buy,6.6e-07,566.0,0.00037356
MTH/BTC,1622911785407,2021-06-05T16:49:45.407Z,buy,6.6e-07,304.0,0.00020064
MTH/BTC,1622911785407,2021-06-05T16:49:45.407Z,buy,6.6e-07,304.0,0.00020064
MTH/BTC,1622912085129,2021-06-05T16:54:45.129Z,buy,6.6e-07,2575.0,0.0016995
MTH/BTC,1622912917121,2021-06-05T17:08:37.121Z,buy,6.6e-07,41682.0,0.027510120000000002
MTH/BTC,1622913135125,2021-06-05T17:12:15.125Z,buy,6.6e-07,1319.0,0.00087054
MTH/BTC,1622913513981,2021-06-05T17:18:33.981Z,buy,6.6e-07,2046.0,0.00135036
MTH/BTC,1622913797444,2021-06-05T17:23:17.444Z,sell,6.5e-07,1000.0,0.00065
MTH/BTC,1622914479977,2021-06-05T17:34:39.977Z,buy,6.6e-07,2288.0,0.00151008
MTH/BTC,1622914770100,2021-06-05T17:39:30.100Z,sell,6.5e-07,10538.0,0.0068497
MTH/BTC,1622914851600,2021-06-05T17:40:51.600Z,sell,6.5e-07,5341.0,0.00347165
MTH/BTC,1622914890476,2021-06-05T17:41:30.476Z,sell,6.5e-07,11096.0,0.0072124
MTH/BTC,1622915014266,2021-06-05T17:43:34.266Z,sell,6.5e-07,2285.0,0.00148525
MTH/BTC,1622915014266,2021-06-05T17:43:34.266Z,sell,6.5e-07,2285.0,0.00148525
MTH/BTC,1622915702271,2021-06-05T17:55:02.271Z,sell,6.5e-07,1786.0,0.0011609
MTH/BTC,1622916347785,2021-06-05T18:05:47.785Z,buy,6.6e-07,154.0,0.00010164000000000001
MTH/BTC,1622916493373,2021-06-05T18:08:13.373Z,sell,6.5e-07,300.0,0.000195
MTH/BTC,1622917076774,2021-06-05T18:17:56.774Z,buy,6.6e-07,127837.0,0.08437242
MTH/BTC,1622917098940,2021-06-05T18:18:18.940Z,buy,6.6e-07,147616.0,0.09742656000000001
MTH/BTC,1622917101595,2021-06-05T18:18:21.595Z,buy,6.6e-07,62845.0,0.0414777
MTH/BTC,1622917108249,2021-06-05T18:18:28.249Z,buy,6.6e-07,54039.0,0.03566574
MTH/BTC,1622917148238,2021-06-05T18:19:08.238Z,buy,6.7e-07,46783.0,0.03134461
MTH/BTC,1622917175339,2021-06-05T18:19:35.339Z,sell,6.6e-07,4541.0,0.00299706
MTH/BTC,1622917222605,2021-06-05T18:20:22.605Z,buy,6.7e-07,1297.0,0.00086899
MTH/BTC,1622917354583,2021-06-05T18:22:34.583Z,buy,6.7e-07,7455.0,0.00499485
MTH/BTC,1622917396560,2021-06-05T18:23:16.560Z,buy,6.7e-07,9972.0,0.006681240000000001
MTH/BTC,1622917564580,2021-06-05T18:26:04.580Z,buy,6.7e-07,250.0,0.0001675
MTH/BTC,1622917807754,2021-06-05T18:30:07.754Z,sell,6.6e-07,9962.0,0.006574920000000001
MTH/BTC,1622917813873,2021-06-05T18:30:13.873Z,sell,6.6e-07,36503.0,0.024091980000000002
MTH/BTC,1622917839072,2021-06-05T18:30:39.072Z,sell,6.5e-07,62782.0,0.0408083
MTH/BTC,1622917847708,2021-06-05T18:30:47.708Z,sell,6.5e-07,110982.0,0.0721383
MTH/BTC,1622917953757,2021-06-05T18:32:33.757Z,buy,6.6e-07,54596.0,0.03603336
MTH/BTC,1622917954176,2021-06-05T18:32:34.176Z,buy,6.7e-07,299.0,0.00020033
MTH/BTC,1622917959664,2021-06-05T18:32:39.664Z,sell,6.6e-07,15687.0,0.01035342
MTH/BTC,1622918234063,2021-06-05T18:37:14.063Z,sell,6.6e-07,23092.0,0.015240720000000001
MTH/BTC,1622918300019,2021-06-05T18:38:20.019Z,buy,6.7e-07,5086.0,0.00340762
MTH/BTC,1622918386193,2021-06-05T18:39:46.193Z,buy,6.7e-07,828.0,0.0005547600000000001
MTH/BTC,1622918420093,2021-06-05T18:40:20.093Z,buy,6.7e-07,4801.0,0.00321667
MTH/BTC,1622918420093,2021-06-05T18:40:20.093Z,buy,6.7e-07,4801.0,0.00321667
MTH/BTC,1622918642828,2021-06-05T18:44:02.828Z,sell,6.6e-07,249.0,0.00016434000000000002
MTH/BTC,1622920914631,2021-06-05T19:21:54.631Z,sell,6.6e-07,2502.0,0.0016513200000000002
MTH/BTC,1622921104650,2021-06-05T19:25:04.650Z,buy,6.7e-07,1493.0,0.0010003100000000001
MTH/BTC,1622921375076,2021-06-05T19:29:35.076Z,sell,6.6e-07,491.0,0.00032406000000000004
MTH/BTC,1622921375076,2021-06-05T19:29:35.076Z,sell,6.6e-07,491.0,0.00032406000000000004
MTH/BTC,1622922064523,2021-06-05T19:41:04.523Z,sell,6.6e-07,7682.0,0.00507012
MTH/BTC,1622922823693,2021-06-05T19:53:43.693Z,sell,6.6e-07,6195.0,0.0040887
MTH/BTC,1622923066132,2021-06-05T19:57:46.132Z,buy,6.7e-07,150.0,0.0001005
MTH/BTC,1622923259118,2021-06-05T20:00:59.118Z,buy,6.7e-07,1000.0,0.00067
MTH/BTC,1622923275438,2021-06-05T20:01:15.438Z,buy,6.7e-07,184.0,0.00012328
MTH/BTC,1622923287311,2021-06-05T20:01:27.311Z,sell,6.6e-07,3941.0,0.00260106
MTH/BTC,1622923495895,2021-06-05T20:04:55.895Z,buy,6.7e-07,3863.0,0.00258821
MTH/BTC,1622923592362,2021-06-05T20:06:32.362Z,sell,6.6e-07,18448.0,0.012175680000000001
MTH/BTC,1622923989290,2021-06-05T20:13:09.290Z,buy,6.7e-07,83148.0,0.05570916
MTH/BTC,1622924463675,2021-06-05T20:21:03.675Z,buy,6.7e-07,151.0,0.00010117000000000001
MTH/BTC,1622924520293,2021-06-05T20:22:00.293Z,sell,6.6e-07,1573.0,0.00103818
MTH/BTC,1622924844224,2021-06-05T20:27:24.224Z,buy,6.7e-07,19412.0,0.013006040000000002
MTH/BTC,1622924844224,2021-06-05T20:27:24.224Z,buy,6.7e-07,19412.0,0.013006040000000002
MTH/BTC,1622925014879,2021-06-05T20:30:14.879Z,sell,6.6e-07,750.0,0.000495
MTH/BTC,1622925106680,2021-06-05T20:31:46.680Z,sell,6.6e-07,344.0,0.00022704000000000002
MTH/BTC,1622925442523,2021-06-05T20:37:22.523Z,sell,6.6e-07,7914.0,0.0052232400000000005
MTH/BTC,1622926223988,2021-06-05T20:50:23.988Z,sell,6.6e-07,1270.0,0.0008382
MTH/BTC,1622927078370,2021-06-05T21:04:38.370Z,buy,6.7e-07,1005.0,0.0006733500000000001
MTH/BTC,1622927078370,2021-06-05T21:04:38.370Z,buy,6.7e-07,1005.0,0.0006733500000000001
MTH/BTC,1622928490273,2021-06-05T21:28:10.273Z,sell,6.6e-07,8160.0,0.0053856
MTH/BTC,1622929038200,2021-06-05T21:37:18.200Z,sell,6.6e-07,70216.0,0.046342560000000005
MTH/BTC,1622929580394,2021-06-05T21:46:20.394Z,sell,6.6e-07,156.0,0.00010296
MTH/BTC,1622929848309,2021-06-05T21:50:48.309Z,buy,6.7e-07,22813.0,0.015284710000000002
MTH/BTC,1622930239368,2021-06-05T21:57:19.368Z,buy,6.7e-07,1276.0,0.00085492
MTH/BTC,1622930395558,2021-06-05T21:59:55.558Z,sell,6.6e-07,6123.0,0.00404118
MTH/BTC,1622930647717,2021-06-05T22:04:07.717Z,sell,6.6e-07,266.0,0.00017556
MTH/BTC,1622930647717,2021-06-05T22:04:07.717Z,sell,6.6e-07,266.0,0.00017556
MTH/BTC,1622930789736,2021-06-05T22:06:29.736Z,sell,6.6e-07,1263.0,0.00083358
MTH/BTC,1622931406326,2021-06-05T22:16:46.326Z,buy,6.7e-07,180680.0,0.12105560000000001
MTH/BTC,1622931406956,2021-06-05T22:16:46.956Z,buy,6.8e-07,295.0,0.0002006
MTH/BTC,1622931412635,2021-06-05T22:16:52.635Z,sell,6.7e-07,3595.0,0.00240865
MTH/BTC,1622931412914,2021-06-05T22:16:52.914Z,sell,6.7e-07,4022.0,0.00269474
MTH/BTC,1622931424040,2021-06-05T22:17:04.040Z,sell,6.7e-07,3344.0,0.00224048
MTH/BTC,1622931425649,2021-06-05T22:17:05.649Z,sell,6.7e-07,60514.0,0.040544380000000005
MTH/BTC,1622931427410,2021-06-05T22:17:07.410Z,sell,6.7e-07,1492.0,0.00099964
MTH/BTC,1622931486563,2021-06-05T22:18:06.563Z,buy,6.8e-07,312.0,0.00021215999999999997
MTH/BTC,1622931720127,2021-06-05T22:22:00.127Z,sell,6.7e-07,1000.0,0.00067
MTH/BTC,1622931967867,2021-06-05T22:26:07.867Z,sell,6.7e-07,1262.0,0.0008455400000000001
MTH/BTC,1622932118946,2021-06-05T22:28:38.946Z,sell,6.7e-07,3811.0,0.00255337
MTH/BTC,1622932179862,2021-06-05T22:29:39.862Z,buy,6.8e-07,371.0,0.00025227999999999996
MTH/BTC,1622932224665,2021-06-05T22:30:24.665Z,buy,6.8e-07,951.0,0.00064668
MTH/BTC,1622932341487,2021-06-05T22:32:21.487Z,sell,6.7e-07,482.0,0.00032294
MTH/BTC,1622932356986,2021-06-05T22:32:36.986Z,sell,6.7e-07,469.0,0.00031423000000000003
MTH/BTC,1622932438466,2021-06-05T22:33:58.466Z,buy,6.8e-07,1240.0,0.0008431999999999999
MTH/BTC,1622932879967,2021-06-05T22:41:19.967Z,buy,6.8e-07,149.0,0.00010132
MTH/BTC,1622933310036,2021-06-05T22:48:30.036Z,sell,6.7e-07,215.0,0.00014405
MTH/BTC,1622933416791,2021-06-05T22:50:16.791Z,sell,6.7e-07,2747.0,0.0018404900000000002
MTH/BTC,1622933478291,2021-06-05T22:51:18.291Z,buy,6.8e-07,303.0,0.00020603999999999997
MTH/BTC,1622933484184,2021-06-05T22:51:24.184Z,buy,6.8e-07,413.0,0.00028084
MTH/BTC,1622933484187,2021-06-05T22:51:24.187Z,buy,6.8e-07,1652.0,0.00112336
MTH/BTC,1622933487557,2021-06-05T22:51:27.557Z,buy,6.8e-07,2898.0,0.00197064
MTH/BTC,1622933487661,2021-06-05T22:51:27.661Z,buy,6.8e-07,17804.0,0.01210672
MTH/BTC,1622933487814,2021-06-05T22:51:27.814Z,buy,6.8e-07,38647.0,0.026279959999999998
MTH/BTC,1622933494062,2021-06-05T22:51:34.062Z,buy,6.8e-07,8539.0,0.00580652
MTH/BTC,1622933494076,2021-06-05T22:51:34.076Z,buy,6.8e-07,8105.0,0.0055114
MTH/BTC,1622933494080,2021-06-05T22:51:34.080Z,buy,6.8e-07,3923.0,0.0026676399999999998
MTH/BTC,1622933494093,2021-06-05T22:51:34.093Z,buy,6.8e-07,1958.0,0.00133144
MTH/BTC,1622933494192,2021-06-05T22:51:34.192Z,buy,6.8e-07,2712.0,0.0018441599999999999
MTH/BTC,1622933494194,2021-06-05T22:51:34.194Z,buy,6.8e-07,39540.0,0.026887199999999997
MTH/BTC,1622933494210,2021-06-05T22:51:34.210Z,buy,6.8e-07,5456.0,0.0037100799999999997
MTH/BTC,1622933494226,2021-06-05T22:51:34.226Z,buy,6.8e-07,2555.0,0.0017373999999999998
MTH/BTC,1622933494236,2021-06-05T22:51:34.236Z,buy,6.8e-07,10331.0,0.0070250799999999995
MTH/BTC,1622933494240,2021-06-05T22:51:34.240Z,buy,6.8e-07,11987.0,0.00815116
MTH/BTC,1622933494395,2021-06-05T22:51:34.395Z,buy,6.8e-07,33748.0,0.02294864
MTH/BTC,1622933494396,2021-06-05T22:51:34.396Z,buy,6.8e-07,2208.0,0.00150144
MTH/BTC,1622933494397,2021-06-05T22:51:34.397Z,buy,6.8e-07,39540.0,0.026887199999999997
MTH/BTC,1622933494407,2021-06-05T22:51:34.407Z,buy,6.8e-07,5822.0,0.00395896
MTH/BTC,1622933494409,2021-06-05T22:51:34.409Z,buy,6.8e-07,12985.0,0.008829799999999999
MTH/BTC,1622933494424,2021-06-05T22:51:34.424Z,buy,6.8e-07,1452.0,0.0009873599999999998
MTH/BTC,1622933494438,2021-06-05T22:51:34.438Z,buy,6.8e-07,24321.0,0.01653828
MTH/BTC,1622933494493,2021-06-05T22:51:34.493Z,buy,6.8e-07,3902.0,0.00265336
MTH/BTC,1622933494511,2021-06-05T22:51:34.511Z,buy,6.8e-07,1304.0,0.0008867199999999999
MTH/BTC,1622933494536,2021-06-05T22:51:34.536Z,buy,6.8e-07,10804.0,0.007346719999999999
MTH/BTC,1622933494537,2021-06-05T22:51:34.537Z,buy,6.8e-07,2804.0,0.0019067199999999998
MTH/BTC,1622933494539,2021-06-05T22:51:34.539Z,buy,6.8e-07,8874.0,0.006034319999999999
MTH/BTC,1622933494541,2021-06-05T22:51:34.541Z,buy,6.8e-07,3215.0,0.0021861999999999997
MTH/BTC,1622933494543,2021-06-05T22:51:34.543Z,buy,6.8e-07,4578.0,0.0031130399999999996
MTH/BTC,1622933494582,2021-06-05T22:51:34.582Z,buy,6.8e-07,2119.0,0.0014409199999999998
MTH/BTC,1622933494627,2021-06-05T22:51:34.627Z,buy,6.8e-07,8213.0,0.00558484
MTH/BTC,1622933494630,2021-06-05T22:51:34.630Z,buy,6.8e-07,11327.0,0.007702359999999999
MTH/BTC,1622933494630,2021-06-05T22:51:34.630Z,buy,6.9e-07,12248.0,0.00845112
MTH/BTC,1622933494669,2021-06-05T22:51:34.669Z,buy,6.9e-07,266.0,0.00018354
MTH/BTC,1622933494916,2021-06-05T22:51:34.916Z,buy,6.9e-07,3728.0,0.00257232
MTH/BTC,1622933494919,2021-06-05T22:51:34.919Z,buy,6.9e-07,24522.0,0.01692018
MTH/BTC,1622933494922,2021-06-05T22:51:34.922Z,buy,6.9e-07,3632.0,0.00250608
MTH/BTC,1622933495718,2021-06-05T22:51:35.718Z,buy,6.9e-07,6693.0,0.00461817
MTH/BTC,1622933495756,2021-06-05T22:51:35.756Z,buy,6.9e-07,2187.0,0.00150903
MTH/BTC,1622933495766,2021-06-05T22:51:35.766Z,buy,6.9e-07,39540.0,0.027282599999999997
MTH/BTC,1622933495787,2021-06-05T22:51:35.787Z,buy,6.9e-07,2224.0,0.00153456
MTH/BTC,1622933495795,2021-06-05T22:51:35.795Z,buy,6.9e-07,11773.0,0.00812337
MTH/BTC,1622933495888,2021-06-05T22:51:35.888Z,buy,6.9e-07,4261.0,0.00294009
MTH/BTC,1622933496090,2021-06-05T22:51:36.090Z,buy,6.9e-07,1823.0,0.00125787
MTH/BTC,1622933499085,2021-06-05T22:51:39.085Z,sell,6.8e-07,295.0,0.0002006
MTH/BTC,1622933499085,2021-06-05T22:51:39.085Z,sell,6.7e-07,4407.0,0.00295269
MTH/BTC,1622933499791,2021-06-05T22:51:39.791Z,sell,6.7e-07,113415.0,0.07598805
MTH/BTC,1622933499803,2021-06-05T22:51:39.803Z,sell,6.7e-07,4519.0,0.00302773
MTH/BTC,1622933499813,2021-06-05T22:51:39.813Z,sell,6.7e-07,2418.0,0.0016200600000000002
MTH/BTC,1622933499820,2021-06-05T22:51:39.820Z,sell,6.7e-07,6140.0,0.0041138
MTH/BTC,1622933499828,2021-06-05T22:51:39.828Z,sell,6.7e-07,2418.0,0.0016200600000000002
MTH/BTC,1622933525109,2021-06-05T22:52:05.109Z,buy,6.8e-07,843.0,0.0005732399999999999
MTH/BTC,1622933539981,2021-06-05T22:52:19.981Z,buy,6.8e-07,2441.0,0.0016598799999999999
MTH/BTC,1622933539981,2021-06-05T22:52:19.981Z,buy,6.9e-07,2525.0,0.0017422499999999999
MTH/BTC,1622933563554,2021-06-05T22:52:43.554Z,sell,6.8e-07,154.0,0.00010471999999999999
MTH/BTC,1622933590669,2021-06-05T22:53:10.669Z,buy,6.9e-07,3404.0,0.0023487599999999997
MTH/BTC,1622933591226,2021-06-05T22:53:11.226Z,buy,6.9e-07,28985.0,0.019999649999999997
MTH/BTC,1622933611121,2021-06-05T22:53:31.121Z,buy,6.9e-07,31663.0,0.021847469999999997
MTH/BTC,1622933666017,2021-06-05T22:54:26.017Z,buy,6.9e-07,904.0,0.00062376
MTH/BTC,1622933666178,2021-06-05T22:54:26.178Z,buy,6.9e-07,6664.0,0.00459816
MTH/BTC,1622933666432,2021-06-05T22:54:26.432Z,buy,6.9e-07,5291.0,0.0036507899999999997
MTH/BTC,1622933667485,2021-06-05T22:54:27.485Z,buy,6.9e-07,10348.0,0.00714012
MTH/BTC,1622933744224,2021-06-05T22:55:44.224Z,sell,6.8e-07,1763.0,0.0011988399999999998
MTH/BTC,1622933785029,2021-06-05T22:56:25.029Z,buy,6.9e-07,11983.0,0.00826827
MTH/BTC,1622933785029,2021-06-05T22:56:25.029Z,buy,6.9e-07,1803.0,0.00124407
MTH/BTC,1622933785746,2021-06-05T22:56:25.746Z,buy,6.9e-07,5797.0,0.00399993
MTH/BTC,1622933790921,2021-06-05T22:56:30.921Z,sell,6.8e-07,46164.0,0.03139152
MTH/BTC,1622933845104,2021-06-05T22:57:25.104Z,buy,6.8e-07,4053.0,0.00275604
MTH/BTC,1622933938161,2021-06-05T22:58:58.161Z,sell,6.7e-07,20000.0,0.0134
MTH/BTC,1622933963105,2021-06-05T22:59:23.105Z,sell,6.7e-07,453.0,0.00030351
MTH/BTC,1622933983799,2021-06-05T22:59:43.799Z,buy,6.8e-07,1166.0,0.0007928799999999999
MTH/BTC,1622934225267,2021-06-05T23:03:45.267Z,sell,6.7e-07,1624.0,0.0010880800000000002
MTH/BTC,1622934231122,2021-06-05T23:03:51.122Z,sell,6.7e-07,679.0,0.00045493000000000004
MTH/BTC,1622934242954,2021-06-05T23:04:02.954Z,sell,6.7e-07,31635.0,0.02119545
MTH/BTC,1622934242954,2021-06-05T23:04:02.954Z,sell,6.7e-07,31635.0,0.02119545
MTH/BTC,1622934502659,2021-06-05T23:08:22.659Z,buy,6.8e-07,393.0,0.00026723999999999997
MTH/BTC,1622934615452,2021-06-05T23:10:15.452Z,sell,6.7e-07,150.0,0.0001005
MTH/BTC,1622934761521,2021-06-05T23:12:41.521Z,buy,6.8e-07,1667.0,0.0011335599999999998
MTH/BTC,1622934889523,2021-06-05T23:14:49.523Z,buy,6.8e-07,147.0,9.996e-05
MTH/BTC,1622934910494,2021-06-05T23:15:10.494Z,buy,6.8e-07,310.0,0.00021079999999999997
MTH/BTC,1622934951756,2021-06-05T23:15:51.756Z,buy,6.8e-07,2211.0,0.00150348
MTH/BTC,1622935947266,2021-06-05T23:32:27.266Z,buy,6.8e-07,300.0,0.00020399999999999997
MTH/BTC,1622936203470,2021-06-05T23:36:43.470Z,buy,6.8e-07,163.0,0.00011083999999999999
MTH/BTC,1622936371936,2021-06-05T23:39:31.936Z,sell,6.7e-07,1000.0,0.00067
MTH/BTC,1622936956195,2021-06-05T23:49:16.195Z,sell,6.7e-07,88146.0,0.059057820000000004
MTH/BTC,1622937029538,2021-06-05T23:50:29.538Z,sell,6.7e-07,254409.0,0.17045403
MTH/BTC,1622937459813,2021-06-05T23:57:39.813Z,buy,6.8e-07,462.0,0.00031415999999999996
MTH/BTC,1622937487641,2021-06-05T23:58:07.641Z,sell,6.7e-07,462.0,0.00030954
MTH/BTC,1622937487641,2021-06-05T23:58:07.641Z,sell,6.7e-07,462.0,0.00030954
MTH/BTC,1622937882129,2021-06-06T00:04:42.129Z,buy,6.8e-07,4644.0,0.00315792
MTH/BTC,1622937999879,2021-06-06T00:06:39.879Z,sell,6.7e-07,11089.0,0.0074296300000000004
MTH/BTC,1622938118165,2021-06-06T00:08:38.165Z,buy,6.8e-07,21672.0,0.014736959999999999
MTH/BTC,1622938550463,2021-06-06T00:15:50.463Z,sell,6.7e-07,1317.0,0.00088239
MTH/BTC,1622938686338,2021-06-06T00:18:06.338Z,buy,6.8e-07,6145.0,0.004178599999999999
MTH/BTC,1622939020335,2021-06-06T00:23:40.335Z,buy,6.8e-07,1500.0,0.0010199999999999999
MTH/BTC,1622939111164,2021-06-06T00:25:11.164Z,buy,6.8e-07,1500.0,0.0010199999999999999
MTH/BTC,1622939245244,2021-06-06T00:27:25.244Z,buy,6.8e-07,750.0,0.0005099999999999999
MTH/BTC,1622939354346,2021-06-06T00:29:14.346Z,buy,6.8e-07,1838.0,0.00124984
MTH/BTC,1622939414514,2021-06-06T00:30:14.514Z,buy,6.8e-07,4002.0,0.00272136
MTH/BTC,1622939562119,2021-06-06T00:32:42.119Z,buy,6.8e-07,734.0,0.0004991199999999999
MTH/BTC,1622939605618,2021-06-06T00:33:25.618Z,buy,6.8e-07,266.0,0.00018088
MTH/BTC,1622939669490,2021-06-06T00:34:29.490Z,buy,6.8e-07,12146.0,0.008259279999999999
MTH/BTC,1622939834621,2021-06-06T00:37:14.621Z,buy,6.8e-07,1076.0,0.00073168
MTH/BTC,1622939861661,2021-06-06T00:37:41.661Z,sell,6.7e-07,500.0,0.000335
MTH/BTC,1622940515894,2021-06-06T00:48:35.894Z,buy,6.8e-07,632.0,0.00042975999999999995
MTH/BTC,1622940661445,2021-06-06T00:51:01.445Z,sell,6.7e-07,200.0,0.000134
MTH/BTC,1622940779262,2021-06-06T00:52:59.262Z,buy,6.8e-07,409.0,0.00027812
MTH/BTC,1622941042162,2021-06-06T00:57:22.162Z,buy,6.8e-07,1470.0,0.0009996
MTH/BTC,1622941042162,2021-06-06T00:57:22.162Z,buy,6.8e-07,1470.0,0.0009996
MTH/BTC,1622941299848,2021-06-06T01:01:39.848Z,buy,6.8e-07,500.0,0.00033999999999999997
MTH/BTC,1622941419614,2021-06-06T01:03:39.614Z,sell,6.7e-07,1595.0,0.00106865
MTH/BTC,1622942669573,2021-06-06T01:24:29.573Z,sell,6.7e-07,4521.0,0.00302907
MTH/BTC,1622942700364,2021-06-06T01:25:00.364Z,buy,6.8e-07,4566.0,0.00310488
MTH/BTC,1622942746999,2021-06-06T01:25:46.999Z,sell,6.7e-07,4514.0,0.00302438
MTH/BTC,1622942887086,2021-06-06T01:28:07.086Z,sell,6.7e-07,4559.0,0.00305453
MTH/BTC,1622943105375,2021-06-06T01:31:45.375Z,buy,6.8e-07,1943.0,0.00132124
MTH/BTC,1622943130051,2021-06-06T01:32:10.051Z,sell,6.7e-07,64922.0,0.04349774
MTH/BTC,1622943419298,2021-06-06T01:36:59.298Z,buy,6.8e-07,1000.0,0.0006799999999999999
MTH/BTC,1622943444679,2021-06-06T01:37:24.679Z,buy,6.8e-07,1000.0,0.0006799999999999999
MTH/BTC,1622943753352,2021-06-06T01:42:33.352Z,buy,6.8e-07,331.0,0.00022507999999999998
MTH/BTC,1622943951090,2021-06-06T01:45:51.090Z,buy,6.8e-07,4488.0,0.0030518399999999997
MTH/BTC,1622944298977,2021-06-06T01:51:38.977Z,buy,6.8e-07,214.0,0.00014551999999999998
MTH/BTC,1622944368687,2021-06-06T01:52:48.687Z,buy,6.8e-07,2176.0,0.00147968
MTH/BTC,1622944528687,2021-06-06T01:55:28.687Z,sell,6.7e-07,463.0,0.00031021
MTH/BTC,1622944528687,2021-06-06T01:55:28.687Z,sell,6.7e-07,463.0,0.00031021
MTH/BTC,1622945015669,2021-06-06T02:03:35.669Z,sell,6.7e-07,214.0,0.00014338
MTH/BTC,1622945046880,2021-06-06T02:04:06.880Z,sell,6.7e-07,661.0,0.00044287000000000005
MTH/BTC,1622945080764,2021-06-06T02:04:40.764Z,buy,6.8e-07,1782.0,0.0012117599999999999
MTH/BTC,1622945201185,2021-06-06T02:06:41.185Z,sell,6.7e-07,10205.0,0.006837350000000001
MTH/BTC,1622945533693,2021-06-06T02:12:13.693Z,sell,6.7e-07,392.0,0.00026264
MTH/BTC,1622946452847,2021-06-06T02:27:32.847Z,buy,6.8e-07,1578.0,0.00107304
MTH/BTC,1622947074786,2021-06-06T02:37:54.786Z,buy,6.8e-07,148.0,0.00010064
MTH/BTC,1622947503354,2021-06-06T02:45:03.354Z,sell,6.7e-07,1563.0,0.00104721
MTH/BTC,1622947503354,2021-06-06T02:45:03.354Z,sell,6.7e-07,1563.0,0.00104721
MTH/BTC,1622948469416,2021-06-06T03:01:09.416Z,sell,6.7e-07,608.0,0.00040736
MTH/BTC,1622948642673,2021-06-06T03:04:02.673Z,buy,6.8e-07,215.0,0.00014619999999999998
MTH/BTC,1622949298061,2021-06-06T03:14:58.061Z,buy,6.8e-07,162.0,0.00011015999999999999
MTH/BTC,1622949540521,2021-06-06T03:19:00.521Z,sell,6.7e-07,500.0,0.000335
MTH/BTC,1622950830584,2021-06-06T03:40:30.584Z,sell,6.7e-07,16866.0,0.011300220000000001
MTH/BTC,1622950931803,2021-06-06T03:42:11.803Z,sell,6.7e-07,428.0,0.00028676
MTH/BTC,1622950931803,2021-06-06T03:42:11.803Z,sell,6.7e-07,428.0,0.00028676
MTH/BTC,1622951195833,2021-06-06T03:46:35.833Z,sell,6.7e-07,2958.0,0.0019818600000000002
MTH/BTC,1622951525291,2021-06-06T03:52:05.291Z,sell,6.7e-07,7635.0,0.0051154500000000006
MTH/BTC,1622952277582,2021-06-06T04:04:37.582Z,buy,6.8e-07,1237.0,0.00084116
MTH/BTC,1622952829202,2021-06-06T04:13:49.202Z,sell,6.7e-07,793.0,0.00053131
MTH/BTC,1622952950773,2021-06-06T04:15:50.773Z,sell,6.7e-07,565.0,0.00037855
MTH/BTC,1622953964721,2021-06-06T04:32:44.721Z,sell,6.7e-07,600.0,0.000402
MTH/BTC,1622953964721,2021-06-06T04:32:44.721Z,sell,6.7e-07,600.0,0.000402
MTH/BTC,1622954859034,2021-06-06T04:47:39.034Z,sell,6.7e-07,543.0,0.00036381
MTH/BTC,1622956415669,2021-06-06T05:13:35.669Z,buy,6.8e-07,1275.0,0.0008669999999999999
MTH/BTC,1622956560421,2021-06-06T05:16:00.421Z,buy,6.8e-07,3090.0,0.0021011999999999997
MTH/BTC,1622956733219,2021-06-06T05:18:53.219Z,sell,6.7e-07,500.0,0.000335
MTH/BTC,1622956942996,2021-06-06T05:22:22.996Z,sell,6.7e-07,2000.0,0.00134
MTH/BTC,1622957243781,2021-06-06T05:27:23.781Z,buy,6.8e-07,21351.0,0.014518679999999999
MTH/BTC,1622957243781,2021-06-06T05:27:23.781Z,buy,6.8e-07,21351.0,0.014518679999999999
MTH/BTC,1622958439693,2021-06-06T05:47:19.693Z,buy,6.8e-07,1107.0,0.00075276
MTH/BTC,1622958575605,2021-06-06T05:49:35.605Z,buy,6.8e-07,754.0,0.0005127199999999999
MTH/BTC,1622958654977,2021-06-06T05:50:54.977Z,sell,6.7e-07,211110.0,0.1414437
MTH/BTC,1622958661349,2021-06-06T05:51:01.349Z,buy,6.8e-07,207797.0,0.14130195999999998
MTH/BTC,1622958664733,2021-06-06T05:51:04.733Z,buy,6.8e-07,295.0,0.0002006
MTH/BTC,1622958867778,2021-06-06T05:54:27.778Z,buy,6.8e-07,379.0,0.00025771999999999997
MTH/BTC,1622958917039,2021-06-06T05:55:17.039Z,buy,6.8e-07,4411.0,0.0029994799999999997
MTH/BTC,1622959363365,2021-06-06T06:02:43.365Z,sell,6.7e-07,500.0,0.000335
MTH/BTC,1622959427449,2021-06-06T06:03:47.449Z,sell,6.7e-07,483.0,0.00032361
MTH/BTC,1622959952174,2021-06-06T06:12:32.174Z,buy,6.8e-07,808.0,0.00054944
MTH/BTC,1622960086903,2021-06-06T06:14:46.903Z,buy,6.8e-07,410.0,0.0002788
MTH/BTC,1622960295890,2021-06-06T06:18:15.890Z,buy,6.8e-07,884.0,0.0006011199999999999
MTH/BTC,1622960320626,2021-06-06T06:18:40.626Z,buy,6.8e-07,1520.0,0.0010336
MTH/BTC,1622960320626,2021-06-06T06:18:40.626Z,buy,6.8e-07,1520.0,0.0010336
MTH/BTC,1622960961967,2021-06-06T06:29:21.967Z,sell,6.7e-07,581.0,0.00038927000000000005
MTH/BTC,1622961198542,2021-06-06T06:33:18.542Z,sell,6.7e-07,2200.0,0.001474
MTH/BTC,1622961752505,2021-06-06T06:42:32.505Z,sell,6.7e-07,1930.0,0.0012931000000000002
MTH/BTC,1622962959713,2021-06-06T07:02:39.713Z,buy,6.8e-07,7411.0,0.00503948
MTH/BTC,1622963059120,2021-06-06T07:04:19.120Z,buy,6.8e-07,566.0,0.00038488
MTH/BTC,1622963558495,2021-06-06T07:12:38.495Z,sell,6.7e-07,5074.0,0.00339958
MTH/BTC,1622963611402,2021-06-06T07:13:31.402Z,sell,6.7e-07,5074.0,0.00339958
MTH/BTC,1622963620935,2021-06-06T07:13:40.935Z,sell,6.7e-07,5074.0,0.00339958
MTH/BTC,1622963653928,2021-06-06T07:14:13.928Z,sell,6.7e-07,5074.0,0.00339958
MTH/BTC,1622963682997,2021-06-06T07:14:42.997Z,sell,6.7e-07,10149.0,0.006799830000000001
MTH/BTC,1622963774438,2021-06-06T07:16:14.438Z,sell,6.7e-07,441.0,0.00029547000000000004
MTH/BTC,1622963816416,2021-06-06T07:16:56.416Z,buy,6.8e-07,14925.0,0.010149
MTH/BTC,1622963859610,2021-06-06T07:17:39.610Z,buy,6.8e-07,20883.0,0.014200439999999998
MTH/BTC,1622963859610,2021-06-06T07:17:39.610Z,buy,6.8e-07,20883.0,0.014200439999999998
MTH/BTC,1622964115795,2021-06-06T07:21:55.795Z,buy,6.8e-07,2113.0,0.00143684
MTH/BTC,1622964255611,2021-06-06T07:24:15.611Z,sell,6.7e-07,7358.0,0.00492986
MTH/BTC,1622964562509,2021-06-06T07:29:22.509Z,sell,6.7e-07,20862.0,0.01397754
MTH/BTC,1622964572933,2021-06-06T07:29:32.933Z,buy,6.8e-07,150.0,0.00010199999999999999
MTH/BTC,1622964589726,2021-06-06T07:29:49.726Z,sell,6.7e-07,242.0,0.00016214000000000002
MTH/BTC,1622965202056,2021-06-06T07:40:02.056Z,buy,6.8e-07,21344.0,0.01451392
MTH/BTC,1622966024106,2021-06-06T07:53:44.106Z,buy,6.8e-07,1000.0,0.0006799999999999999
MTH/BTC,1622966403550,2021-06-06T08:00:03.550Z,buy,6.8e-07,1545.0,0.0010505999999999998
MTH/BTC,1622966654086,2021-06-06T08:04:14.086Z,buy,6.8e-07,360.0,0.0002448
MTH/BTC,1622967107705,2021-06-06T08:11:47.705Z,sell,6.7e-07,120151.0,0.08050117000000001
MTH/BTC,1622967118693,2021-06-06T08:11:58.693Z,sell,6.7e-07,4483.0,0.0030036100000000003
MTH/BTC,1622967315652,2021-06-06T08:15:15.652Z,buy,6.8e-07,6000.0,0.004079999999999999
MTH/BTC,1622967315652,2021-06-06T08:15:15.652Z,buy,6.8e-07,6000.0,0.004079999999999999
MTH/BTC,1622968088523,2021-06-06T08:28:08.523Z,buy,6.8e-07,284244.0,0.19328591999999997
MTH/BTC,1622968394691,2021-06-06T08:33:14.691Z,buy,6.8e-07,756.0,0.00051408
MTH/BTC,1622968436525,2021-06-06T08:33:56.525Z,buy,6.8e-07,2031.0,0.0013810799999999998
MTH/BTC,1622968464388,2021-06-06T08:34:24.388Z,buy,6.8e-07,500.0,0.00033999999999999997
MTH/BTC,1622968468506,2021-06-06T08:34:28.506Z,buy,6.8e-07,280.0,0.0001904
MTH/BTC,1622968507235,2021-06-06T08:35:07.235Z,sell,6.7e-07,11352.0,0.007605840000000001
MTH/BTC,1622968582147,2021-06-06T08:36:22.147Z,sell,6.7e-07,4945.0,0.0033131500000000004
MTH/BTC,1622968659031,2021-06-06T08:37:39.031Z,buy,6.8e-07,1000.0,0.0006799999999999999
MTH/BTC,1622969068189,2021-06-06T08:44:28.189Z,buy,6.8e-07,689.0,0.00046851999999999994
MTH/BTC,1622969199500,2021-06-06T08:46:39.500Z,buy,6.8e-07,2132.0,0.0014497599999999998
MTH/BTC,1622969609719,2021-06-06T08:53:29.719Z,buy,6.8e-07,4259.0,0.00289612
MTH/BTC,1622969724071,2021-06-06T08:55:24.071Z,sell,6.7e-07,1014.0,0.00067938
MTH/BTC,1622969732464,2021-06-06T08:55:32.464Z,buy,6.8e-07,1000.0,0.0006799999999999999
MTH/BTC,1622969856125,2021-06-06T08:57:36.125Z,sell,6.7e-07,2064.0,0.0013828800000000002
MTH/BTC,1622969900794,2021-06-06T08:58:20.794Z,buy,6.8e-07,212427.0,0.14445036
MTH/BTC,1622970287295,2021-06-06T09:04:47.295Z,buy,6.8e-07,1465.0,0.0009961999999999998
MTH/BTC,1622970538900,2021-06-06T09:08:58.900Z,buy,6.8e-07,1100.0,0.000748
MTH/BTC,1622970585046,2021-06-06T09:09:45.046Z,sell,6.7e-07,1002.0,0.0006713400000000001
MTH/BTC,1622970665217,2021-06-06T09:11:05.217Z,sell,6.7e-07,4256.0,0.00285152
MTH/BTC,1622970665217,2021-06-06T09:11:05.217Z,sell,6.7e-07,4256.0,0.00285152
MTH/BTC,1622971003619,2021-06-06T09:16:43.619Z,sell,6.7e-07,24531.0,0.016435770000000002
MTH/BTC,1622971010267,2021-06-06T09:16:50.267Z,sell,6.7e-07,1200.0,0.000804
MTH/BTC,1622971177582,2021-06-06T09:19:37.582Z,sell,6.7e-07,3701.0,0.0024796700000000002
MTH/BTC,1622972062816,2021-06-06T09:34:22.816Z,buy,6.8e-07,887.0,0.0006031599999999999
MTH/BTC,1622972316152,2021-06-06T09:38:36.152Z,buy,6.8e-07,10799.0,0.0073433199999999995
MTH/BTC,1622972369742,2021-06-06T09:39:29.742Z,sell,6.7e-07,886.0,0.00059362
MTH/BTC,1622972667923,2021-06-06T09:44:27.923Z,sell,6.7e-07,9378.0,0.006283260000000001
MTH/BTC,1622972686022,2021-06-06T09:44:46.022Z,buy,6.8e-07,10017.0,0.0068115599999999995
MTH/BTC,1622972903853,2021-06-06T09:48:23.853Z,buy,6.8e-07,235379.0,0.16005772
MTH/BTC,1622973260705,2021-06-06T09:54:20.705Z,sell,6.8e-07,3200.0,0.002176
MTH/BTC,1622973483248,2021-06-06T09:58:03.248Z,buy,6.9e-07,1450.0,0.0010004999999999999
MTH/BTC,1622973504717,2021-06-06T09:58:24.717Z,buy,6.9e-07,971.0,0.00066999
MTH/BTC,1622973610645,2021-06-06T10:00:10.645Z,buy,6.9e-07,1491.0,0.00102879
MTH/BTC,1622973723397,2021-06-06T10:02:03.397Z,buy,6.9e-07,1450.0,0.0010004999999999999
MTH/BTC,1622973727432,2021-06-06T10:02:07.432Z,buy,6.9e-07,81114.0,0.055968659999999996
MTH/BTC,1622973853318,2021-06-06T10:04:13.318Z,buy,6.9e-07,222.0,0.00015318
MTH/BTC,1622973853318,2021-06-06T10:04:13.318Z,buy,6.9e-07,222.0,0.00015318
MTH/BTC,1622974429924,2021-06-06T10:13:49.924Z,sell,6.8e-07,3779.0,0.0025697199999999997
MTH/BTC,1622974476082,2021-06-06T10:14:36.082Z,sell,6.8e-07,10671.0,0.0072562799999999995
MTH/BTC,1622975656127,2021-06-06T10:34:16.127Z,buy,6.9e-07,1777.0,0.00122613
MTH/BTC,1622975745050,2021-06-06T10:35:45.050Z,sell,6.8e-07,500.0,0.00033999999999999997
MTH/BTC,1622976460354,2021-06-06T10:47:40.354Z,buy,6.9e-07,1450.0,0.0010004999999999999
MTH/BTC,1622976463159,2021-06-06T10:47:43.159Z,sell,6.8e-07,156.0,0.00010607999999999999
MTH/BTC,1622976471987,2021-06-06T10:47:51.987Z,sell,6.8e-07,250.0,0.00016999999999999999
MTH/BTC,1622976733976,2021-06-06T10:52:13.976Z,sell,6.8e-07,970.0,0.0006596
MTH/BTC,1622976733976,2021-06-06T10:52:13.976Z,sell,6.8e-07,970.0,0.0006596
MTH/BTC,1622977481300,2021-06-06T11:04:41.300Z,sell,6.8e-07,1491.0,0.00101388
MTH/BTC,1622978162932,2021-06-06T11:16:02.932Z,buy,6.9e-07,151.0,0.00010418999999999999
MTH/BTC,1622978197393,2021-06-06T11:16:37.393Z,sell,6.8e-07,26899.0,0.01829132
MTH/BTC,1622978237005,2021-06-06T11:17:17.005Z,sell,6.8e-07,1074.0,0.0007303199999999999
MTH/BTC,1622978256379,2021-06-06T11:17:36.379Z,sell,6.8e-07,2972.0,0.00202096
MTH/BTC,1622978425966,2021-06-06T11:20:25.966Z,sell,6.8e-07,38548.0,0.02621264
MTH/BTC,1622979020184,2021-06-06T11:30:20.184Z,sell,6.8e-07,1521.0,0.0010342799999999998
MTH/BTC,1622979023852,2021-06-06T11:30:23.852Z,sell,6.8e-07,12235.0,0.008319799999999999
MTH/BTC,1622979947227,2021-06-06T11:45:47.227Z,sell,6.8e-07,56907.0,0.03869676
MTH/BTC,1622979947227,2021-06-06T11:45:47.227Z,sell,6.8e-07,56907.0,0.03869676
MTH/BTC,1622981130329,2021-06-06T12:05:30.329Z,buy,6.9e-07,46413.0,0.03202497
MTH/BTC,1622981198632,2021-06-06T12:06:38.632Z,buy,6.9e-07,5440.0,0.0037535999999999997
MTH/BTC,1622981306568,2021-06-06T12:08:26.568Z,buy,6.9e-07,341589.0,0.23569641
MTH/BTC,1622981307860,2021-06-06T12:08:27.860Z,buy,7e-07,286.0,0.0002002
MTH/BTC,1622981379673,2021-06-06T12:09:39.673Z,buy,7e-07,19957.0,0.013969899999999999
MTH/BTC,1622981494449,2021-06-06T12:11:34.449Z,buy,7e-07,3966.0,0.0027762
MTH/BTC,1622981615250,2021-06-06T12:13:35.250Z,sell,6.9e-07,19100.0,0.013179
MTH/BTC,1622981615250,2021-06-06T12:13:35.250Z,sell,6.9e-07,904.0,0.00062376
MTH/BTC,1622981617642,2021-06-06T12:13:37.642Z,sell,6.9e-07,310.0,0.0002139
MTH/BTC,1622981620316,2021-06-06T12:13:40.316Z,sell,6.9e-07,29547.0,0.020387429999999998
MTH/BTC,1622981620316,2021-06-06T12:13:40.316Z,sell,6.8e-07,46028.0,0.03129904
MTH/BTC,1622981620316,2021-06-06T12:13:40.316Z,sell,6.8e-07,5632.0,0.0038297599999999998
MTH/BTC,1622981621010,2021-06-06T12:13:41.010Z,sell,6.8e-07,2382.0,0.0016197599999999998
MTH/BTC,1622981621111,2021-06-06T12:13:41.111Z,sell,6.8e-07,45356.0,0.030842079999999997
MTH/BTC,1622981622730,2021-06-06T12:13:42.730Z,sell,6.9e-07,194.0,0.00013386
MTH/BTC,1622981640572,2021-06-06T12:14:00.572Z,sell,6.9e-07,5397.0,0.00372393
MTH/BTC,1622981660146,2021-06-06T12:14:20.146Z,sell,6.8e-07,2244.0,0.0015259199999999998
MTH/BTC,1622981664905,2021-06-06T12:14:24.905Z,sell,6.8e-07,130458.0,0.08871143999999999
MTH/BTC,1622981934049,2021-06-06T12:18:54.049Z,buy,7e-07,476.0,0.00033319999999999997
MTH/BTC,1622981939968,2021-06-06T12:18:59.968Z,sell,6.8e-07,421.0,0.00028628
MTH/BTC,1622981942180,2021-06-06T12:19:02.180Z,sell,6.8e-07,357.0,0.00024275999999999999
MTH/BTC,1622982066718,2021-06-06T12:21:06.718Z,sell,6.8e-07,5994.0,0.004075919999999999
MTH/BTC,1622982212215,2021-06-06T12:23:32.215Z,sell,6.8e-07,1000.0,0.0006799999999999999
MTH/BTC,1622982293691,2021-06-06T12:24:53.691Z,buy,7e-07,322.0,0.00022539999999999998
MTH/BTC,1622982308585,2021-06-06T12:25:08.585Z,buy,7e-07,1000000.0,0.7
MTH/BTC,1622982409278,2021-06-06T12:26:49.278Z,buy,7.1e-07,155.0,0.00011004999999999999
MTH/BTC,1622982451128,2021-06-06T12:27:31.128Z,sell,7e-07,24305.0,0.0170135
MTH/BTC,1622982547318,2021-06-06T12:29:07.318Z,sell,7e-07,16438.0,0.011506599999999999
MTH/BTC,1622982657471,2021-06-06T12:30:57.471Z,buy,7.1e-07,4788.0,0.00339948
MTH/BTC,1622982681310,2021-06-06T12:31:21.310Z,sell,7e-07,5927.0,0.0041489
MTH/BTC,1622982681807,2021-06-06T12:31:21.807Z,sell,6.9e-07,1543.0,0.00106467
MTH/BTC,1622982683357,2021-06-06T12:31:23.357Z,buy,7e-07,2000.0,0.0014
MTH/BTC,1622982685716,2021-06-06T12:31:25.716Z,sell,6.9e-07,1529.0,0.0010550099999999999
MTH/BTC,1622982698721,2021-06-06T12:31:38.721Z,sell,6.9e-07,2262.0,0.00156078
MTH/BTC,1622982716795,2021-06-06T12:31:56.795Z,sell,6.9e-07,4411.0,0.0030435899999999997
MTH/BTC,1622982774307,2021-06-06T12:32:54.307Z,sell,6.9e-07,436.0,0.00030083999999999997
MTH/BTC,1622982847679,2021-06-06T12:34:07.679Z,buy,7e-07,56043.0,0.0392301
MTH/BTC,1622982877350,2021-06-06T12:34:37.350Z,sell,7e-07,4501.0,0.0031506999999999998
MTH/BTC,1622982897592,2021-06-06T12:34:57.592Z,sell,6.9e-07,2898.0,0.0019996199999999997
MTH/BTC,1622982971121,2021-06-06T12:36:11.121Z,buy,7e-07,4297.0,0.0030079
MTH/BTC,1622983079692,2021-06-06T12:37:59.692Z,sell,7e-07,10000.0,0.006999999999999999
MTH/BTC,1622983179266,2021-06-06T12:39:39.266Z,sell,7e-07,5604.0,0.0039228
MTH/BTC,1622983302716,2021-06-06T12:41:42.716Z,buy,7e-07,636.0,0.0004452
MTH/BTC,1622983348599,2021-06-06T12:42:28.599Z,sell,7e-07,500.0,0.00035
MTH/BTC,1622983430799,2021-06-06T12:43:50.799Z,sell,7e-07,2046.0,0.0014322
MTH/BTC,1622983523468,2021-06-06T12:45:23.468Z,sell,7e-07,13667.0,0.0095669
MTH/BTC,1622983523468,2021-06-06T12:45:23.468Z,sell,7e-07,13667.0,0.0095669
MTH/BTC,1622983606613,2021-06-06T12:46:46.613Z,sell,7e-07,3936.0,0.0027551999999999997
MTH/BTC,1622983638577,2021-06-06T12:47:18.577Z,buy,7.1e-07,1132.0,0.00080372
MTH/BTC,1622983874957,2021-06-06T12:51:14.957Z,buy,7.1e-07,1424.0,0.00101104
MTH/BTC,1622983926319,2021-06-06T12:52:06.319Z,sell,7e-07,32751.0,0.0229257
MTH/BTC,1622983927356,2021-06-06T12:52:07.356Z,buy,7e-07,2212.0,0.0015484
MTH/BTC,1622984123582,2021-06-06T12:55:23.582Z,buy,7e-07,457.0,0.00031989999999999997
MTH/BTC,1622984198636,2021-06-06T12:56:38.636Z,buy,7e-07,286.0,0.0002002
MTH/BTC,1622984302451,2021-06-06T12:58:22.451Z,buy,7e-07,2851.0,0.0019957
MTH/BTC,1622984466398,2021-06-06T13:01:06.398Z,buy,7e-07,2900.0,0.00203
MTH/BTC,1622984511798,2021-06-06T13:01:51.798Z,sell,6.9e-07,200.0,0.000138
MTH/BTC,1622984511798,2021-06-06T13:01:51.798Z,sell,6.9e-07,7875.0,0.005433749999999999
MTH/BTC,1622984639503,2021-06-06T13:03:59.503Z,sell,6.9e-07,369.0,0.00025461
MTH/BTC,1622985337208,2021-06-06T13:15:37.208Z,buy,7e-07,1600.0,0.00112
MTH/BTC,1622986596236,2021-06-06T13:36:36.236Z,buy,7e-07,704.0,0.0004927999999999999
MTH/BTC,1622986613010,2021-06-06T13:36:53.010Z,buy,7e-07,2159.0,0.0015113
MTH/BTC,1622986919033,2021-06-06T13:41:59.033Z,sell,6.9e-07,1206.0,0.00083214
MTH/BTC,1622986919033,2021-06-06T13:41:59.033Z,sell,6.9e-07,1206.0,0.00083214
MTH/BTC,1622987282860,2021-06-06T13:48:02.860Z,sell,6.9e-07,537.0,0.00037053
MTH/BTC,1622987293944,2021-06-06T13:48:13.944Z,sell,6.9e-07,847.0,0.0005844299999999999
MTH/BTC,1622987351724,2021-06-06T13:49:11.724Z,sell,6.9e-07,16230.0,0.011198699999999999
MTH/BTC,1622987796467,2021-06-06T13:56:36.467Z,sell,6.9e-07,1953.0,0.00134757
MTH/BTC,1622988566002,2021-06-06T14:09:26.002Z,buy,7e-07,411.0,0.0002877
MTH/BTC,1622988678961,2021-06-06T14:11:18.961Z,buy,7e-07,46225.0,0.0323575
MTH/BTC,1622988722648,2021-06-06T14:12:02.648Z,sell,7e-07,410.0,0.000287
MTH/BTC,1622988738788,2021-06-06T14:12:18.788Z,sell,7e-07,2944.0,0.0020608
MTH/BTC,1622989385007,2021-06-06T14:23:05.007Z,sell,7e-07,97648.0,0.0683536
MTH/BTC,1622989429725,2021-06-06T14:23:49.725Z,sell,7e-07,50000.0,0.034999999999999996
MTH/BTC,1622989716847,2021-06-06T14:28:36.847Z,sell,7e-07,793.0,0.0005551
MTH/BTC,1622989770860,2021-06-06T14:29:30.860Z,sell,7e-07,2000.0,0.0014
MTH/BTC,1622989967096,2021-06-06T14:32:47.096Z,buy,7.1e-07,2942.0,0.00208882
MTH/BTC,1622990118065,2021-06-06T14:35:18.065Z,sell,7e-07,157.0,0.0001099
MTH/BTC,1622990151518,2021-06-06T14:35:51.518Z,buy,7.1e-07,141.0,0.00010011
MTH/BTC,1622990234265,2021-06-06T14:37:14.265Z,buy,7.1e-07,170.0,0.00012069999999999999
MTH/BTC,1622990260010,2021-06-06T14:37:40.010Z,buy,7.1e-07,639.0,0.00045369
MTH/BTC,1622990268736,2021-06-06T14:37:48.736Z,buy,7.1e-07,5449.0,0.00386879
MTH/BTC,1622990441011,2021-06-06T14:40:41.011Z,buy,7.1e-07,906.0,0.00064326
MTH/BTC,1622990448214,2021-06-06T14:40:48.214Z,buy,7.1e-07,171.0,0.00012140999999999999
MTH/BTC,1622990448214,2021-06-06T14:40:48.214Z,buy,7.1e-07,171.0,0.00012140999999999999
MTH/BTC,1622990519127,2021-06-06T14:41:59.127Z,buy,7.1e-07,7887.0,0.00559977
MTH/BTC,1622990524938,2021-06-06T14:42:04.938Z,buy,7.1e-07,171.0,0.00012140999999999999
MTH/BTC,1622990579127,2021-06-06T14:42:59.127Z,sell,7e-07,10000.0,0.006999999999999999
MTH/BTC,1622990596883,2021-06-06T14:43:16.883Z,buy,7.1e-07,4683.0,0.00332493
MTH/BTC,1622990654256,2021-06-06T14:44:14.256Z,sell,7e-07,1227.0,0.0008589
MTH/BTC,1622991130337,2021-06-06T14:52:10.337Z,buy,7.1e-07,5302.0,0.00376442
MTH/BTC,1622991205506,2021-06-06T14:53:25.506Z,buy,7.1e-07,306.0,0.00021726
MTH/BTC,1622991216681,2021-06-06T14:53:36.681Z,buy,7.1e-07,3907.0,0.0027739699999999997
MTH/BTC,1622991223319,2021-06-06T14:53:43.319Z,buy,7.1e-07,153.0,0.00010863
MTH/BTC,1622991417735,2021-06-06T14:56:57.735Z,sell,7e-07,1208.0,0.0008456
MTH/BTC,1622991567844,2021-06-06T14:59:27.844Z,sell,7e-07,1000.0,0.0007
MTH/BTC,1622991602368,2021-06-06T15:00:02.368Z,sell,7e-07,1308.0,0.0009155999999999999
MTH/BTC,1622991615785,2021-06-06T15:00:15.785Z,sell,7e-07,436.0,0.0003052
MTH/BTC,1622991816173,2021-06-06T15:03:36.173Z,sell,7e-07,4000.0,0.0028
MTH/BTC,1622991819069,2021-06-06T15:03:39.069Z,sell,7e-07,1426.0,0.0009981999999999999
MTH/BTC,1622991819069,2021-06-06T15:03:39.069Z,sell,6.9e-07,1.0,6.9e-07
MTH/BTC,1622991819069,2021-06-06T15:03:39.069Z,sell,6.9e-07,3446.0,0.0023777399999999997
MTH/BTC,1622991819069,2021-06-06T15:03:39.069Z,sell,6.9e-07,16036.0,0.01106484
MTH/BTC,1622991888574,2021-06-06T15:04:48.574Z,sell,6.9e-07,427.0,0.00029463
MTH/BTC,1622992220622,2021-06-06T15:10:20.622Z,buy,7e-07,1000.0,0.0007
MTH/BTC,1622992360358,2021-06-06T15:12:40.358Z,buy,7e-07,16583.0,0.0116081
MTH/BTC,1622992582995,2021-06-06T15:16:22.995Z,buy,7e-07,800.0,0.00056
MTH/BTC,1622992609004,2021-06-06T15:16:49.004Z,buy,7e-07,14285.0,0.0099995
MTH/BTC,1622992649194,2021-06-06T15:17:29.194Z,buy,7e-07,200.0,0.00014
MTH/BTC,1622992927454,2021-06-06T15:22:07.454Z,buy,7e-07,3982.0,0.0027873999999999998
MTH/BTC,1622993179286,2021-06-06T15:26:19.286Z,sell,6.9e-07,520.0,0.0003588
MTH/BTC,1622993671391,2021-06-06T15:34:31.391Z,sell,6.9e-07,3962.0,0.00273378
MTH/BTC,1622993676206,2021-06-06T15:34:36.206Z,sell,6.9e-07,4909.0,0.00338721
MTH/BTC,1622993713206,2021-06-06T15:35:13.206Z,sell,6.9e-07,17983.0,0.012408269999999999
MTH/BTC,1622993963297,2021-06-06T15:39:23.297Z,buy,7e-07,3053.0,0.0021371
MTH/BTC,1622993971799,2021-06-06T15:39:31.799Z,sell,6.9e-07,3519.0,0.00242811
MTH/BTC,1622994048089,2021-06-06T15:40:48.089Z,sell,6.9e-07,638.0,0.00044021999999999996
MTH/BTC,1622994048089,2021-06-06T15:40:48.089Z,sell,6.9e-07,638.0,0.00044021999999999996
MTH/BTC,1622994111420,2021-06-06T15:41:51.420Z,sell,6.9e-07,45864.0,0.03164616
MTH/BTC,1622994184754,2021-06-06T15:43:04.754Z,sell,6.9e-07,2423.0,0.00167187
MTH/BTC,1622994296780,2021-06-06T15:44:56.780Z,buy,7e-07,2190.0,0.0015329999999999999
MTH/BTC,1622994389568,2021-06-06T15:46:29.568Z,buy,7e-07,11137.0,0.0077959
MTH/BTC,1622994597835,2021-06-06T15:49:57.835Z,buy,7e-07,907.0,0.0006349
MTH/BTC,1622995223123,2021-06-06T16:00:23.123Z,sell,6.9e-07,1015.0,0.00070035
MTH/BTC,1622995421539,2021-06-06T16:03:41.539Z,sell,6.9e-07,861.0,0.0005940899999999999
MTH/BTC,1622995445197,2021-06-06T16:04:05.197Z,buy,7e-07,2676.0,0.0018732
MTH/BTC,1622996331852,2021-06-06T16:18:51.852Z,buy,7e-07,580.0,0.000406
MTH/BTC,1622996594056,2021-06-06T16:23:14.056Z,buy,7e-07,19161.0,0.0134127
MTH/BTC,1622996702234,2021-06-06T16:25:02.234Z,buy,7e-07,5042.0,0.0035294
MTH/BTC,1622996727415,2021-06-06T16:25:27.415Z,buy,7e-07,428.0,0.00029959999999999996
MTH/BTC,1622996787282,2021-06-06T16:26:27.282Z,buy,7e-07,142.0,9.939999999999999e-05
MTH/BTC,1622996993695,2021-06-06T16:29:53.695Z,buy,7e-07,19726.0,0.0138082
MTH/BTC,1622996993695,2021-06-06T16:29:53.695Z,buy,7e-07,19726.0,0.0138082
MTH/BTC,1622997723575,2021-06-06T16:42:03.575Z,buy,7e-07,4000.0,0.0028
MTH/BTC,1622997726036,2021-06-06T16:42:06.036Z,buy,7e-07,579.0,0.0004053
MTH/BTC,1622997766757,2021-06-06T16:42:46.757Z,buy,7e-07,5000.0,0.0034999999999999996
MTH/BTC,1622997795241,2021-06-06T16:43:15.241Z,buy,7e-07,108234.0,0.07576379999999999
MTH/BTC,1622997797305,2021-06-06T16:43:17.305Z,buy,7.1e-07,282.0,0.00020022
MTH/BTC,1622997935001,2021-06-06T16:45:35.001Z,buy,7.1e-07,928.0,0.0006588799999999999
MTH/BTC,1622997986513,2021-06-06T16:46:26.513Z,sell,7e-07,19928.0,0.0139496
MTH/BTC,1622998099285,2021-06-06T16:48:19.285Z,buy,7.1e-07,19436.0,0.013799559999999999
MTH/BTC,1622998289950,2021-06-06T16:51:29.950Z,buy,7.1e-07,3885.0,0.00275835
MTH/BTC,1622998337800,2021-06-06T16:52:17.800Z,buy,7.1e-07,1409.0,0.0010003899999999999
MTH/BTC,1622998410249,2021-06-06T16:53:30.249Z,buy,7.1e-07,2817.0,0.00200007
MTH/BTC,1622998454683,2021-06-06T16:54:14.683Z,sell,7e-07,1809.0,0.0012663
MTH/BTC,1622998565788,2021-06-06T16:56:05.788Z,sell,7e-07,805.0,0.0005635
MTH/BTC,1622998591795,2021-06-06T16:56:31.795Z,buy,7.1e-07,1409.0,0.0010003899999999999
MTH/BTC,1622998640137,2021-06-06T16:57:20.137Z,sell,7e-07,2466.0,0.0017262
MTH/BTC,1622998803005,2021-06-06T17:00:03.005Z,buy,7.1e-07,8818.0,0.00626078
MTH/BTC,1622998803172,2021-06-06T17:00:03.172Z,buy,7.1e-07,1971.0,0.00139941
MTH/BTC,1622998803472,2021-06-06T17:00:03.472Z,buy,7.1e-07,64835.0,0.04603285
MTH/BTC,1622998803646,2021-06-06T17:00:03.646Z,buy,7.1e-07,10563.0,0.00749973
MTH/BTC,1622998803765,2021-06-06T17:00:03.765Z,buy,7.1e-07,47887.0,0.03399977
MTH/BTC,1622998803809,2021-06-06T17:00:03.809Z,buy,7.1e-07,19440.0,0.0138024
MTH/BTC,1622998803834,2021-06-06T17:00:03.834Z,buy,7.1e-07,47887.0,0.03399977
MTH/BTC,1622998803946,2021-06-06T17:00:03.946Z,buy,7.1e-07,59645.0,0.042347949999999995
MTH/BTC,1622998804021,2021-06-06T17:00:04.021Z,buy,7.1e-07,179324.0,0.12732004
MTH/BTC,1622998804021,2021-06-06T17:00:04.021Z,buy,7.2e-07,74197.0,0.05342184
MTH/BTC,1622998804138,2021-06-06T17:00:04.138Z,buy,7.2e-07,10972.0,0.00789984
MTH/BTC,1622998804145,2021-06-06T17:00:04.145Z,buy,7.2e-07,9667.0,0.0069602399999999995
MTH/BTC,1622998804495,2021-06-06T17:00:04.495Z,buy,7.2e-07,19441.0,0.01399752
MTH/BTC,1622998804727,2021-06-06T17:00:04.727Z,buy,7.2e-07,2816.0,0.00202752
MTH/BTC,1622998804873,2021-06-06T17:00:04.873Z,buy,7.2e-07,37168.0,0.02676096
MTH/BTC,1622998805100,2021-06-06T17:00:05.100Z,buy,7.2e-07,7632.0,0.00549504
MTH/BTC,1622998805499,2021-06-06T17:00:05.499Z,buy,7.2e-07,18055.0,0.0129996
MTH/BTC,1622998806409,2021-06-06T17:00:06.409Z,buy,7.2e-07,19014.0,0.01369008
MTH/BTC,1622998806828,2021-06-06T17:00:06.828Z,buy,7.2e-07,64291.0,0.04628952
MTH/BTC,1622998806839,2021-06-06T17:00:06.839Z,buy,7.2e-07,11786.0,0.00848592
MTH/BTC,1622998806842,2021-06-06T17:00:06.842Z,buy,7.2e-07,11786.0,0.00848592
MTH/BTC,1622998807038,2021-06-06T17:00:07.038Z,buy,7.2e-07,11786.0,0.00848592
MTH/BTC,1622998807203,2021-06-06T17:00:07.203Z,buy,7.2e-07,223.0,0.00016056
MTH/BTC,1622998807223,2021-06-06T17:00:07.223Z,buy,7.2e-07,7562.0,0.00544464
MTH/BTC,1622998807976,2021-06-06T17:00:07.976Z,buy,7.2e-07,7562.0,0.00544464
MTH/BTC,1622998809207,2021-06-06T17:00:09.207Z,buy,7.2e-07,1280.0,0.0009216
MTH/BTC,1622998809395,2021-06-06T17:00:09.395Z,buy,7.2e-07,2923.0,0.00210456
MTH/BTC,1622998810114,2021-06-06T17:00:10.114Z,buy,7.2e-07,3828.0,0.00275616
MTH/BTC,1622998810297,2021-06-06T17:00:10.297Z,buy,7.2e-07,36948.0,0.02660256
MTH/BTC,1622998810299,2021-06-06T17:00:10.299Z,buy,7.2e-07,2042.0,0.00147024
MTH/BTC,1622998810535,2021-06-06T17:00:10.535Z,buy,7.2e-07,2187.0,0.00157464
MTH/BTC,1622998810669,2021-06-06T17:00:10.669Z,buy,7.2e-07,457.0,0.00032904
MTH/BTC,1622998810689,2021-06-06T17:00:10.689Z,buy,7.2e-07,412.0,0.00029664
MTH/BTC,1622998810690,2021-06-06T17:00:10.690Z,buy,7.2e-07,2248.0,0.00161856
MTH/BTC,1622998810699,2021-06-06T17:00:10.699Z,buy,7.2e-07,27732.0,0.01996704
MTH/BTC,1622998810829,2021-06-06T17:00:10.829Z,buy,7.2e-07,945.0,0.0006804
MTH/BTC,1622998810854,2021-06-06T17:00:10.854Z,buy,7.2e-07,7289.0,0.00524808
MTH/BTC,1622998811119,2021-06-06T17:00:11.119Z,buy,7.2e-07,412.0,0.00029664
MTH/BTC,1622998811126,2021-06-06T17:00:11.126Z,buy,7.2e-07,412.0,0.00029664
MTH/BTC,1622998811378,2021-06-06T17:00:11.378Z,buy,7.2e-07,1200.0,0.000864
MTH/BTC,1622998811456,2021-06-06T17:00:11.456Z,buy,7.2e-07,33719.0,0.02427768
MTH/BTC,1622998811468,2021-06-06T17:00:11.468Z,buy,7.2e-07,11631.0,0.00837432
MTH/BTC,1622998811608,2021-06-06T17:00:11.608Z,buy,7.2e-07,8285.0,0.0059651999999999995
MTH/BTC,1622998812000,2021-06-06T17:00:12.000Z,buy,7.2e-07,3996.0,0.00287712
MTH/BTC,1622998812175,2021-06-06T17:00:12.175Z,buy,7.2e-07,12902.0,0.00928944
MTH/BTC,1622998812202,2021-06-06T17:00:12.202Z,buy,7.2e-07,4223.0,0.00304056
MTH/BTC,1622998812213,2021-06-06T17:00:12.213Z,buy,7.2e-07,30312.0,0.02182464
MTH/BTC,1622998812237,2021-06-06T17:00:12.237Z,sell,7.2e-07,11631.0,0.00837432
MTH/BTC,1622998812300,2021-06-06T17:00:12.300Z,buy,7.3e-07,11699.0,0.00854027
MTH/BTC,1622998812300,2021-06-06T17:00:12.300Z,buy,7.3e-07,143.0,0.00010439
MTH/BTC,1622998812309,2021-06-06T17:00:12.309Z,buy,7.3e-07,219178.0,0.15999994
MTH/BTC,1622998812497,2021-06-06T17:00:12.497Z,buy,7.3e-07,2949.0,0.00215277
MTH/BTC,1622998812628,2021-06-06T17:00:12.628Z,buy,7.3e-07,8855.0,0.00646415
MTH/BTC,1622998812750,2021-06-06T17:00:12.750Z,buy,7.3e-07,1850.0,0.0013505
MTH/BTC,1622998812793,2021-06-06T17:00:12.793Z,buy,7.3e-07,3089.0,0.00225497
MTH/BTC,1622998812977,2021-06-06T17:00:12.977Z,buy,7.3e-07,19781.0,0.01444013
MTH/BTC,1622998813131,2021-06-06T17:00:13.131Z,buy,7.3e-07,33265.0,0.02428345
MTH/BTC,1622998813205,2021-06-06T17:00:13.205Z,sell,7.2e-07,2472.0,0.00177984
MTH/BTC,1622998813321,2021-06-06T17:00:13.321Z,buy,7.3e-07,453.0,0.00033069
MTH/BTC,1622998813505,2021-06-06T17:00:13.505Z,buy,7.3e-07,7554.0,0.00551442
MTH/BTC,1622998813529,2021-06-06T17:00:13.529Z,buy,7.3e-07,1813.0,0.00132349
MTH/BTC,1622998813550,2021-06-06T17:00:13.550Z,sell,7.2e-07,19421.0,0.01398312
MTH/BTC,1622998813692,2021-06-06T17:00:13.692Z,buy,7.3e-07,2132.0,0.00155636
MTH/BTC,1622998813800,2021-06-06T17:00:13.800Z,buy,7.3e-07,528.0,0.00038544
MTH/BTC,1622998813857,2021-06-06T17:00:13.857Z,buy,7.3e-07,7552.0,0.00551296
MTH/BTC,1622998814043,2021-06-06T17:00:14.043Z,buy,7.3e-07,1093.0,0.00079789
MTH/BTC,1622998814071,2021-06-06T17:00:14.071Z,buy,7.3e-07,109938.0,0.08025474
MTH/BTC,1622998814073,2021-06-06T17:00:14.073Z,buy,7.3e-07,4361.0,0.00318353
MTH/BTC,1622998814073,2021-06-06T17:00:14.073Z,buy,7.3e-07,20155.0,0.01471315
MTH/BTC,1622998814076,2021-06-06T17:00:14.076Z,buy,7.3e-07,20155.0,0.01471315
MTH/BTC,1622998814169,2021-06-06T17:00:14.169Z,buy,7.3e-07,20155.0,0.01471315
MTH/BTC,1622998814228,2021-06-06T17:00:14.228Z,buy,7.3e-07,615.0,0.00044895
MTH/BTC,1622998814230,2021-06-06T17:00:14.230Z,buy,7.3e-07,17888.0,0.01305824
MTH/BTC,1622998814247,2021-06-06T17:00:14.247Z,buy,7.3e-07,4903.0,0.00357919
MTH/BTC,1622998814279,2021-06-06T17:00:14.279Z,buy,7.3e-07,4715.0,0.00344195
MTH/BTC,1622998814362,2021-06-06T17:00:14.362Z,buy,7.3e-07,1097.0,0.00080081
MTH/BTC,1622998814541,2021-06-06T17:00:14.541Z,buy,7.3e-07,2684.0,0.00195932
MTH/BTC,1622998814623,2021-06-06T17:00:14.623Z,buy,7.3e-07,5662.0,0.00413326
MTH/BTC,1622998814644,2021-06-06T17:00:14.644Z,buy,7.3e-07,4326.0,0.00315798
MTH/BTC,1622998814708,2021-06-06T17:00:14.708Z,buy,7.3e-07,8284.0,0.00604732
MTH/BTC,1622998814717,2021-06-06T17:00:14.717Z,buy,7.3e-07,504.0,0.00036792
MTH/BTC,1622998814781,2021-06-06T17:00:14.781Z,buy,7.3e-07,201662.0,0.14721326
MTH/BTC,1622998814781,2021-06-06T17:00:14.781Z,buy,7.4e-07,27634.0,0.02044916
MTH/BTC,1622998814837,2021-06-06T17:00:14.837Z,buy,7.4e-07,32514.0,0.02406036
MTH/BTC,1622998814906,2021-06-06T17:00:14.906Z,buy,7.4e-07,82555.0,0.0610907
MTH/BTC,1622998814963,2021-06-06T17:00:14.963Z,buy,7.4e-07,3769.0,0.00278906
MTH/BTC,1622998814991,2021-06-06T17:00:14.991Z,buy,7.4e-07,20608.0,0.01524992
MTH/BTC,1622998815048,2021-06-06T17:00:15.048Z,buy,7.4e-07,186.0,0.00013764
MTH/BTC,1622998815187,2021-06-06T17:00:15.187Z,buy,7.4e-07,747.0,0.00055278
MTH/BTC,1622998815256,2021-06-06T17:00:15.256Z,buy,7.4e-07,84421.0,0.06247154
MTH/BTC,1622998815282,2021-06-06T17:00:15.282Z,buy,7.4e-07,554.0,0.00040996
MTH/BTC,1622998815305,2021-06-06T17:00:15.305Z,buy,7.4e-07,2131.0,0.00157694
MTH/BTC,1622998815312,2021-06-06T17:00:15.312Z,buy,7.4e-07,1572.0,0.00116328
MTH/BTC,1622998815468,2021-06-06T17:00:15.468Z,buy,7.4e-07,45894.0,0.03396156
MTH/BTC,1622998815472,2021-06-06T17:00:15.472Z,buy,7.4e-07,10775.0,0.0079735
MTH/BTC,1622998815483,2021-06-06T17:00:15.483Z,buy,7.4e-07,34778.0,0.02573572
MTH/BTC,1622998815504,2021-06-06T17:00:15.504Z,buy,7.4e-07,513.0,0.00037962
MTH/BTC,1622998815560,2021-06-06T17:00:15.560Z,buy,7.4e-07,4284.0,0.00317016
MTH/BTC,1622998815663,2021-06-06T17:00:15.663Z,buy,7.4e-07,11356.0,0.00840344
MTH/BTC,1622998815809,2021-06-06T17:00:15.809Z,buy,7.4e-07,1031.0,0.00076294
MTH/BTC,1622998815879,2021-06-06T17:00:15.879Z,buy,7.4e-07,81081.0,0.05999994
MTH/BTC,1622998815930,2021-06-06T17:00:15.930Z,buy,7.4e-07,1057.0,0.00078218
MTH/BTC,1622998815932,2021-06-06T17:00:15.932Z,buy,7.4e-07,1863.0,0.00137862
MTH/BTC,1622998815936,2021-06-06T17:00:15.936Z,buy,7.4e-07,1312.0,0.00097088
MTH/BTC,1622998815945,2021-06-06T17:00:15.945Z,buy,7.4e-07,530.0,0.0003922
MTH/BTC,1622998816138,2021-06-06T17:00:16.138Z,buy,7.4e-07,93098.0,0.06889252
MTH/BTC,1622998816218,2021-06-06T17:00:16.218Z,buy,7.4e-07,787.0,0.00058238
MTH/BTC,1622998816246,2021-06-06T17:00:16.246Z,buy,7.4e-07,1866.0,0.00138084
MTH/BTC,1622998816265,2021-06-06T17:00:16.265Z,buy,7.4e-07,5579.0,0.0041284600000000005
MTH/BTC,1622998816336,2021-06-06T17:00:16.336Z,buy,7.4e-07,801.0,0.00059274
MTH/BTC,1622998816431,2021-06-06T17:00:16.431Z,buy,7.4e-07,1723.0,0.00127502
MTH/BTC,1622998816446,2021-06-06T17:00:16.446Z,sell,7.3e-07,2800.0,0.002044
MTH/BTC,1622998816446,2021-06-06T17:00:16.446Z,sell,7.2e-07,2232.0,0.00160704
MTH/BTC,1622998816621,2021-06-06T17:00:16.621Z,buy,7.4e-07,24880.0,0.0184112
MTH/BTC,1622998816811,2021-06-06T17:00:16.811Z,buy,7.4e-07,15628.0,0.01156472
MTH/BTC,1622998816811,2021-06-06T17:00:16.811Z,buy,7.5e-07,2172.0,0.001629
MTH/BTC,1622998816811,2021-06-06T17:00:16.811Z,buy,7.5e-07,148148.0,0.111111
MTH/BTC,1622998816840,2021-06-06T17:00:16.840Z,buy,7.5e-07,1837.0,0.00137775
MTH/BTC,1622998816854,2021-06-06T17:00:16.854Z,buy,7.5e-07,677.0,0.0005077500000000001
MTH/BTC,1622998816864,2021-06-06T17:00:16.864Z,sell,7.3e-07,14291.0,0.01043243
MTH/BTC,1622998816864,2021-06-06T17:00:16.864Z,sell,7.2e-07,5148.0,0.00370656
MTH/BTC,1622998817082,2021-06-06T17:00:17.082Z,buy,7.4e-07,1492.0,0.00110408
MTH/BTC,1622998817179,2021-06-06T17:00:17.179Z,buy,7.4e-07,5733.0,0.00424242
MTH/BTC,1622998817179,2021-06-06T17:00:17.179Z,buy,7.5e-07,45729.0,0.03429675
MTH/BTC,1622998817323,2021-06-06T17:00:17.323Z,buy,7.4e-07,1460.0,0.0010804
MTH/BTC,1622998817349,2021-06-06T17:00:17.349Z,buy,7.4e-07,1351.0,0.00099974
MTH/BTC,1622998817354,2021-06-06T17:00:17.354Z,buy,7.4e-07,144.0,0.00010656
MTH/BTC,1622998817354,2021-06-06T17:00:17.354Z,buy,7.5e-07,3996.0,0.002997
MTH/BTC,1622998817368,2021-06-06T17:00:17.368Z,buy,7.5e-07,3220.0,0.002415
MTH/BTC,1622998817478,2021-06-06T17:00:17.478Z,sell,7.3e-07,36911.0,0.02694503
MTH/BTC,1622998817499,2021-06-06T17:00:17.499Z,buy,7.5e-07,8224.0,0.006168
MTH/BTC,1622998817499,2021-06-06T17:00:17.499Z,buy,7.5e-07,2776.0,0.002082
MTH/BTC,1622998817535,2021-06-06T17:00:17.535Z,buy,7.5e-07,19013.0,0.01425975
MTH/BTC,1622998817632,2021-06-06T17:00:17.632Z,buy,7.5e-07,8327.0,0.00624525
MTH/BTC,1622998817796,2021-06-06T17:00:17.796Z,buy,7.5e-07,1939.0,0.00145425
MTH/BTC,1622998817937,2021-06-06T17:00:17.937Z,buy,7.5e-07,17922.0,0.0134415
MTH/BTC,1622998818003,2021-06-06T17:00:18.003Z,sell,7.4e-07,2662.0,0.00196988
MTH/BTC,1622998818003,2021-06-06T17:00:18.003Z,sell,7.3e-07,25070.0,0.0183011
MTH/BTC,1622998818051,2021-06-06T17:00:18.051Z,buy,7.5e-07,1561.0,0.0011707500000000001
MTH/BTC,1622998818157,2021-06-06T17:00:18.157Z,sell,7.4e-07,926.0,0.00068524
MTH/BTC,1622998818201,2021-06-06T17:00:18.201Z,buy,7.5e-07,18994.0,0.014245500000000001
MTH/BTC,1622998818248,2021-06-06T17:00:18.248Z,buy,7.5e-07,7346.0,0.0055095000000000005
MTH/BTC,1622998818285,2021-06-06T17:00:18.285Z,buy,7.5e-07,1838.0,0.0013785
MTH/BTC,1622998818337,2021-06-06T17:00:18.337Z,buy,7.5e-07,70090.0,0.0525675
MTH/BTC,1622998818337,2021-06-06T17:00:18.337Z,buy,7.6e-07,112394.0,0.08541944
MTH/BTC,1622998818438,2021-06-06T17:00:18.438Z,buy,7.6e-07,12742.0,0.00968392
MTH/BTC,1622998818484,2021-06-06T17:00:18.484Z,buy,7.6e-07,1787.0,0.00135812
MTH/BTC,1622998818495,2021-06-06T17:00:18.495Z,sell,7.5e-07,1268.0,0.000951
MTH/BTC,1622998818495,2021-06-06T17:00:18.495Z,sell,7.4e-07,925.0,0.0006845
MTH/BTC,1622998818587,2021-06-06T17:00:18.587Z,buy,7.5e-07,925.0,0.00069375
MTH/BTC,1622998818587,2021-06-06T17:00:18.587Z,buy,7.6e-07,727.0,0.00055252
MTH/BTC,1622998818658,2021-06-06T17:00:18.658Z,buy,7.6e-07,3059.0,0.00232484
MTH/BTC,1622998818744,2021-06-06T17:00:18.744Z,sell,7.5e-07,5479.0,0.00410925
MTH/BTC,1622998818791,2021-06-06T17:00:18.791Z,buy,7.6e-07,369.0,0.00028044
MTH/BTC,1622998818830,2021-06-06T17:00:18.830Z,sell,7.5e-07,1200.0,0.0009
MTH/BTC,1622998818839,2021-06-06T17:00:18.839Z,buy,7.6e-07,72605.0,0.0551798
MTH/BTC,1622998818850,2021-06-06T17:00:18.850Z,sell,7.5e-07,2633.0,0.00197475
MTH/BTC,1622998818850,2021-06-06T17:00:18.850Z,sell,7.4e-07,30110.0,0.0222814
MTH/BTC,1622998818850,2021-06-06T17:00:18.850Z,sell,7.3e-07,137660.0,0.1004918
MTH/BTC,1622998818901,2021-06-06T17:00:18.901Z,buy,7.6e-07,1804.0,0.00137104
MTH/BTC,1622998818939,2021-06-06T17:00:18.939Z,buy,7.6e-07,5444.0,0.00413744
MTH/BTC,1622998818975,2021-06-06T17:00:18.975Z,buy,7.6e-07,8838.0,0.006716880000000001
MTH/BTC,1622998818984,2021-06-06T17:00:18.984Z,buy,7.6e-07,880.0,0.0006688
MTH/BTC,1622998818984,2021-06-06T17:00:18.984Z,buy,7.7e-07,1712.0,0.00131824
MTH/BTC,1622998818991,2021-06-06T17:00:18.991Z,buy,7.7e-07,17965.0,0.013833050000000001
MTH/BTC,1622998819067,2021-06-06T17:00:19.067Z,buy,7.5e-07,1088.0,0.000816
MTH/BTC,1622998819115,2021-06-06T17:00:19.115Z,buy,7.5e-07,3581.0,0.00268575
MTH/BTC,1622998819171,2021-06-06T17:00:19.171Z,sell,7.4e-07,1612.0,0.0011928800000000001
MTH/BTC,1622998819187,2021-06-06T17:00:19.187Z,buy,7.5e-07,4266.0,0.0031995
MTH/BTC,1622998819394,2021-06-06T17:00:19.394Z,buy,7.5e-07,254.0,0.0001905
MTH/BTC,1622998819394,2021-06-06T17:00:19.394Z,buy,7.7e-07,16525.0,0.012724250000000001
MTH/BTC,1622998819506,2021-06-06T17:00:19.506Z,buy,7.7e-07,18598.0,0.01432046
MTH/BTC,1622998819584,2021-06-06T17:00:19.584Z,buy,7.7e-07,2532.0,0.00194964
MTH/BTC,1622998819753,2021-06-06T17:00:19.753Z,buy,7.7e-07,46120.0,0.0355124
MTH/BTC,1622998819798,2021-06-06T17:00:19.798Z,buy,7.7e-07,22116.0,0.01702932
MTH/BTC,1622998819817,2021-06-06T17:00:19.817Z,buy,7.7e-07,5695.0,0.00438515
MTH/BTC,1622998819834,2021-06-06T17:00:19.834Z,buy,7.7e-07,500.0,0.00038500000000000003
MTH/BTC,1622998819896,2021-06-06T17:00:19.896Z,buy,7.7e-07,3575.0,0.00275275
MTH/BTC,1622998820046,2021-06-06T17:00:20.046Z,buy,7.6e-07,401.0,0.00030476
MTH/BTC,1622998820059,2021-06-06T17:00:20.059Z,buy,7.6e-07,6090.0,0.0046284
MTH/BTC,1622998820145,2021-06-06T17:00:20.145Z,buy,7.6e-07,2821.0,0.00214396
MTH/BTC,1622998820145,2021-06-06T17:00:20.145Z,buy,7.7e-07,2350.0,0.0018095000000000001
MTH/BTC,1622998820168,2021-06-06T17:00:20.168Z,buy,7.7e-07,457.0,0.00035189
MTH/BTC,1622998820216,2021-06-06T17:00:20.216Z,buy,7.7e-07,3580.0,0.0027566
MTH/BTC,1622998820638,2021-06-06T17:00:20.638Z,buy,7.7e-07,385.0,0.00029645
MTH/BTC,1622998820710,2021-06-06T17:00:20.710Z,buy,7.7e-07,18475.0,0.01422575
MTH/BTC,1622998820754,2021-06-06T17:00:20.754Z,buy,7.7e-07,40062.0,0.030847740000000002
MTH/BTC,1622998820851,2021-06-06T17:00:20.851Z,buy,7.7e-07,2137.0,0.00164549
MTH/BTC,1622998820929,2021-06-06T17:00:20.929Z,buy,7.7e-07,19175.0,0.01476475
MTH/BTC,1622998820961,2021-06-06T17:00:20.961Z,buy,7.7e-07,1298.0,0.00099946
MTH/BTC,1622998821017,2021-06-06T17:00:21.017Z,buy,7.7e-07,878.0,0.00067606
MTH/BTC,1622998821028,2021-06-06T17:00:21.028Z,buy,7.7e-07,1788.0,0.00137676
MTH/BTC,1622998821081,2021-06-06T17:00:21.081Z,buy,7.7e-07,7074.0,0.005446980000000001
MTH/BTC,1622998821138,2021-06-06T17:00:21.138Z,buy,7.7e-07,107481.0,0.08276037
MTH/BTC,1622998821143,2021-06-06T17:00:21.143Z,buy,7.7e-07,4998.0,0.00384846
MTH/BTC,1622998821163,2021-06-06T17:00:21.163Z,buy,7.7e-07,3537.0,0.0027234900000000003
MTH/BTC,1622998821232,2021-06-06T17:00:21.232Z,buy,7.7e-07,2324.0,0.0017894800000000002
MTH/BTC,1622998821313,2021-06-06T17:00:21.313Z,buy,7.7e-07,10295.0,0.00792715
MTH/BTC,1622998821361,2021-06-06T17:00:21.361Z,buy,7.7e-07,82925.0,0.06385225
MTH/BTC,1622998821367,2021-06-06T17:00:21.367Z,buy,7.7e-07,172.0,0.00013244
MTH/BTC,1622998821518,2021-06-06T17:00:21.518Z,buy,7.7e-07,712.0,0.0005482400000000001
MTH/BTC,1622998821610,2021-06-06T17:00:21.610Z,sell,7.6e-07,1503.0,0.00114228
MTH/BTC,1622998821613,2021-06-06T17:00:21.613Z,buy,7.7e-07,3287.0,0.0025309900000000003
MTH/BTC,1622998821644,2021-06-06T17:00:21.644Z,buy,7.7e-07,2459.0,0.0018934300000000002
MTH/BTC,1622998821755,2021-06-06T17:00:21.755Z,buy,7.7e-07,3592.0,0.0027658400000000003
MTH/BTC,1622998821812,2021-06-06T17:00:21.812Z,buy,7.7e-07,50426.0,0.038828020000000005
MTH/BTC,1622998821935,2021-06-06T17:00:21.935Z,buy,7.7e-07,7634.0,0.00587818
MTH/BTC,1622998821935,2021-06-06T17:00:21.935Z,buy,7.8e-07,1762.0,0.00137436
MTH/BTC,1622998822005,2021-06-06T17:00:22.005Z,buy,7.8e-07,1484.0,0.00115752
MTH/BTC,1622998822042,2021-06-06T17:00:22.042Z,buy,7.8e-07,3372.0,0.0026301600000000003
MTH/BTC,1622998822090,2021-06-06T17:00:22.090Z,buy,7.8e-07,619.0,0.00048282
MTH/BTC,1622998822111,2021-06-06T17:00:22.111Z,buy,7.8e-07,70673.0,0.055124940000000004
MTH/BTC,1622998822218,2021-06-06T17:00:22.218Z,buy,7.8e-07,4543.0,0.0035435400000000004
MTH/BTC,1622998822294,2021-06-06T17:00:22.294Z,buy,7.8e-07,1962.0,0.0015303600000000001
MTH/BTC,1622998822296,2021-06-06T17:00:22.296Z,sell,7.7e-07,3484.0,0.0026826800000000002
MTH/BTC,1622998822299,2021-06-06T17:00:22.299Z,buy,7.8e-07,4045.0,0.0031551
MTH/BTC,1622998822349,2021-06-06T17:00:22.349Z,sell,7.7e-07,11237.0,0.00865249
MTH/BTC,1622998822349,2021-06-06T17:00:22.349Z,sell,7.6e-07,25219.0,0.01916644
MTH/BTC,1622998822407,2021-06-06T17:00:22.407Z,sell,7.6e-07,435.0,0.0003306
MTH/BTC,1622998822407,2021-06-06T17:00:22.407Z,sell,7.5e-07,180.0,0.000135
MTH/BTC,1622998822407,2021-06-06T17:00:22.407Z,sell,7.5e-07,40558.0,0.0304185
MTH/BTC,1622998822449,2021-06-06T17:00:22.449Z,buy,7.7e-07,961.0,0.0007399700000000001
MTH/BTC,1622998822461,2021-06-06T17:00:22.461Z,buy,7.6e-07,593.0,0.00045068
MTH/BTC,1622998822461,2021-06-06T17:00:22.461Z,buy,7.7e-07,5853.0,0.00450681
MTH/BTC,1622998822597,2021-06-06T17:00:22.597Z,buy,7.7e-07,8101.0,0.00623777
MTH/BTC,1622998822597,2021-06-06T17:00:22.597Z,buy,7.8e-07,1813.0,0.0014141400000000001
MTH/BTC,1622998822725,2021-06-06T17:00:22.725Z,buy,7.8e-07,11540.0,0.0090012
MTH/BTC,1622998822744,2021-06-06T17:00:22.744Z,buy,7.8e-07,5635.0,0.0043953
MTH/BTC,1622998822754,2021-06-06T17:00:22.754Z,buy,7.8e-07,33352.0,0.026014560000000003
MTH/BTC,1622998822754,2021-06-06T17:00:22.754Z,buy,7.8e-07,259.0,0.00020202000000000002
MTH/BTC,1622998822804,2021-06-06T17:00:22.804Z,buy,7.8e-07,388.0,0.00030264
MTH/BTC,1622998822815,2021-06-06T17:00:22.815Z,buy,7.8e-07,35338.0,0.02756364
MTH/BTC,1622998822873,2021-06-06T17:00:22.873Z,sell,7.6e-07,1149.0,0.0008732400000000001
MTH/BTC,1622998822944,2021-06-06T17:00:22.944Z,sell,7.6e-07,893.0,0.00067868
MTH/BTC,1622998822944,2021-06-06T17:00:22.944Z,sell,7.5e-07,458.0,0.0003435
MTH/BTC,1622998822990,2021-06-06T17:00:22.990Z,buy,7.8e-07,3431.0,0.0026761800000000002
MTH/BTC,1622998823039,2021-06-06T17:00:23.039Z,buy,7.7e-07,1149.0,0.00088473
MTH/BTC,1622998823039,2021-06-06T17:00:23.039Z,buy,7.8e-07,890.0,0.0006942000000000001
MTH/BTC,1622998823102,2021-06-06T17:00:23.102Z,buy,7.8e-07,117957.0,0.09200646000000001
MTH/BTC,1622998823144,2021-06-06T17:00:23.144Z,buy,7.8e-07,12967.0,0.01011426
MTH/BTC,1622998823161,2021-06-06T17:00:23.161Z,buy,7.8e-07,599.0,0.00046722
MTH/BTC,1622998823229,2021-06-06T17:00:23.229Z,buy,7.8e-07,3450.0,0.0026910000000000002
MTH/BTC,1622998823291,2021-06-06T17:00:23.291Z,buy,7.8e-07,9645.0,0.0075231000000000004
MTH/BTC,1622998823545,2021-06-06T17:00:23.545Z,buy,7.8e-07,641.0,0.00049998
MTH/BTC,1622998823546,2021-06-06T17:00:23.546Z,sell,7.7e-07,142.0,0.00010934000000000001
MTH/BTC,1622998823553,2021-06-06T17:00:23.553Z,sell,7.7e-07,5567.0,0.00428659
MTH/BTC,1622998823553,2021-06-06T17:00:23.553Z,sell,7.7e-07,4241.0,0.00326557
MTH/BTC,1622998823560,2021-06-06T17:00:23.560Z,sell,7.7e-07,1407.0,0.00108339
MTH/BTC,1622998823567,2021-06-06T17:00:23.567Z,sell,7.7e-07,1448.0,0.0011149600000000001
MTH/BTC,1622998823573,2021-06-06T17:00:23.573Z,sell,7.7e-07,122.0,9.394e-05
MTH/BTC,1622998823573,2021-06-06T17:00:23.573Z,sell,7.6e-07,2695.0,0.0020482
MTH/BTC,1622998823585,2021-06-06T17:00:23.585Z,sell,7.6e-07,3628.0,0.00275728
MTH/BTC,1622998823606,2021-06-06T17:00:23.606Z,sell,7.6e-07,3086.0,0.00234536
MTH/BTC,1622998823843,2021-06-06T17:00:23.843Z,buy,7.8e-07,3540.0,0.0027612
MTH/BTC,1622998823894,2021-06-06T17:00:23.894Z,buy,7.8e-07,3863.0,0.00301314
MTH/BTC,1622998823919,2021-06-06T17:00:23.919Z,buy,7.8e-07,641.0,0.00049998
MTH/BTC,1622998823922,2021-06-06T17:00:23.922Z,buy,7.8e-07,12750.0,0.009945
MTH/BTC,1622998823965,2021-06-06T17:00:23.965Z,buy,7.8e-07,38461.0,0.02999958
MTH/BTC,1622998824192,2021-06-06T17:00:24.192Z,sell,7.7e-07,4356.0,0.0033541200000000004
MTH/BTC,1622998824263,2021-06-06T17:00:24.263Z,buy,7.8e-07,14848.0,0.01158144
MTH/BTC,1622998824355,2021-06-06T17:00:24.355Z,sell,7.7e-07,36456.0,0.02807112
MTH/BTC,1622998824359,2021-06-06T17:00:24.359Z,buy,7.8e-07,2040.0,0.0015912
MTH/BTC,1622998824365,2021-06-06T17:00:24.365Z,sell,7.7e-07,36456.0,0.02807112
MTH/BTC,1622998824469,2021-06-06T17:00:24.469Z,buy,7.8e-07,3502.0,0.00273156
MTH/BTC,1622998824470,2021-06-06T17:00:24.470Z,buy,7.8e-07,1972.0,0.00153816
MTH/BTC,1622998824472,2021-06-06T17:00:24.472Z,buy,7.8e-07,1972.0,0.00153816
MTH/BTC,1622998824474,2021-06-06T17:00:24.474Z,buy,7.8e-07,10756.0,0.00838968
MTH/BTC,1622998824476,2021-06-06T17:00:24.476Z,buy,7.8e-07,1972.0,0.00153816
MTH/BTC,1622998824509,2021-06-06T17:00:24.509Z,sell,7.7e-07,32481.0,0.02501037
MTH/BTC,1622998824515,2021-06-06T17:00:24.515Z,buy,7.8e-07,4099.0,0.00319722
MTH/BTC,1622998824521,2021-06-06T17:00:24.521Z,buy,7.8e-07,2050.0,0.0015990000000000002
MTH/BTC,1622998824545,2021-06-06T17:00:24.545Z,buy,7.8e-07,2777.0,0.00216606
MTH/BTC,1622998824687,2021-06-06T17:00:24.687Z,buy,7.8e-07,34404.0,0.02683512
MTH/BTC,1622998824793,2021-06-06T17:00:24.793Z,buy,7.8e-07,158.0,0.00012324000000000002
MTH/BTC,1622998824831,2021-06-06T17:00:24.831Z,sell,7.7e-07,457.0,0.00035189
MTH/BTC,1622998824900,2021-06-06T17:00:24.900Z,buy,7.8e-07,711.0,0.00055458
MTH/BTC,1622998825003,2021-06-06T17:00:25.003Z,buy,7.8e-07,8158.0,0.00636324
MTH/BTC,1622998825112,2021-06-06T17:00:25.112Z,buy,7.8e-07,2263.0,0.0017651400000000001
MTH/BTC,1622998825223,2021-06-06T17:00:25.223Z,buy,7.8e-07,756.0,0.0005896800000000001
MTH/BTC,1622998825297,2021-06-06T17:00:25.297Z,buy,7.8e-07,19407.0,0.01513746
MTH/BTC,1622998825365,2021-06-06T17:00:25.365Z,sell,7.7e-07,36456.0,0.02807112
MTH/BTC,1622998825701,2021-06-06T17:00:25.701Z,buy,7.8e-07,848.0,0.00066144
MTH/BTC,1622998825822,2021-06-06T17:00:25.822Z,buy,7.8e-07,21661.0,0.01689558
MTH/BTC,1622998825844,2021-06-06T17:00:25.844Z,buy,7.8e-07,10295.0,0.0080301
MTH/BTC,1622998825952,2021-06-06T17:00:25.952Z,buy,7.8e-07,388.0,0.00030264
MTH/BTC,1622998826166,2021-06-06T17:00:26.166Z,sell,7.7e-07,4903.0,0.00377531
MTH/BTC,1622998826192,2021-06-06T17:00:26.192Z,buy,7.8e-07,387.0,0.00030186000000000004
MTH/BTC,1622998826297,2021-06-06T17:00:26.297Z,buy,7.8e-07,8974.0,0.00699972
MTH/BTC,1622998826360,2021-06-06T17:00:26.360Z,sell,7.7e-07,36456.0,0.02807112
MTH/BTC,1622998826377,2021-06-06T17:00:26.377Z,buy,7.8e-07,5286.0,0.00412308
MTH/BTC,1622998826496,2021-06-06T17:00:26.496Z,buy,7.8e-07,468.0,0.00036504
MTH/BTC,1622998826580,2021-06-06T17:00:26.580Z,buy,7.8e-07,1211.0,0.0009445800000000001
MTH/BTC,1622998826651,2021-06-06T17:00:26.651Z,buy,7.8e-07,22302.0,0.01739556
MTH/BTC,1622998826768,2021-06-06T17:00:26.768Z,buy,7.8e-07,15872.0,0.012380160000000001
MTH/BTC,1622998826811,2021-06-06T17:00:26.811Z,buy,7.8e-07,385.0,0.00030030000000000004
MTH/BTC,1622998826873,2021-06-06T17:00:26.873Z,buy,7.8e-07,2417.0,0.0018852600000000001
MTH/BTC,1622998826966,2021-06-06T17:00:26.966Z,buy,7.8e-07,1903.0,0.00148434
MTH/BTC,1622998826966,2021-06-06T17:00:26.966Z,buy,7.9e-07,2434.0,0.00192286
MTH/BTC,1622998827094,2021-06-06T17:00:27.094Z,buy,7.9e-07,22853.0,0.01805387
MTH/BTC,1622998827219,2021-06-06T17:00:27.219Z,sell,7.7e-07,1297.0,0.00099869
MTH/BTC,1622998827320,2021-06-06T17:00:27.320Z,buy,7.9e-07,17133.0,0.01353507
MTH/BTC,1622998827320,2021-06-06T17:00:27.320Z,buy,7.9e-07,501.0,0.00039579
MTH/BTC,1622998827494,2021-06-06T17:00:27.494Z,buy,7.9e-07,725.0,0.00057275
MTH/BTC,1622998827505,2021-06-06T17:00:27.505Z,sell,7.8e-07,2777.0,0.00216606
MTH/BTC,1622998827505,2021-06-06T17:00:27.505Z,sell,7.7e-07,500.0,0.00038500000000000003
MTH/BTC,1622998827692,2021-06-06T17:00:27.692Z,buy,7.9e-07,3929.0,0.0031039099999999997
MTH/BTC,1622998827700,2021-06-06T17:00:27.700Z,sell,7.7e-07,275.0,0.00021175000000000002
MTH/BTC,1622998827769,2021-06-06T17:00:27.769Z,buy,7.8e-07,296.0,0.00023088
MTH/BTC,1622998827803,2021-06-06T17:00:27.803Z,buy,7.8e-07,5308.0,0.00414024
MTH/BTC,1622998827803,2021-06-06T17:00:27.803Z,buy,7.9e-07,4468.0,0.0035297199999999996
MTH/BTC,1622998827892,2021-06-06T17:00:27.892Z,sell,7.7e-07,2893.0,0.00222761
MTH/BTC,1622998827932,2021-06-06T17:00:27.932Z,buy,7.9e-07,14841.0,0.01172439
MTH/BTC,1622998828209,2021-06-06T17:00:28.209Z,buy,7.9e-07,3860.0,0.0030494
MTH/BTC,1622998828371,2021-06-06T17:00:28.371Z,buy,7.9e-07,356.0,0.00028124
MTH/BTC,1622998828638,2021-06-06T17:00:28.638Z,buy,7.9e-07,1337.0,0.00105623
MTH/BTC,1622998828764,2021-06-06T17:00:28.764Z,buy,7.9e-07,2489.0,0.0019663099999999998
MTH/BTC,1622998828958,2021-06-06T17:00:28.958Z,buy,7.9e-07,859.0,0.00067861
MTH/BTC,1622998829103,2021-06-06T17:00:29.103Z,buy,7.9e-07,14971.0,0.01182709
MTH/BTC,1622998829234,2021-06-06T17:00:29.234Z,buy,7.9e-07,65164.0,0.051479559999999994
MTH/BTC,1622998829369,2021-06-06T17:00:29.369Z,buy,7.9e-07,3164.0,0.00249956
MTH/BTC,1622998829369,2021-06-06T17:00:29.369Z,buy,7.9e-07,636.0,0.0005024399999999999
MTH/BTC,1622998829382,2021-06-06T17:00:29.382Z,sell,7.8e-07,909.0,0.0007090200000000001
MTH/BTC,1622998829408,2021-06-06T17:00:29.408Z,buy,7.9e-07,5447.0,0.00430313
MTH/BTC,1622998829454,2021-06-06T17:00:29.454Z,buy,7.9e-07,11281.0,0.00891199
MTH/BTC,1622998829510,2021-06-06T17:00:29.510Z,buy,7.9e-07,55582.0,0.043909779999999995
MTH/BTC,1622998829565,2021-06-06T17:00:29.565Z,sell,7.8e-07,9511.0,0.00741858
MTH/BTC,1622998829821,2021-06-06T17:00:29.821Z,buy,7.9e-07,656.0,0.00051824
MTH/BTC,1622998829939,2021-06-06T17:00:29.939Z,buy,7.9e-07,5266.0,0.00416014
MTH/BTC,1622998829960,2021-06-06T17:00:29.960Z,buy,7.9e-07,10210.0,0.008065899999999999
MTH/BTC,1622998829979,2021-06-06T17:00:29.979Z,sell,7.8e-07,514.0,0.00040092000000000003
MTH/BTC,1622998830092,2021-06-06T17:00:30.092Z,buy,7.9e-07,1726.0,0.0013635399999999999
MTH/BTC,1622998830115,2021-06-06T17:00:30.115Z,buy,7.9e-07,698.0,0.00055142
MTH/BTC,1622998830161,2021-06-06T17:00:30.161Z,buy,7.9e-07,107933.0,0.08526707
MTH/BTC,1622998830201,2021-06-06T17:00:30.201Z,buy,7.9e-07,1414.0,0.00111706
MTH/BTC,1622998830218,2021-06-06T17:00:30.218Z,sell,7.8e-07,6338.0,0.00494364
MTH/BTC,1622998830245,2021-06-06T17:00:30.245Z,sell,7.8e-07,185.0,0.0001443
MTH/BTC,1622998830307,2021-06-06T17:00:30.307Z,buy,7.9e-07,5205.0,0.00411195
MTH/BTC,1622998830391,2021-06-06T17:00:30.391Z,sell,7.8e-07,26642.0,0.020780760000000002
MTH/BTC,1622998830391,2021-06-06T17:00:30.391Z,sell,7.7e-07,7567.0,0.00582659
MTH/BTC,1622998830443,2021-06-06T17:00:30.443Z,buy,7.9e-07,12000.0,0.009479999999999999
MTH/BTC,1622998830461,2021-06-06T17:00:30.461Z,sell,7.7e-07,4710.0,0.0036267
MTH/BTC,1622998830676,2021-06-06T17:00:30.676Z,buy,7.9e-07,227417.0,0.17965942999999998
MTH/BTC,1622998830779,2021-06-06T17:00:30.779Z,buy,7.9e-07,3544.0,0.0027997599999999997
MTH/BTC,1622998830817,2021-06-06T17:00:30.817Z,sell,7.8e-07,1785.0,0.0013923000000000002
MTH/BTC,1622998830822,2021-06-06T17:00:30.822Z,sell,7.8e-07,9081.0,0.0070831800000000006
MTH/BTC,1622998830822,2021-06-06T17:00:30.822Z,sell,7.7e-07,73761.0,0.05679597
MTH/BTC,1622998830857,2021-06-06T17:00:30.857Z,buy,7.9e-07,1616.0,0.00127664
MTH/BTC,1622998830859,2021-06-06T17:00:30.859Z,sell,7.8e-07,224.0,0.00017472
MTH/BTC,1622998830859,2021-06-06T17:00:30.859Z,sell,7.7e-07,925.0,0.00071225
MTH/BTC,1622998830985,2021-06-06T17:00:30.985Z,buy,7.9e-07,2574.0,0.00203346
MTH/BTC,1622998830999,2021-06-06T17:00:30.999Z,buy,7.9e-07,1745.0,0.0013785499999999999
MTH/BTC,1622998831032,2021-06-06T17:00:31.032Z,buy,7.9e-07,19719.0,0.01557801
MTH/BTC,1622998831032,2021-06-06T17:00:31.032Z,buy,7.9e-07,107563.0,0.08497476999999999
MTH/BTC,1622998831032,2021-06-06T17:00:31.032Z,buy,7.9e-07,19719.0,0.01557801
MTH/BTC,1622998831075,2021-06-06T17:00:31.075Z,buy,7.9e-07,5914.0,0.00467206
MTH/BTC,1622998831077,2021-06-06T17:00:31.077Z,buy,7.9e-07,19719.0,0.01557801
MTH/BTC,1622998831133,2021-06-06T17:00:31.133Z,sell,7.8e-07,2159.0,0.00168402
MTH/BTC,1622998831133,2021-06-06T17:00:31.133Z,sell,7.7e-07,15763.0,0.01213751
MTH/BTC,1622998831278,2021-06-06T17:00:31.278Z,sell,7.7e-07,6338.0,0.00488026
MTH/BTC,1622998831332,2021-06-06T17:00:31.332Z,buy,7.9e-07,4160.0,0.0032863999999999997
MTH/BTC,1622998831382,2021-06-06T17:00:31.382Z,buy,7.9e-07,2520.0,0.0019908
MTH/BTC,1622998831418,2021-06-06T17:00:31.418Z,buy,7.9e-07,559.0,0.00044161
MTH/BTC,1622998831486,2021-06-06T17:00:31.486Z,buy,7.9e-07,69171.0,0.05464508999999999
