symbol,timestamp,datetime,side,price,amount,btc_volume
NAS/BTC,1610485206193,2021-01-12T21:00:06.193Z,buy,8.1e-06,684.13,0.005541453
NAS/BTC,1610485234742,2021-01-12T21:00:34.742Z,sell,8e-06,28.82,0.00023056
NAS/BTC,1610485305682,2021-01-12T21:01:45.682Z,buy,8.1e-06,99.13,0.000802953
NAS/BTC,1610485363295,2021-01-12T21:02:43.295Z,buy,8.1e-06,97.77,0.000791937
NAS/BTC,1610485408462,2021-01-12T21:03:28.462Z,buy,8.1e-06,92.78,0.0007515180000000001
NAS/BTC,1610485492187,2021-01-12T21:04:52.187Z,buy,8.1e-06,116.53,0.000943893
NAS/BTC,1610485573736,2021-01-12T21:06:13.736Z,buy,8.1e-06,142.41,0.001153521
NAS/BTC,1610485651857,2021-01-12T21:07:31.857Z,buy,8.1e-06,163.98,0.001328238
NAS/BTC,1610485684218,2021-01-12T21:08:04.218Z,sell,8e-06,27.83,0.00022263999999999997
NAS/BTC,1610485716506,2021-01-12T21:08:36.506Z,buy,8.1e-06,144.54,0.001170774
NAS/BTC,1610485781191,2021-01-12T21:09:41.191Z,buy,8.1e-06,147.18,0.001192158
NAS/BTC,1610485862705,2021-01-12T21:11:02.705Z,buy,8.1e-06,93.38,0.000756378
NAS/BTC,1610485949859,2021-01-12T21:12:29.859Z,sell,8e-06,23.31,0.00018648
NAS/BTC,1610485996589,2021-01-12T21:13:16.589Z,sell,8e-06,48.44,0.00038752
NAS/BTC,1610486001925,2021-01-12T21:13:21.925Z,buy,8.1e-06,98.69,0.0007993890000000001
NAS/BTC,1610486018956,2021-01-12T21:13:38.956Z,buy,8.1e-06,17.65,0.000142965
NAS/BTC,1610486090187,2021-01-12T21:14:50.187Z,buy,8.1e-06,109.76,0.000889056
NAS/BTC,1610486131610,2021-01-12T21:15:31.610Z,buy,8.1e-06,175.75,0.001423575
NAS/BTC,1610486204183,2021-01-12T21:16:44.183Z,sell,8e-06,33.16,0.00026527999999999995
NAS/BTC,1610486278697,2021-01-12T21:17:58.697Z,sell,8e-06,32.44,0.00025951999999999995
NAS/BTC,1610486324741,2021-01-12T21:18:44.741Z,buy,8.1e-06,2600.0,0.021060000000000002
NAS/BTC,1610486364724,2021-01-12T21:19:24.724Z,sell,8e-06,14.94,0.00011952
NAS/BTC,1610486403201,2021-01-12T21:20:03.201Z,sell,8e-06,13.66,0.00010928
NAS/BTC,1610486428647,2021-01-12T21:20:28.647Z,buy,8.1e-06,81.58,0.000660798
NAS/BTC,1610486428662,2021-01-12T21:20:28.662Z,buy,8.1e-06,65.26,0.000528606
NAS/BTC,1610486434420,2021-01-12T21:20:34.420Z,buy,8.1e-06,237.36,0.0019226160000000003
NAS/BTC,1610486460984,2021-01-12T21:21:00.984Z,sell,8.1e-06,768.15,0.006222015
NAS/BTC,1610486462447,2021-01-12T21:21:02.447Z,buy,8.1e-06,94.49,0.000765369
NAS/BTC,1610486536600,2021-01-12T21:22:16.600Z,buy,8.1e-06,145.9,0.00118179
NAS/BTC,1610486578987,2021-01-12T21:22:58.987Z,buy,8.1e-06,358.65,0.002905065
NAS/BTC,1610486618911,2021-01-12T21:23:38.911Z,buy,8.1e-06,116.63,0.000944703
NAS/BTC,1610486667794,2021-01-12T21:24:27.794Z,buy,8.1e-06,123.4,0.0009995400000000002
NAS/BTC,1610486667829,2021-01-12T21:24:27.829Z,buy,8.1e-06,457.65,0.003706965
NAS/BTC,1610486667900,2021-01-12T21:24:27.900Z,buy,8.1e-06,252.84,0.002048004
NAS/BTC,1610486695698,2021-01-12T21:24:55.698Z,buy,8.1e-06,110.63,0.000896103
NAS/BTC,1610486734873,2021-01-12T21:25:34.873Z,buy,8.1e-06,152.33,0.0012338730000000001
NAS/BTC,1610486785371,2021-01-12T21:26:25.371Z,buy,8.1e-06,177.78,0.0014400180000000002
NAS/BTC,1610486833712,2021-01-12T21:27:13.712Z,buy,8.1e-06,127.6,0.00103356
NAS/BTC,1610486874187,2021-01-12T21:27:54.187Z,buy,8.1e-06,66.5,0.00053865
NAS/BTC,1610486908189,2021-01-12T21:28:28.189Z,buy,8.1e-06,153.47,0.001243107
NAS/BTC,1610486970089,2021-01-12T21:29:30.089Z,buy,8.1e-06,148.58,0.0012034980000000001
NAS/BTC,1610487003698,2021-01-12T21:30:03.698Z,buy,8.1e-06,165.95,0.001344195
NAS/BTC,1610487081096,2021-01-12T21:31:21.096Z,sell,8e-06,146.11,0.00116888
NAS/BTC,1610487132206,2021-01-12T21:32:12.206Z,sell,8e-06,29.07,0.00023255999999999998
NAS/BTC,1610487186197,2021-01-12T21:33:06.197Z,sell,8e-06,65.78,0.00052624
NAS/BTC,1610487238701,2021-01-12T21:33:58.701Z,sell,8e-06,14.6,0.00011679999999999999
NAS/BTC,1610487279755,2021-01-12T21:34:39.755Z,sell,8e-06,147.47,0.00117976
NAS/BTC,1610487364195,2021-01-12T21:36:04.195Z,sell,8e-06,150.96,0.00120768
NAS/BTC,1610487416195,2021-01-12T21:36:56.195Z,sell,8e-06,92.75,0.0007419999999999999
NAS/BTC,1610487506004,2021-01-12T21:38:26.004Z,sell,8e-06,13.07,0.00010456
NAS/BTC,1610487563660,2021-01-12T21:39:23.660Z,sell,8e-06,12.85,0.00010279999999999999
NAS/BTC,1610487649685,2021-01-12T21:40:49.685Z,sell,8e-06,118.96,0.0009516799999999999
NAS/BTC,1610487724996,2021-01-12T21:42:04.996Z,buy,8.1e-06,14.19,0.000114939
NAS/BTC,1610487730206,2021-01-12T21:42:10.206Z,sell,8e-06,135.23,0.00108184
NAS/BTC,1610487795707,2021-01-12T21:43:15.707Z,sell,8e-06,68.47,0.00054776
NAS/BTC,1610487857713,2021-01-12T21:44:17.713Z,sell,8e-06,105.02,0.00084016
NAS/BTC,1610487888686,2021-01-12T21:44:48.686Z,sell,8e-06,184.43,0.00147544
NAS/BTC,1610487926232,2021-01-12T21:45:26.232Z,sell,8e-06,170.7,0.0013655999999999998
NAS/BTC,1610488001228,2021-01-12T21:46:41.228Z,sell,8e-06,145.53,0.00116424
NAS/BTC,1610488088709,2021-01-12T21:48:08.709Z,sell,8e-06,30.36,0.00024287999999999998
NAS/BTC,1610488144207,2021-01-12T21:49:04.207Z,sell,8e-06,83.96,0.0006716799999999999
NAS/BTC,1610488231858,2021-01-12T21:50:31.858Z,sell,8e-06,163.0,0.001304
NAS/BTC,1610488264197,2021-01-12T21:51:04.197Z,sell,8e-06,179.13,0.0014330399999999998
NAS/BTC,1610488318199,2021-01-12T21:51:58.199Z,sell,8e-06,23.69,0.00018952000000000002
NAS/BTC,1610488368989,2021-01-12T21:52:48.989Z,sell,8e-06,221.59,0.00177272
NAS/BTC,1610488369012,2021-01-12T21:52:49.012Z,sell,8e-06,561.24,0.00448992
NAS/BTC,1610488369042,2021-01-12T21:52:49.042Z,sell,8e-06,929.63,0.00743704
NAS/BTC,1610488369137,2021-01-12T21:52:49.137Z,sell,8e-06,141.37,0.00113096
NAS/BTC,1610488374694,2021-01-12T21:52:54.694Z,sell,8e-06,36.46,0.00029168
NAS/BTC,1610488410071,2021-01-12T21:53:30.071Z,sell,8e-06,124.25,0.0009939999999999999
NAS/BTC,1610488454161,2021-01-12T21:54:14.161Z,sell,8e-06,102.79,0.00082232
NAS/BTC,1610488510703,2021-01-12T21:55:10.703Z,sell,8e-06,18.44,0.00014752
NAS/BTC,1610488522461,2021-01-12T21:55:22.461Z,sell,8e-06,268.48,0.0021478400000000003
NAS/BTC,1610488590829,2021-01-12T21:56:30.829Z,sell,8e-06,142.75,0.001142
NAS/BTC,1610488633363,2021-01-12T21:57:13.363Z,sell,8e-06,111.78,0.0008942399999999999
NAS/BTC,1610488650933,2021-01-12T21:57:30.933Z,sell,8e-06,161.3,0.0012904000000000001
NAS/BTC,1610488682202,2021-01-12T21:58:02.202Z,sell,8e-06,148.43,0.00118744
NAS/BTC,1610488732195,2021-01-12T21:58:52.195Z,sell,8e-06,163.49,0.00130792
NAS/BTC,1610488792193,2021-01-12T21:59:52.193Z,sell,8e-06,147.64,0.00118112
NAS/BTC,1610488792193,2021-01-12T21:59:52.193Z,sell,8e-06,147.64,0.00118112
NAS/BTC,1610488823390,2021-01-12T22:00:23.390Z,sell,8e-06,28.92,0.00023136
NAS/BTC,1610488887655,2021-01-12T22:01:27.655Z,sell,8e-06,95.56,0.00076448
NAS/BTC,1610488930212,2021-01-12T22:02:10.212Z,sell,8e-06,142.63,0.0011410399999999998
NAS/BTC,1610488980195,2021-01-12T22:03:00.195Z,sell,8e-06,111.34,0.00089072
NAS/BTC,1610489069948,2021-01-12T22:04:29.948Z,sell,8e-06,145.34,0.00116272
NAS/BTC,1610489107708,2021-01-12T22:05:07.708Z,sell,8e-06,126.1,0.0010087999999999998
NAS/BTC,1610489139593,2021-01-12T22:05:39.593Z,sell,8e-06,97.25,0.0007779999999999999
NAS/BTC,1610489193158,2021-01-12T22:06:33.158Z,sell,8e-06,133.77,0.0010701600000000001
NAS/BTC,1610489246494,2021-01-12T22:07:26.494Z,buy,8.1e-06,1037.91,0.008407071
NAS/BTC,1610489266185,2021-01-12T22:07:46.185Z,sell,8e-06,34.71,0.00027768
NAS/BTC,1610489353992,2021-01-12T22:09:13.992Z,sell,8e-06,110.57,0.00088456
NAS/BTC,1610489398696,2021-01-12T22:09:58.696Z,sell,8e-06,30.55,0.0002444
NAS/BTC,1610489454188,2021-01-12T22:10:54.188Z,sell,8e-06,17.34,0.00013872
NAS/BTC,1610489494992,2021-01-12T22:11:34.992Z,sell,8e-06,12.76,0.00010208
NAS/BTC,1610489541567,2021-01-12T22:12:21.567Z,buy,8.1e-06,177.59,0.001438479
NAS/BTC,1610489597208,2021-01-12T22:13:17.208Z,buy,8.1e-06,132.14,0.001070334
NAS/BTC,1610489632188,2021-01-12T22:13:52.188Z,buy,8.1e-06,177.9,0.00144099
NAS/BTC,1610489701703,2021-01-12T22:15:01.703Z,buy,8.1e-06,158.52,0.0012840120000000002
NAS/BTC,1610489723564,2021-01-12T22:15:23.564Z,buy,8.1e-06,13.13,0.00010635300000000002
NAS/BTC,1610489752189,2021-01-12T22:15:52.189Z,sell,8e-06,33.84,0.00027072
NAS/BTC,1610489790742,2021-01-12T22:16:30.742Z,sell,8e-06,4945.12,0.03956096
NAS/BTC,1610489834777,2021-01-12T22:17:14.777Z,buy,8.1e-06,111.8,0.00090558
NAS/BTC,1610489893804,2021-01-12T22:18:13.804Z,sell,8e-06,139.51,0.00111608
NAS/BTC,1610489922171,2021-01-12T22:18:42.171Z,sell,8e-06,2050.06,0.01640048
NAS/BTC,1610489922171,2021-01-12T22:18:42.171Z,sell,7.9e-06,13035.33,0.102979107
NAS/BTC,1610489922176,2021-01-12T22:18:42.176Z,buy,7.9e-06,2651.73,0.020948667
NAS/BTC,1610489922177,2021-01-12T22:18:42.177Z,buy,7.9e-06,83.58,0.000660282
NAS/BTC,1610489922181,2021-01-12T22:18:42.181Z,buy,7.9e-06,83.58,0.000660282
NAS/BTC,1610489922181,2021-01-12T22:18:42.181Z,buy,7.9e-06,83.58,0.000660282
NAS/BTC,1610489922181,2021-01-12T22:18:42.181Z,buy,7.9e-06,83.58,0.000660282
NAS/BTC,1610489922182,2021-01-12T22:18:42.182Z,buy,7.9e-06,83.58,0.000660282
NAS/BTC,1610489922183,2021-01-12T22:18:42.183Z,buy,7.9e-06,83.58,0.000660282
NAS/BTC,1610489922184,2021-01-12T22:18:42.184Z,buy,7.9e-06,612.36,0.004837644
NAS/BTC,1610489922185,2021-01-12T22:18:42.185Z,buy,7.9e-06,1149.04,0.009077416
NAS/BTC,1610489922465,2021-01-12T22:18:42.465Z,sell,8e-06,100.0,0.0007999999999999999
NAS/BTC,1610489924241,2021-01-12T22:18:44.241Z,sell,8e-06,39.58,0.00031664
NAS/BTC,1610489932381,2021-01-12T22:18:52.381Z,sell,8e-06,71.48,0.00057184
NAS/BTC,1610489962110,2021-01-12T22:19:22.110Z,buy,8e-06,95.62,0.00076496
NAS/BTC,1610490004399,2021-01-12T22:20:04.399Z,buy,8e-06,118.65,0.0009492
NAS/BTC,1610490005924,2021-01-12T22:20:05.924Z,buy,8e-06,488.52,0.00390816
NAS/BTC,1610490006402,2021-01-12T22:20:06.402Z,buy,8e-06,196.2,0.0015695999999999998
NAS/BTC,1610490055889,2021-01-12T22:20:55.889Z,buy,8e-06,112.75,0.0009019999999999999
NAS/BTC,1610490132454,2021-01-12T22:22:12.454Z,buy,8e-06,89.19,0.0007135199999999999
NAS/BTC,1610490173697,2021-01-12T22:22:53.697Z,sell,7.9e-06,898.82,0.007100678000000001
NAS/BTC,1610490207224,2021-01-12T22:23:27.224Z,buy,8e-06,165.68,0.00132544
NAS/BTC,1610490288051,2021-01-12T22:24:48.051Z,buy,8e-06,492.71,0.0039416799999999995
NAS/BTC,1610490288053,2021-01-12T22:24:48.053Z,buy,8e-06,491.62,0.00393296
NAS/BTC,1610490296196,2021-01-12T22:24:56.196Z,buy,8e-06,103.25,0.0008259999999999999
NAS/BTC,1610490370492,2021-01-12T22:26:10.492Z,buy,8e-06,170.8,0.0013664
NAS/BTC,1610490429989,2021-01-12T22:27:09.989Z,buy,8e-06,165.7,0.0013256
NAS/BTC,1610490442501,2021-01-12T22:27:22.501Z,buy,8e-06,138.6,0.0011087999999999998
NAS/BTC,1610490480195,2021-01-12T22:28:00.195Z,buy,8e-06,99.06,0.00079248
NAS/BTC,1610490526184,2021-01-12T22:28:46.184Z,buy,8e-06,33.1,0.0002648
NAS/BTC,1610490563821,2021-01-12T22:29:23.821Z,buy,8e-06,152.39,0.0012191199999999998
NAS/BTC,1610490583181,2021-01-12T22:29:43.181Z,sell,7.9e-06,20000.0,0.158
NAS/BTC,1610490599197,2021-01-12T22:29:59.197Z,sell,7.9e-06,6452.08,0.050971432000000004
NAS/BTC,1610490599202,2021-01-12T22:29:59.202Z,buy,7.9e-06,137.97,0.001089963
NAS/BTC,1610490599202,2021-01-12T22:29:59.202Z,buy,7.9e-06,137.97,0.001089963
NAS/BTC,1610490599202,2021-01-12T22:29:59.202Z,buy,7.9e-06,137.97,0.001089963
NAS/BTC,1610490599204,2021-01-12T22:29:59.204Z,buy,7.9e-06,827.84,0.0065399360000000005
NAS/BTC,1610490599206,2021-01-12T22:29:59.206Z,buy,7.9e-06,497.08,0.003926932
NAS/BTC,1610490599208,2021-01-12T22:29:59.208Z,buy,7.9e-06,137.97,0.001089963
NAS/BTC,1610490599208,2021-01-12T22:29:59.208Z,buy,7.9e-06,137.97,0.001089963
NAS/BTC,1610490599209,2021-01-12T22:29:59.209Z,buy,7.9e-06,83.72,0.0006613880000000001
NAS/BTC,1610490599209,2021-01-12T22:29:59.209Z,buy,7.9e-06,137.97,0.001089963
NAS/BTC,1610490599211,2021-01-12T22:29:59.211Z,buy,7.9e-06,2202.11,0.017396669000000003
NAS/BTC,1610490599213,2021-01-12T22:29:59.213Z,buy,7.9e-06,2202.11,0.017396669000000003
NAS/BTC,1610490599228,2021-01-12T22:29:59.228Z,buy,7.9e-06,987.0,0.007797300000000001
NAS/BTC,1610490599240,2021-01-12T22:29:59.240Z,buy,7.9e-06,362.7,0.00286533
NAS/BTC,1610490599285,2021-01-12T22:29:59.285Z,buy,7.9e-06,643.36,0.0050825440000000005
NAS/BTC,1610490599344,2021-01-12T22:29:59.344Z,buy,7.9e-06,139.24,0.0010999960000000002
NAS/BTC,1610490599352,2021-01-12T22:29:59.352Z,buy,7.9e-06,139.24,0.0010999960000000002
NAS/BTC,1610490599362,2021-01-12T22:29:59.362Z,buy,7.9e-06,632.9,0.00499991
NAS/BTC,1610490599442,2021-01-12T22:29:59.442Z,buy,7.9e-06,135.04,0.001066816
NAS/BTC,1610490599534,2021-01-12T22:29:59.534Z,buy,7.9e-06,611.0,0.0048269
NAS/BTC,1610490599555,2021-01-12T22:29:59.555Z,buy,7.9e-06,263.81,0.0020840990000000003
NAS/BTC,1610490599655,2021-01-12T22:29:59.655Z,buy,7.9e-06,326.57,0.002579903
NAS/BTC,1610490599776,2021-01-12T22:29:59.776Z,buy,7.9e-06,632.9,0.00499991
NAS/BTC,1610490600220,2021-01-12T22:30:00.220Z,buy,7.9e-06,182.0,0.0014378000000000001
NAS/BTC,1610490600819,2021-01-12T22:30:00.819Z,buy,7.9e-06,14.39,0.00011368100000000001
NAS/BTC,1610490601743,2021-01-12T22:30:01.743Z,buy,7.9e-06,25.96,0.00020508400000000002
NAS/BTC,1610490604876,2021-01-12T22:30:04.876Z,buy,7.9e-06,1768.92,0.013974468000000002
NAS/BTC,1610490619147,2021-01-12T22:30:19.147Z,buy,7.9e-06,164.13,0.001296627
NAS/BTC,1610490625139,2021-01-12T22:30:25.139Z,buy,7.9e-06,31.25,0.000246875
NAS/BTC,1610490640021,2021-01-12T22:30:40.021Z,buy,7.9e-06,216.29,0.001708691
NAS/BTC,1610490685899,2021-01-12T22:31:25.899Z,buy,8e-06,107.25,0.0008579999999999999
NAS/BTC,1610490743864,2021-01-12T22:32:23.864Z,buy,8e-06,13.75,0.00010999999999999999
NAS/BTC,1610490769187,2021-01-12T22:32:49.187Z,sell,7.9e-06,187.82,0.001483778
NAS/BTC,1610490780458,2021-01-12T22:33:00.458Z,sell,7.9e-06,22909.74,0.18098694600000004
NAS/BTC,1610490780469,2021-01-12T22:33:00.469Z,buy,7.9e-06,2090.26,0.016513054000000003
NAS/BTC,1610490780509,2021-01-12T22:33:00.509Z,buy,7.9e-06,612.36,0.004837644
NAS/BTC,1610490780529,2021-01-12T22:33:00.529Z,buy,7.9e-06,612.36,0.004837644
NAS/BTC,1610490780549,2021-01-12T22:33:00.549Z,buy,7.9e-06,556.83,0.004398957000000001
NAS/BTC,1610490805649,2021-01-12T22:33:25.649Z,sell,7.9e-06,2124.7,0.01678513
NAS/BTC,1610490805649,2021-01-12T22:33:25.649Z,sell,7.8e-06,12875.3,0.10042733999999999
NAS/BTC,1610490805684,2021-01-12T22:33:25.684Z,sell,7.8e-06,164.72,0.001284816
NAS/BTC,1610490816214,2021-01-12T22:33:36.214Z,sell,7.9e-06,92.03,0.000727037
NAS/BTC,1610490819824,2021-01-12T22:33:39.824Z,sell,7.9e-06,158.13,0.001249227
NAS/BTC,1610490819833,2021-01-12T22:33:39.833Z,sell,7.9e-06,109.03,0.0008613370000000001
NAS/BTC,1610490821045,2021-01-12T22:33:41.045Z,sell,7.9e-06,201.2,0.00158948
NAS/BTC,1610490821102,2021-01-12T22:33:41.102Z,sell,7.9e-06,65.96,0.000521084
NAS/BTC,1610490860300,2021-01-12T22:34:20.300Z,buy,8e-06,23.99,0.00019192
NAS/BTC,1610490923564,2021-01-12T22:35:23.564Z,sell,7.9e-06,153.73,0.001214467
NAS/BTC,1610490924751,2021-01-12T22:35:24.751Z,sell,7.9e-06,170.3,0.0013453700000000002
NAS/BTC,1610490930092,2021-01-12T22:35:30.092Z,buy,8e-06,14.01,0.00011208
NAS/BTC,1610491018196,2021-01-12T22:36:58.196Z,buy,8e-06,19.1,0.0001528
NAS/BTC,1610491101573,2021-01-12T22:38:21.573Z,buy,8e-06,66.32,0.0005305599999999999
NAS/BTC,1610491143707,2021-01-12T22:39:03.707Z,buy,8e-06,12.85,0.00010279999999999999
NAS/BTC,1610491192185,2021-01-12T22:39:52.185Z,buy,8e-06,158.42,0.00126736
NAS/BTC,1610491218127,2021-01-12T22:40:18.127Z,buy,8e-06,12.5,9.999999999999999e-05
NAS/BTC,1610491275190,2021-01-12T22:41:15.190Z,buy,8e-06,185.66,0.0014852799999999998
NAS/BTC,1610491312194,2021-01-12T22:41:52.194Z,buy,8e-06,135.6,0.0010848
NAS/BTC,1610491363679,2021-01-12T22:42:43.679Z,buy,8e-06,166.71,0.00133368
NAS/BTC,1610491416452,2021-01-12T22:43:36.452Z,buy,8e-06,177.33,0.00141864
NAS/BTC,1610491456574,2021-01-12T22:44:16.574Z,buy,8e-06,173.12,0.00138496
NAS/BTC,1610491526228,2021-01-12T22:45:26.228Z,buy,8e-06,15.64,0.00012512
NAS/BTC,1610491543085,2021-01-12T22:45:43.085Z,buy,8e-06,3749.99,0.029999919999999996
NAS/BTC,1610491590055,2021-01-12T22:46:30.055Z,buy,8e-06,22.81,0.00018247999999999997
NAS/BTC,1610491594138,2021-01-12T22:46:34.138Z,sell,7.9e-06,15000.0,0.11850000000000001
NAS/BTC,1610491652906,2021-01-12T22:47:32.906Z,buy,8e-06,70.49,0.00056392
NAS/BTC,1610491687197,2021-01-12T22:48:07.197Z,buy,8e-06,95.45,0.0007636
NAS/BTC,1610491742495,2021-01-12T22:49:02.495Z,buy,8e-06,91.54,0.0007323200000000001
NAS/BTC,1610491747895,2021-01-12T22:49:07.895Z,buy,8e-06,175.9,0.0014072
NAS/BTC,1610491822350,2021-01-12T22:50:22.350Z,buy,8e-06,157.9,0.0012632
NAS/BTC,1610491836890,2021-01-12T22:50:36.890Z,sell,7.9e-06,36.76,0.000290404
NAS/BTC,1610491864893,2021-01-12T22:51:04.893Z,buy,8e-06,17.13,0.00013703999999999998
NAS/BTC,1610491875945,2021-01-12T22:51:15.945Z,sell,7.9e-06,15000.0,0.11850000000000001
NAS/BTC,1610491918202,2021-01-12T22:51:58.202Z,buy,8e-06,175.9,0.0014072
NAS/BTC,1610491993213,2021-01-12T22:53:13.213Z,buy,8e-06,25.98,0.00020784
NAS/BTC,1610492036692,2021-01-12T22:53:56.692Z,buy,8e-06,76.89,0.0006151199999999999
NAS/BTC,1610492085685,2021-01-12T22:54:45.685Z,buy,8e-06,34.87,0.00027895999999999997
NAS/BTC,1610492154191,2021-01-12T22:55:54.191Z,buy,8e-06,131.1,0.0010488
NAS/BTC,1610492237213,2021-01-12T22:57:17.213Z,buy,8e-06,107.16,0.00085728
NAS/BTC,1610492274691,2021-01-12T22:57:54.691Z,buy,8e-06,33.07,0.00026456
NAS/BTC,1610492341211,2021-01-12T22:59:01.211Z,buy,8e-06,30.87,0.00024696
NAS/BTC,1610492391685,2021-01-12T22:59:51.685Z,buy,8e-06,82.42,0.00065936
NAS/BTC,1610492391685,2021-01-12T22:59:51.685Z,buy,8e-06,82.42,0.00065936
NAS/BTC,1610492436405,2021-01-12T23:00:36.405Z,buy,8e-06,2436.38,0.01949104
NAS/BTC,1610492469713,2021-01-12T23:01:09.713Z,buy,8e-06,108.49,0.0008679199999999999
NAS/BTC,1610492501052,2021-01-12T23:01:41.052Z,buy,8e-06,155.55,0.0012444
NAS/BTC,1610492590711,2021-01-12T23:03:10.711Z,buy,8e-06,100.79,0.00080632
NAS/BTC,1610492619367,2021-01-12T23:03:39.367Z,buy,8e-06,258.85,0.0020708000000000002
NAS/BTC,1610492655407,2021-01-12T23:04:15.407Z,buy,8e-06,98.43,0.00078744
NAS/BTC,1610492693536,2021-01-12T23:04:53.536Z,sell,7.9e-06,337.98,0.0026700420000000005
NAS/BTC,1610492711715,2021-01-12T23:05:11.715Z,buy,8e-06,168.02,0.00134416
NAS/BTC,1610492762204,2021-01-12T23:06:02.204Z,buy,8e-06,70.93,0.00056744
NAS/BTC,1610492841550,2021-01-12T23:07:21.550Z,buy,8e-06,84.08,0.00067264
NAS/BTC,1610492898245,2021-01-12T23:08:18.245Z,buy,8e-06,16.36,0.00013088
NAS/BTC,1610492977939,2021-01-12T23:09:37.939Z,buy,8e-06,135.73,0.0010858399999999998
NAS/BTC,1610493003742,2021-01-12T23:10:03.742Z,buy,8e-06,165.71,0.00132568
NAS/BTC,1610493025585,2021-01-12T23:10:25.585Z,buy,8e-06,146.35,0.0011707999999999998
NAS/BTC,1610493070699,2021-01-12T23:11:10.699Z,buy,8e-06,29.38,0.00023503999999999997
NAS/BTC,1610493143942,2021-01-12T23:12:23.942Z,buy,8e-06,124.65,0.0009972
NAS/BTC,1610493201973,2021-01-12T23:13:21.973Z,buy,8e-06,27.22,0.00021775999999999998
NAS/BTC,1610493236178,2021-01-12T23:13:56.178Z,sell,7.9e-06,1280.76,0.010118004
NAS/BTC,1610493238192,2021-01-12T23:13:58.192Z,buy,8e-06,128.15,0.0010252
NAS/BTC,1610493277495,2021-01-12T23:14:37.495Z,buy,8e-06,120.55,0.0009643999999999999
NAS/BTC,1610493324187,2021-01-12T23:15:24.187Z,buy,8e-06,161.22,0.00128976
NAS/BTC,1610493366206,2021-01-12T23:16:06.206Z,buy,8e-06,124.62,0.00099696
NAS/BTC,1610493379871,2021-01-12T23:16:19.871Z,sell,7.9e-06,12.81,0.00010119900000000002
NAS/BTC,1610493436713,2021-01-12T23:17:16.713Z,buy,8e-06,36.69,0.00029351999999999997
NAS/BTC,1610493483206,2021-01-12T23:18:03.206Z,buy,8e-06,26.71,0.00021368
NAS/BTC,1610493532683,2021-01-12T23:18:52.683Z,buy,8e-06,96.65,0.0007732
NAS/BTC,1610493578283,2021-01-12T23:19:38.283Z,buy,8e-06,178.23,0.0014258399999999998
NAS/BTC,1610493665705,2021-01-12T23:21:05.705Z,buy,8e-06,133.52,0.00106816
NAS/BTC,1610493703214,2021-01-12T23:21:43.214Z,buy,8e-06,12.5,9.999999999999999e-05
NAS/BTC,1610493741216,2021-01-12T23:22:21.216Z,buy,8e-06,21.5,0.00017199999999999998
NAS/BTC,1610493788702,2021-01-12T23:23:08.702Z,buy,8e-06,12.54,0.00010031999999999999
NAS/BTC,1610493820518,2021-01-12T23:23:40.518Z,buy,8e-06,116.71,0.0009336799999999999
NAS/BTC,1610493865765,2021-01-12T23:24:25.765Z,buy,8e-06,151.17,0.0012093599999999998
NAS/BTC,1610493908204,2021-01-12T23:25:08.204Z,buy,8e-06,88.41,0.0007072799999999999
NAS/BTC,1610493941958,2021-01-12T23:25:41.958Z,buy,8e-06,138.77,0.00111016
NAS/BTC,1610493944905,2021-01-12T23:25:44.905Z,buy,8e-06,423.55,0.0033883999999999997
NAS/BTC,1610493987810,2021-01-12T23:26:27.810Z,buy,8e-06,123.02,0.00098416
NAS/BTC,1610494052449,2021-01-12T23:27:32.449Z,buy,8e-06,182.29,0.00145832
NAS/BTC,1610494134191,2021-01-12T23:28:54.191Z,buy,8e-06,128.73,0.00102984
NAS/BTC,1610494203200,2021-01-12T23:30:03.200Z,buy,8e-06,92.45,0.0007396
NAS/BTC,1610494287876,2021-01-12T23:31:27.876Z,sell,7.9e-06,181.39,0.001432981
NAS/BTC,1610494362262,2021-01-12T23:32:42.262Z,buy,8e-06,137.45,0.0010995999999999998
NAS/BTC,1610494449409,2021-01-12T23:34:09.409Z,buy,8e-06,119.17,0.00095336
NAS/BTC,1610494534723,2021-01-12T23:35:34.723Z,buy,8e-06,131.71,0.00105368
NAS/BTC,1610494582219,2021-01-12T23:36:22.219Z,buy,8e-06,23.71,0.00018967999999999999
NAS/BTC,1610494630069,2021-01-12T23:37:10.069Z,buy,8e-06,79.36,0.00063488
NAS/BTC,1610494706785,2021-01-12T23:38:26.785Z,buy,8e-06,25.76,0.00020608
NAS/BTC,1610494761710,2021-01-12T23:39:21.710Z,buy,8e-06,19.53,0.00015624
NAS/BTC,1610494820214,2021-01-12T23:40:20.214Z,buy,8e-06,90.82,0.0007265599999999999
NAS/BTC,1610494886037,2021-01-12T23:41:26.037Z,buy,8e-06,81.7,0.0006536
NAS/BTC,1610494967179,2021-01-12T23:42:47.179Z,sell,7.9e-06,147.46,0.001164934
NAS/BTC,1610495044199,2021-01-12T23:44:04.199Z,sell,7.9e-06,153.78,0.0012148620000000001
NAS/BTC,1610495112211,2021-01-12T23:45:12.211Z,sell,7.9e-06,67.74,0.000535146
NAS/BTC,1610495136634,2021-01-12T23:45:36.634Z,buy,8e-06,12.63,0.00010104000000000001
NAS/BTC,1610495199006,2021-01-12T23:46:39.006Z,sell,7.9e-06,142.89,0.001128831
NAS/BTC,1610495223726,2021-01-12T23:47:03.726Z,buy,8e-06,409.19,0.00327352
NAS/BTC,1610495263054,2021-01-12T23:47:43.054Z,buy,8e-06,71.07,0.00056856
NAS/BTC,1610495337707,2021-01-12T23:48:57.707Z,buy,8e-06,25.54,0.00020432
NAS/BTC,1610495378461,2021-01-12T23:49:38.461Z,buy,8e-06,99.63,0.0007970399999999999
NAS/BTC,1610495418214,2021-01-12T23:50:18.214Z,buy,8e-06,32.67,0.00026136
NAS/BTC,1610495492977,2021-01-12T23:51:32.977Z,buy,8e-06,143.01,0.0011440799999999998
NAS/BTC,1610495552927,2021-01-12T23:52:32.927Z,buy,8e-06,105.96,0.00084768
NAS/BTC,1610495611418,2021-01-12T23:53:31.418Z,buy,8e-06,44.25,0.000354
NAS/BTC,1610495632186,2021-01-12T23:53:52.186Z,buy,8e-06,176.04,0.0014083199999999998
NAS/BTC,1610495673767,2021-01-12T23:54:33.767Z,buy,8e-06,13.77,0.00011015999999999999
NAS/BTC,1610495706200,2021-01-12T23:55:06.200Z,buy,8e-06,141.92,0.0011353599999999998
NAS/BTC,1610495776169,2021-01-12T23:56:16.169Z,buy,8e-06,88.89,0.00071112
NAS/BTC,1610495857694,2021-01-12T23:57:37.694Z,buy,8e-06,123.01,0.00098408
NAS/BTC,1610495877831,2021-01-12T23:57:57.831Z,sell,7.9e-06,104.09,0.000822311
NAS/BTC,1610495911826,2021-01-12T23:58:31.826Z,sell,7.9e-06,104.52,0.0008257080000000001
NAS/BTC,1610495979312,2021-01-12T23:59:39.312Z,buy,8e-06,25.78,0.00020624
NAS/BTC,1610495979312,2021-01-12T23:59:39.312Z,buy,8e-06,25.78,0.00020624
NAS/BTC,1610496031247,2021-01-13T00:00:31.247Z,buy,8e-06,16.38,0.00013104
NAS/BTC,1610496075701,2021-01-13T00:01:15.701Z,sell,7.9e-06,88.2,0.00069678
NAS/BTC,1610496133243,2021-01-13T00:02:13.243Z,buy,8e-06,156.83,0.00125464
NAS/BTC,1610496208230,2021-01-13T00:03:28.230Z,buy,8e-06,159.37,0.00127496
NAS/BTC,1610496283147,2021-01-13T00:04:43.147Z,buy,8e-06,156.65,0.0012531999999999999
NAS/BTC,1610496340279,2021-01-13T00:05:40.279Z,sell,7.9e-06,105.99,0.000837321
NAS/BTC,1610496357201,2021-01-13T00:05:57.201Z,buy,8e-06,148.55,0.0011884
NAS/BTC,1610496443215,2021-01-13T00:07:23.215Z,buy,8e-06,18.6,0.0001488
NAS/BTC,1610496528189,2021-01-13T00:08:48.189Z,buy,8e-06,180.15,0.0014412
NAS/BTC,1610496534234,2021-01-13T00:08:54.234Z,sell,7.9e-06,1500.71,0.011855609000000001
NAS/BTC,1610496581681,2021-01-13T00:09:41.681Z,buy,8e-06,88.84,0.00071072
NAS/BTC,1610496650184,2021-01-13T00:10:50.184Z,buy,8e-06,136.18,0.0010894400000000001
NAS/BTC,1610496702949,2021-01-13T00:11:42.949Z,buy,8e-06,16.88,0.00013503999999999998
NAS/BTC,1610496740518,2021-01-13T00:12:20.518Z,buy,8e-06,108.92,0.00087136
NAS/BTC,1610496828779,2021-01-13T00:13:48.779Z,buy,8e-06,123.25,0.000986
NAS/BTC,1610496902701,2021-01-13T00:15:02.701Z,buy,8e-06,144.74,0.00115792
NAS/BTC,1610496940096,2021-01-13T00:15:40.096Z,buy,8e-06,20.97,0.00016775999999999998
NAS/BTC,1610496971709,2021-01-13T00:16:11.709Z,buy,8e-06,86.4,0.0006912
NAS/BTC,1610497001714,2021-01-13T00:16:41.714Z,buy,8e-06,12.63,0.00010104000000000001
NAS/BTC,1610497014193,2021-01-13T00:16:54.193Z,buy,8e-06,120.4,0.0009632
NAS/BTC,1610497093225,2021-01-13T00:18:13.225Z,buy,8e-06,348.0,0.002784
NAS/BTC,1610497097721,2021-01-13T00:18:17.721Z,buy,8e-06,36.74,0.00029392
NAS/BTC,1610497128180,2021-01-13T00:18:48.180Z,buy,8e-06,78.31,0.00062648
NAS/BTC,1610497205715,2021-01-13T00:20:05.715Z,buy,8e-06,24.81,0.00019847999999999998
NAS/BTC,1610497257193,2021-01-13T00:20:57.193Z,buy,8e-06,85.26,0.0006820800000000001
NAS/BTC,1610497318204,2021-01-13T00:21:58.204Z,buy,8e-06,35.75,0.000286
NAS/BTC,1610497358550,2021-01-13T00:22:38.550Z,buy,8e-06,182.0,0.0014559999999999998
NAS/BTC,1610497358672,2021-01-13T00:22:38.672Z,buy,8e-06,714.96,0.00571968
NAS/BTC,1610497366650,2021-01-13T00:22:46.650Z,buy,8e-06,291.59,0.0023327199999999995
NAS/BTC,1610497366670,2021-01-13T00:22:46.670Z,buy,8e-06,323.0,0.002584
NAS/BTC,1610497395212,2021-01-13T00:23:15.212Z,buy,8e-06,22.96,0.00018368
NAS/BTC,1610497449270,2021-01-13T00:24:09.270Z,buy,8e-06,946.3,0.0075704
NAS/BTC,1610497453857,2021-01-13T00:24:13.857Z,buy,8e-06,18.0,0.000144
NAS/BTC,1610497462232,2021-01-13T00:24:22.232Z,buy,8e-06,163.14,0.0013051199999999999
NAS/BTC,1610497497256,2021-01-13T00:24:57.256Z,buy,8e-06,33.36,0.00026688
NAS/BTC,1610497524078,2021-01-13T00:25:24.078Z,buy,8e-06,377.85,0.0030228
NAS/BTC,1610497565703,2021-01-13T00:26:05.703Z,buy,8e-06,167.15,0.0013372
NAS/BTC,1610497619705,2021-01-13T00:26:59.705Z,buy,8e-06,117.78,0.00094224
NAS/BTC,1610497699215,2021-01-13T00:28:19.215Z,buy,8e-06,28.76,0.00023008
NAS/BTC,1610497709495,2021-01-13T00:28:29.495Z,buy,8e-06,112.02,0.0008961599999999999
NAS/BTC,1610497749207,2021-01-13T00:29:09.207Z,buy,8e-06,156.42,0.0012513599999999998
NAS/BTC,1610497803715,2021-01-13T00:30:03.715Z,buy,8e-06,77.69,0.00062152
NAS/BTC,1610497858696,2021-01-13T00:30:58.696Z,buy,8e-06,30.51,0.00024408
NAS/BTC,1610497935712,2021-01-13T00:32:15.712Z,buy,8e-06,29.58,0.00023663999999999998
NAS/BTC,1610497984904,2021-01-13T00:33:04.904Z,buy,8e-06,102.62,0.00082096
NAS/BTC,1610498053902,2021-01-13T00:34:13.902Z,buy,8e-06,112.47,0.00089976
NAS/BTC,1610498134382,2021-01-13T00:35:34.382Z,buy,8e-06,23.7,0.00018959999999999997
NAS/BTC,1610498218698,2021-01-13T00:36:58.698Z,buy,8e-06,62.8,0.0005024
NAS/BTC,1610498273695,2021-01-13T00:37:53.695Z,buy,8e-06,23.25,0.000186
NAS/BTC,1610498304237,2021-01-13T00:38:24.237Z,buy,8e-06,113.49,0.0009079199999999999
NAS/BTC,1610498350405,2021-01-13T00:39:10.405Z,buy,8e-06,103.14,0.0008251199999999999
NAS/BTC,1610498387310,2021-01-13T00:39:47.310Z,buy,8e-06,87.61,0.00070088
NAS/BTC,1610498458695,2021-01-13T00:40:58.695Z,buy,8e-06,65.15,0.0005212
NAS/BTC,1610498516935,2021-01-13T00:41:56.935Z,buy,8e-06,66.21,0.0005296799999999999
NAS/BTC,1610498545738,2021-01-13T00:42:25.738Z,buy,8e-06,171.7,0.0013735999999999998
NAS/BTC,1610498632188,2021-01-13T00:43:52.188Z,buy,8e-06,139.41,0.00111528
NAS/BTC,1610498720221,2021-01-13T00:45:20.221Z,buy,8e-06,145.38,0.00116304
NAS/BTC,1610498768780,2021-01-13T00:46:08.780Z,buy,8e-06,1023.08,0.00818464
NAS/BTC,1610498772206,2021-01-13T00:46:12.206Z,buy,8e-06,32.72,0.00026176
NAS/BTC,1610498818698,2021-01-13T00:46:58.698Z,buy,8e-06,169.27,0.00135416
NAS/BTC,1610498876318,2021-01-13T00:47:56.318Z,buy,8e-06,82.69,0.00066152
NAS/BTC,1610498876327,2021-01-13T00:47:56.327Z,buy,8e-06,66.15,0.0005292000000000001
NAS/BTC,1610498876334,2021-01-13T00:47:56.334Z,buy,8e-06,53.58,0.00042864
NAS/BTC,1610498877044,2021-01-13T00:47:57.044Z,buy,8e-06,59.52,0.00047616
NAS/BTC,1610498883414,2021-01-13T00:48:03.414Z,buy,8e-06,82.64,0.00066112
NAS/BTC,1610498894273,2021-01-13T00:48:14.273Z,buy,8e-06,116.92,0.00093536
NAS/BTC,1610498941708,2021-01-13T00:49:01.708Z,buy,8e-06,108.5,0.000868
NAS/BTC,1610498967458,2021-01-13T00:49:27.458Z,buy,8e-06,504.35,0.0040348
NAS/BTC,1610499010214,2021-01-13T00:50:10.214Z,buy,8e-06,130.26,0.00104208
NAS/BTC,1610499040480,2021-01-13T00:50:40.480Z,buy,8e-06,156.26,0.0012500799999999998
NAS/BTC,1610499129210,2021-01-13T00:52:09.210Z,buy,8e-06,156.04,0.0012483199999999998
NAS/BTC,1610499164181,2021-01-13T00:52:44.181Z,buy,8e-06,20.76,0.00016608
NAS/BTC,1610499211476,2021-01-13T00:53:31.476Z,buy,8e-06,26.89,0.00021512
NAS/BTC,1610499274014,2021-01-13T00:54:34.014Z,buy,8e-06,164.4,0.0013152
NAS/BTC,1610499358706,2021-01-13T00:55:58.706Z,buy,8e-06,31.58,0.00025264
NAS/BTC,1610499414692,2021-01-13T00:56:54.692Z,buy,8e-06,147.62,0.00118096
NAS/BTC,1610499471692,2021-01-13T00:57:51.692Z,buy,8e-06,73.21,0.0005856799999999999
NAS/BTC,1610499532700,2021-01-13T00:58:52.700Z,buy,8e-06,16.92,0.00013536
NAS/BTC,1610499567233,2021-01-13T00:59:27.233Z,buy,8e-06,1409.39,0.01127512
NAS/BTC,1610499567233,2021-01-13T00:59:27.233Z,buy,8e-06,1409.39,0.01127512
NAS/BTC,1610499608208,2021-01-13T01:00:08.208Z,sell,7.9e-06,149.5,0.0011810500000000001
NAS/BTC,1610499638836,2021-01-13T01:00:38.836Z,sell,7.9e-06,80.9,0.0006391100000000001
NAS/BTC,1610499681626,2021-01-13T01:01:21.626Z,sell,7.9e-06,182.0,0.0014378000000000001
NAS/BTC,1610499692138,2021-01-13T01:01:32.138Z,sell,7.9e-06,188.21,0.001486859
NAS/BTC,1610499692155,2021-01-13T01:01:32.155Z,sell,7.9e-06,877.84,0.006934936000000001
NAS/BTC,1610499692179,2021-01-13T01:01:32.179Z,sell,7.9e-06,1026.45,0.008108955000000001
NAS/BTC,1610499710194,2021-01-13T01:01:50.194Z,buy,7.9e-06,124.06,0.000980074
NAS/BTC,1610499778697,2021-01-13T01:02:58.697Z,buy,7.9e-06,130.48,0.001030792
NAS/BTC,1610499815037,2021-01-13T01:03:35.037Z,buy,7.9e-06,129.35,0.001021865
NAS/BTC,1610499853709,2021-01-13T01:04:13.709Z,buy,7.9e-06,154.84,0.0012232360000000002
NAS/BTC,1610499858047,2021-01-13T01:04:18.047Z,buy,7.9e-06,333.75,0.002636625
NAS/BTC,1610499883880,2021-01-13T01:04:43.880Z,buy,7.9e-06,70.3,0.00055537
NAS/BTC,1610499923843,2021-01-13T01:05:23.843Z,buy,7.9e-06,26.41,0.00020863900000000002
NAS/BTC,1610499957196,2021-01-13T01:05:57.196Z,buy,7.9e-06,129.55,0.0010234450000000002
NAS/BTC,1610500034713,2021-01-13T01:07:14.713Z,buy,7.9e-06,16.25,0.00012837500000000002
NAS/BTC,1610500092212,2021-01-13T01:08:12.212Z,buy,7.9e-06,175.79,0.001388741
NAS/BTC,1610500146698,2021-01-13T01:09:06.698Z,buy,7.9e-06,422.13,0.0033348270000000003
NAS/BTC,1610500146755,2021-01-13T01:09:06.755Z,buy,7.9e-06,182.0,0.0014378000000000001
NAS/BTC,1610500149227,2021-01-13T01:09:09.227Z,buy,7.9e-06,182.0,0.0014378000000000001
NAS/BTC,1610500169075,2021-01-13T01:09:29.075Z,buy,7.9e-06,186.82,0.0014758780000000001
NAS/BTC,1610500200219,2021-01-13T01:10:00.219Z,buy,7.9e-06,243.38,0.001922702
NAS/BTC,1610500207940,2021-01-13T01:10:07.940Z,buy,7.9e-06,182.0,0.0014378000000000001
NAS/BTC,1610500212206,2021-01-13T01:10:12.206Z,buy,7.9e-06,39.49,0.000311971
NAS/BTC,1610500212210,2021-01-13T01:10:12.210Z,sell,7.9e-06,99.84,0.0007887360000000001
NAS/BTC,1610500226798,2021-01-13T01:10:26.798Z,buy,7.9e-06,39.49,0.000311971
NAS/BTC,1610500235569,2021-01-13T01:10:35.569Z,buy,7.9e-06,88.92,0.000702468
NAS/BTC,1610500257690,2021-01-13T01:10:57.690Z,sell,7.9e-06,124.11,0.000980469
NAS/BTC,1610500272597,2021-01-13T01:11:12.597Z,buy,8e-06,12.63,0.00010104000000000001
NAS/BTC,1610500272825,2021-01-13T01:11:12.825Z,buy,8e-06,12.63,0.00010104000000000001
NAS/BTC,1610500290274,2021-01-13T01:11:30.274Z,sell,7.9e-06,72.53,0.0005729870000000001
NAS/BTC,1610500325814,2021-01-13T01:12:05.814Z,buy,8e-06,38.1,0.0003048
NAS/BTC,1610500373685,2021-01-13T01:12:53.685Z,sell,7.9e-06,39.0,0.0003081
NAS/BTC,1610500373884,2021-01-13T01:12:53.884Z,buy,7.9e-06,36.31,0.00028684900000000004
NAS/BTC,1610500422079,2021-01-13T01:13:42.079Z,sell,7.9e-06,126.2,0.0009969800000000002
NAS/BTC,1610500455532,2021-01-13T01:14:15.532Z,sell,7.9e-06,101.96,0.000805484
NAS/BTC,1610500485883,2021-01-13T01:14:45.883Z,buy,7.9e-06,19.39,0.000153181
NAS/BTC,1610500522888,2021-01-13T01:15:22.888Z,buy,7.9e-06,348.0,0.0027492000000000003
NAS/BTC,1610500522889,2021-01-13T01:15:22.889Z,buy,7.9e-06,10.16,8.0264e-05
NAS/BTC,1610500569705,2021-01-13T01:16:09.705Z,buy,8e-06,28.59,0.00022872
NAS/BTC,1610500651067,2021-01-13T01:17:31.067Z,sell,7.9e-06,143.27,0.001131833
NAS/BTC,1610500731693,2021-01-13T01:18:51.693Z,buy,8e-06,33.54,0.00026832
NAS/BTC,1610500809792,2021-01-13T01:20:09.792Z,sell,7.9e-06,142.01,0.001121879
NAS/BTC,1610500851880,2021-01-13T01:20:51.880Z,buy,8e-06,14.26,0.00011407999999999999
NAS/BTC,1610500932217,2021-01-13T01:22:12.217Z,buy,8e-06,15.49,0.00012392
NAS/BTC,1610500985195,2021-01-13T01:23:05.195Z,buy,8e-06,161.2,0.0012896
NAS/BTC,1610501067586,2021-01-13T01:24:27.586Z,buy,8e-06,35.55,0.0002844
NAS/BTC,1610501124851,2021-01-13T01:25:24.851Z,buy,8e-06,18.51,0.00014808
NAS/BTC,1610501185500,2021-01-13T01:26:25.500Z,buy,8e-06,90.0,0.0007199999999999999
NAS/BTC,1610501194831,2021-01-13T01:26:34.831Z,buy,8e-06,27.37,0.00021896
NAS/BTC,1610501213763,2021-01-13T01:26:53.763Z,buy,8e-06,105.37,0.00084296
NAS/BTC,1610501267667,2021-01-13T01:27:47.667Z,buy,8e-06,379.65,0.0030372
NAS/BTC,1610501282204,2021-01-13T01:28:02.204Z,buy,8e-06,136.31,0.00109048
NAS/BTC,1610501325689,2021-01-13T01:28:45.689Z,buy,8e-06,131.14,0.0010491199999999997
NAS/BTC,1610501338156,2021-01-13T01:28:58.156Z,buy,8e-06,365.1,0.0029208
NAS/BTC,1610501377641,2021-01-13T01:29:37.641Z,buy,8e-06,228.28,0.00182624
NAS/BTC,1610501395200,2021-01-13T01:29:55.200Z,buy,8e-06,83.2,0.0006656
NAS/BTC,1610501427491,2021-01-13T01:30:27.491Z,buy,8e-06,139.08,0.00111264
NAS/BTC,1610501457274,2021-01-13T01:30:57.274Z,buy,8e-06,333.37,0.00266696
NAS/BTC,1610501498890,2021-01-13T01:31:38.890Z,buy,8e-06,170.47,0.0013637599999999999
NAS/BTC,1610501514662,2021-01-13T01:31:54.662Z,buy,8e-06,234.13,0.0018730399999999999
NAS/BTC,1610501552263,2021-01-13T01:32:32.263Z,buy,8e-06,17.43,0.00013943999999999998
NAS/BTC,1610501599099,2021-01-13T01:33:19.099Z,buy,8e-06,158.58,0.0012686400000000001
NAS/BTC,1610501612566,2021-01-13T01:33:32.566Z,buy,8e-06,277.0,0.002216
NAS/BTC,1610501649260,2021-01-13T01:34:09.260Z,buy,8e-06,171.25,0.00137
NAS/BTC,1610501717256,2021-01-13T01:35:17.256Z,buy,8e-06,395.42,0.00316336
NAS/BTC,1610501717374,2021-01-13T01:35:17.374Z,buy,8e-06,93.35,0.0007467999999999999
NAS/BTC,1610501734936,2021-01-13T01:35:34.936Z,buy,8e-06,21.69,0.00017352
NAS/BTC,1610501778012,2021-01-13T01:36:18.012Z,buy,8e-06,76.04,0.00060832
NAS/BTC,1610501836073,2021-01-13T01:37:16.073Z,buy,8e-06,106.8,0.0008544
NAS/BTC,1610501911744,2021-01-13T01:38:31.744Z,buy,8e-06,84.7,0.0006776
NAS/BTC,1610501991182,2021-01-13T01:39:51.182Z,buy,8e-06,103.13,0.00082504
NAS/BTC,1610502031112,2021-01-13T01:40:31.112Z,buy,8e-06,33.1,0.0002648
NAS/BTC,1610502072711,2021-01-13T01:41:12.711Z,buy,8e-06,20.97,0.00016775999999999998
NAS/BTC,1610502143352,2021-01-13T01:42:23.352Z,buy,8e-06,32.62,0.00026095999999999997
NAS/BTC,1610502222313,2021-01-13T01:43:42.313Z,buy,8e-06,186.76,0.0014940799999999998
NAS/BTC,1610502303218,2021-01-13T01:45:03.218Z,buy,8e-06,136.47,0.00109176
NAS/BTC,1610502379173,2021-01-13T01:46:19.173Z,buy,8e-06,182.25,0.0014579999999999999
NAS/BTC,1610502440049,2021-01-13T01:47:20.049Z,buy,8e-06,79.96,0.0006396799999999999
NAS/BTC,1610502504938,2021-01-13T01:48:24.938Z,buy,8e-06,18.85,0.0001508
NAS/BTC,1610502579162,2021-01-13T01:49:39.162Z,buy,8e-06,17.85,0.0001428
NAS/BTC,1610502637526,2021-01-13T01:50:37.526Z,buy,8e-06,159.23,0.0012738399999999998
NAS/BTC,1610502706465,2021-01-13T01:51:46.465Z,buy,8e-06,22.65,0.00018119999999999999
NAS/BTC,1610502767685,2021-01-13T01:52:47.685Z,buy,8e-06,94.54,0.00075632
NAS/BTC,1610502777252,2021-01-13T01:52:57.252Z,buy,8e-06,555.47,0.00444376
NAS/BTC,1610502816718,2021-01-13T01:53:36.718Z,buy,8e-06,155.3,0.0012424
NAS/BTC,1610502865870,2021-01-13T01:54:25.870Z,buy,8e-06,177.28,0.0014182399999999999
NAS/BTC,1610502870957,2021-01-13T01:54:30.957Z,buy,8.1e-06,37.3,0.00030213
NAS/BTC,1610502897705,2021-01-13T01:54:57.705Z,buy,8e-06,187.13,0.0014970399999999998
NAS/BTC,1610502913758,2021-01-13T01:55:13.758Z,sell,8e-06,182.0,0.0014559999999999998
NAS/BTC,1610502917486,2021-01-13T01:55:17.486Z,sell,8e-06,330.04,0.0026403200000000003
NAS/BTC,1610502927552,2021-01-13T01:55:27.552Z,sell,8e-06,68.38,0.0005470399999999999
NAS/BTC,1610502927554,2021-01-13T01:55:27.554Z,buy,8e-06,17.15,0.00013719999999999997
NAS/BTC,1610502932668,2021-01-13T01:55:32.668Z,sell,8e-06,37.46,0.00029968
NAS/BTC,1610502984680,2021-01-13T01:56:24.680Z,sell,8e-06,27.51,0.00022008
NAS/BTC,1610503067207,2021-01-13T01:57:47.207Z,sell,8e-06,72.41,0.0005792799999999999
NAS/BTC,1610503099685,2021-01-13T01:58:19.685Z,sell,8e-06,30.92,0.00024736
NAS/BTC,1610503099685,2021-01-13T01:58:19.685Z,sell,7.9e-06,35.29,0.000278791
NAS/BTC,1610503150502,2021-01-13T01:59:10.502Z,buy,8e-06,94.12,0.00075296
NAS/BTC,1610503150502,2021-01-13T01:59:10.502Z,buy,8e-06,94.12,0.00075296
NAS/BTC,1610503235934,2021-01-13T02:00:35.934Z,buy,8e-06,65.18,0.0005214400000000001
NAS/BTC,1610503307731,2021-01-13T02:01:47.731Z,buy,8e-06,72.62,0.00058096
NAS/BTC,1610503335354,2021-01-13T02:02:15.354Z,buy,8e-06,220.41,0.0017632799999999999
NAS/BTC,1610503392857,2021-01-13T02:03:12.857Z,buy,8e-06,28.87,0.00023096
NAS/BTC,1610503394629,2021-01-13T02:03:14.629Z,buy,8e-06,12.63,0.00010104000000000001
NAS/BTC,1610503468772,2021-01-13T02:04:28.772Z,buy,8e-06,66.18,0.00052944
NAS/BTC,1610503468779,2021-01-13T02:04:28.779Z,buy,8e-06,467.89,0.0037431199999999995
NAS/BTC,1610503473069,2021-01-13T02:04:33.069Z,buy,8e-06,170.4,0.0013632
NAS/BTC,1610503506276,2021-01-13T02:05:06.276Z,buy,8e-06,70.06,0.00056048
NAS/BTC,1610503581563,2021-01-13T02:06:21.563Z,buy,8e-06,167.89,0.0013431199999999997
NAS/BTC,1610503671192,2021-01-13T02:07:51.192Z,buy,8e-06,22.75,0.00018199999999999998
NAS/BTC,1610503690374,2021-01-13T02:08:10.374Z,buy,8e-06,324.55,0.0025964
NAS/BTC,1610503690416,2021-01-13T02:08:10.416Z,buy,8e-06,115.53,0.00092424
NAS/BTC,1610503694495,2021-01-13T02:08:14.495Z,buy,8e-06,235.37,0.00188296
NAS/BTC,1610503694675,2021-01-13T02:08:14.675Z,buy,8e-06,177.39,0.0014191199999999998
NAS/BTC,1610503715050,2021-01-13T02:08:35.050Z,buy,8e-06,157.77,0.00126216
NAS/BTC,1610503720629,2021-01-13T02:08:40.629Z,buy,8e-06,209.02,0.00167216
NAS/BTC,1610503722481,2021-01-13T02:08:42.481Z,buy,8e-06,110.92,0.00088736
NAS/BTC,1610503724364,2021-01-13T02:08:44.364Z,buy,8e-06,163.7,0.0013096
NAS/BTC,1610503724413,2021-01-13T02:08:44.413Z,buy,8e-06,139.71,0.00111768
NAS/BTC,1610503799201,2021-01-13T02:09:59.201Z,sell,8e-06,74.59,0.00059672
NAS/BTC,1610503841373,2021-01-13T02:10:41.373Z,buy,8e-06,173.48,0.0013878399999999998
NAS/BTC,1610503910287,2021-01-13T02:11:50.287Z,buy,8e-06,85.49,0.00068392
NAS/BTC,1610503944836,2021-01-13T02:12:24.836Z,sell,8e-06,77.61,0.00062088
NAS/BTC,1610504019520,2021-01-13T02:13:39.520Z,sell,8e-06,97.08,0.00077664
NAS/BTC,1610504045300,2021-01-13T02:14:05.300Z,buy,8.1e-06,1800.74,0.014585994000000001
NAS/BTC,1610504049885,2021-01-13T02:14:09.885Z,buy,8e-06,78.81,0.00063048
NAS/BTC,1610504127463,2021-01-13T02:15:27.463Z,sell,8e-06,93.18,0.00074544
NAS/BTC,1610504205679,2021-01-13T02:16:45.679Z,sell,8e-06,156.64,0.00125312
NAS/BTC,1610504280993,2021-01-13T02:18:00.993Z,buy,8.1e-06,2400.0,0.019440000000000002
NAS/BTC,1610504281076,2021-01-13T02:18:01.076Z,buy,8.1e-06,1200.0,0.009720000000000001
NAS/BTC,1610504288980,2021-01-13T02:18:08.980Z,buy,8.1e-06,76.65,0.0006208650000000001
NAS/BTC,1610504358118,2021-01-13T02:19:18.118Z,buy,8.1e-06,99.94,0.000809514
NAS/BTC,1610504372931,2021-01-13T02:19:32.931Z,buy,8.1e-06,65.36,0.000529416
NAS/BTC,1610504426121,2021-01-13T02:20:26.121Z,buy,8.1e-06,140.89,0.001141209
NAS/BTC,1610504474442,2021-01-13T02:21:14.442Z,buy,8.1e-06,110.28,0.000893268
NAS/BTC,1610504513535,2021-01-13T02:21:53.535Z,buy,8.1e-06,221.67,0.0017955269999999999
NAS/BTC,1610504550832,2021-01-13T02:22:30.832Z,buy,8.1e-06,97.47,0.0007895070000000001
NAS/BTC,1610504556222,2021-01-13T02:22:36.222Z,buy,8.1e-06,251.29,0.002035449
NAS/BTC,1610504556234,2021-01-13T02:22:36.234Z,buy,8.1e-06,446.41,0.0036159210000000002
NAS/BTC,1610504556272,2021-01-13T02:22:36.272Z,buy,8.1e-06,462.25,0.0037442250000000003
NAS/BTC,1610504601427,2021-01-13T02:23:21.427Z,buy,8.1e-06,123.31,0.000998811
NAS/BTC,1610504683719,2021-01-13T02:24:43.719Z,buy,8.1e-06,104.55,0.000846855
NAS/BTC,1610504741045,2021-01-13T02:25:41.045Z,buy,8.1e-06,12.47,0.000101007
NAS/BTC,1610504761358,2021-01-13T02:26:01.358Z,buy,8.1e-06,88.09,0.0007135290000000001
NAS/BTC,1610504808689,2021-01-13T02:26:48.689Z,sell,8e-06,19.47,0.00015575999999999999
NAS/BTC,1610504841445,2021-01-13T02:27:21.445Z,buy,8.1e-06,922.18,0.007469658
NAS/BTC,1610504841450,2021-01-13T02:27:21.450Z,buy,8.1e-06,1016.37,0.008232597000000001
NAS/BTC,1610504865683,2021-01-13T02:27:45.683Z,buy,8.1e-06,168.34,0.0013635540000000001
NAS/BTC,1610504905487,2021-01-13T02:28:25.487Z,buy,8.1e-06,133.53,0.001081593
NAS/BTC,1610504974182,2021-01-13T02:29:34.182Z,buy,8.1e-06,173.9,0.0014085900000000001
NAS/BTC,1610505040095,2021-01-13T02:30:40.095Z,sell,8e-06,35.62,0.00028495999999999996
NAS/BTC,1610505086856,2021-01-13T02:31:26.856Z,buy,8.1e-06,114.36,0.000926316
NAS/BTC,1610505126649,2021-01-13T02:32:06.649Z,buy,8.1e-06,183.43,0.001485783
NAS/BTC,1610505152346,2021-01-13T02:32:32.346Z,buy,8.1e-06,94.83,0.000768123
NAS/BTC,1610505229682,2021-01-13T02:33:49.682Z,sell,8e-06,30.46,0.00024368
NAS/BTC,1610505308697,2021-01-13T02:35:08.697Z,buy,8.1e-06,153.59,0.0012440790000000001
NAS/BTC,1610505345679,2021-01-13T02:35:45.679Z,buy,8.1e-06,136.32,0.001104192
NAS/BTC,1610505399323,2021-01-13T02:36:39.323Z,sell,8e-06,18.57,0.00014856
NAS/BTC,1610505421320,2021-01-13T02:37:01.320Z,buy,8.1e-06,81.68,0.000661608
NAS/BTC,1610505464691,2021-01-13T02:37:44.691Z,buy,8.1e-06,130.44,0.001056564
NAS/BTC,1610505546709,2021-01-13T02:39:06.709Z,sell,8e-06,30.61,0.00024488
NAS/BTC,1610505584218,2021-01-13T02:39:44.218Z,sell,8e-06,12.81,0.00010248
NAS/BTC,1610505634733,2021-01-13T02:40:34.733Z,buy,8.1e-06,184.71,0.001496151
NAS/BTC,1610505694879,2021-01-13T02:41:34.879Z,buy,8.1e-06,150.65,0.001220265
NAS/BTC,1610505732325,2021-01-13T02:42:12.325Z,sell,8e-06,28.55,0.0002284
NAS/BTC,1610505763685,2021-01-13T02:42:43.685Z,buy,8.1e-06,157.64,0.001276884
NAS/BTC,1610505778305,2021-01-13T02:42:58.305Z,buy,8.1e-06,10162.81,0.082318761
NAS/BTC,1610505778316,2021-01-13T02:42:58.316Z,sell,8.1e-06,82.64,0.0006693840000000001
NAS/BTC,1610505805502,2021-01-13T02:43:25.502Z,sell,8.1e-06,224.57,0.001819017
NAS/BTC,1610505852313,2021-01-13T02:44:12.313Z,sell,8.1e-06,139.48,0.001129788
NAS/BTC,1610505885671,2021-01-13T02:44:45.671Z,sell,8.1e-06,1253.58,0.010153998
NAS/BTC,1610505885889,2021-01-13T02:44:45.889Z,sell,8.1e-06,290.21,0.0023507009999999997
NAS/BTC,1610505886924,2021-01-13T02:44:46.924Z,sell,8.1e-06,145.11,0.0011753910000000002
NAS/BTC,1610505932959,2021-01-13T02:45:32.959Z,buy,8.1e-06,68.29,0.0005531490000000001
NAS/BTC,1610505988780,2021-01-13T02:46:28.780Z,buy,8.1e-06,93.24,0.000755244
NAS/BTC,1610506049255,2021-01-13T02:47:29.255Z,sell,8e-06,12.76,0.00010208
NAS/BTC,1610506111345,2021-01-13T02:48:31.345Z,buy,8.1e-06,15.0,0.0001215
NAS/BTC,1610506134442,2021-01-13T02:48:54.442Z,sell,8e-06,17.03,0.00013624
NAS/BTC,1610506184184,2021-01-13T02:49:44.184Z,buy,8.1e-06,178.42,0.001445202
NAS/BTC,1610506270710,2021-01-13T02:51:10.710Z,buy,8.1e-06,157.56,0.001276236
NAS/BTC,1610506335478,2021-01-13T02:52:15.478Z,sell,8e-06,26.89,0.00021512
NAS/BTC,1610506384710,2021-01-13T02:53:04.710Z,buy,8.1e-06,84.15,0.0006816150000000001
NAS/BTC,1610506429180,2021-01-13T02:53:49.180Z,buy,8.1e-06,98.68,0.0007993080000000001
NAS/BTC,1610506504705,2021-01-13T02:55:04.705Z,sell,8e-06,34.43,0.00027544
NAS/BTC,1610506553260,2021-01-13T02:55:53.260Z,sell,8e-06,399.6,0.0031968
NAS/BTC,1610506578149,2021-01-13T02:56:18.149Z,buy,8.1e-06,95.19,0.0007710390000000001
NAS/BTC,1610506660990,2021-01-13T02:57:40.990Z,buy,8.1e-06,117.38,0.000950778
NAS/BTC,1610506701540,2021-01-13T02:58:21.540Z,sell,8e-06,16.33,0.00013063999999999998
NAS/BTC,1610506742432,2021-01-13T02:59:02.432Z,sell,8e-06,673.47,0.00538776
NAS/BTC,1610506742432,2021-01-13T02:59:02.432Z,sell,8e-06,673.47,0.00538776
NAS/BTC,1610506785220,2021-01-13T02:59:45.220Z,buy,8.1e-06,175.02,0.001417662
NAS/BTC,1610506823203,2021-01-13T03:00:23.203Z,buy,8.1e-06,126.34,0.001023354
NAS/BTC,1610506901181,2021-01-13T03:01:41.181Z,buy,8.1e-06,154.81,0.001253961
NAS/BTC,1610506943178,2021-01-13T03:02:23.178Z,sell,8e-06,16.18,0.00012943999999999998
NAS/BTC,1610506988201,2021-01-13T03:03:08.201Z,buy,8.1e-06,160.68,0.001301508
NAS/BTC,1610507050204,2021-01-13T03:04:10.204Z,buy,8.1e-06,164.32,0.001330992
NAS/BTC,1610507117832,2021-01-13T03:05:17.832Z,buy,8.1e-06,147.96,0.0011984760000000002
NAS/BTC,1610507153689,2021-01-13T03:05:53.689Z,sell,8e-06,29.58,0.00023663999999999998
NAS/BTC,1610507232209,2021-01-13T03:07:12.209Z,buy,8.1e-06,111.33,0.000901773
NAS/BTC,1610507265685,2021-01-13T03:07:45.685Z,sell,8e-06,15.03,0.00012023999999999999
NAS/BTC,1610507305325,2021-01-13T03:08:25.325Z,sell,8e-06,151.81,0.00121448
NAS/BTC,1610507310240,2021-01-13T03:08:30.240Z,sell,8e-06,121.82,0.0009745599999999999
NAS/BTC,1610507310340,2021-01-13T03:08:30.340Z,sell,8e-06,223.2,0.0017855999999999998
NAS/BTC,1610507310448,2021-01-13T03:08:30.448Z,sell,8e-06,149.99,0.00119992
NAS/BTC,1610507310473,2021-01-13T03:08:30.473Z,sell,8e-06,141.17,0.0011293599999999998
NAS/BTC,1610507314251,2021-01-13T03:08:34.251Z,sell,8e-06,152.57,0.0012205599999999999
NAS/BTC,1610507314786,2021-01-13T03:08:34.786Z,sell,8e-06,142.95,0.0011435999999999998
NAS/BTC,1610507331798,2021-01-13T03:08:51.798Z,sell,8e-06,554.41,0.00443528
NAS/BTC,1610507331845,2021-01-13T03:08:51.845Z,sell,8e-06,223.16,0.00178528
NAS/BTC,1610507331955,2021-01-13T03:08:51.955Z,sell,8e-06,161.37,0.00129096
NAS/BTC,1610507332666,2021-01-13T03:08:52.666Z,sell,8e-06,166.91,0.0013352799999999999
NAS/BTC,1610507345962,2021-01-13T03:09:05.962Z,sell,8e-06,52.23,0.00041783999999999994
NAS/BTC,1610507380890,2021-01-13T03:09:40.890Z,sell,8e-06,20.54,0.00016432
NAS/BTC,1610507441980,2021-01-13T03:10:41.980Z,sell,8e-06,80.96,0.0006476799999999999
NAS/BTC,1610507473841,2021-01-13T03:11:13.841Z,sell,8e-06,131.63,0.0010530399999999999
NAS/BTC,1610507499440,2021-01-13T03:11:39.440Z,sell,8e-06,257.6,0.0020608000000000002
NAS/BTC,1610507499964,2021-01-13T03:11:39.964Z,sell,8e-06,276.75,0.002214
NAS/BTC,1610507500476,2021-01-13T03:11:40.476Z,sell,8e-06,137.5,0.0010999999999999998
NAS/BTC,1610507503335,2021-01-13T03:11:43.335Z,sell,8e-06,28.55,0.0002284
NAS/BTC,1610507525783,2021-01-13T03:12:05.783Z,buy,8e-06,102.95,0.0008236
NAS/BTC,1610507600665,2021-01-13T03:13:20.665Z,sell,7.9e-06,73.7,0.0005822300000000001
NAS/BTC,1610507646795,2021-01-13T03:14:06.795Z,sell,7.9e-06,96.86,0.0007651940000000001
NAS/BTC,1610507732608,2021-01-13T03:15:32.608Z,sell,7.9e-06,118.4,0.0009353600000000001
NAS/BTC,1610507772218,2021-01-13T03:16:12.218Z,sell,7.9e-06,171.55,0.0013552450000000001
NAS/BTC,1610507809684,2021-01-13T03:16:49.684Z,sell,7.9e-06,186.01,0.001469479
NAS/BTC,1610507846459,2021-01-13T03:17:26.459Z,sell,7.9e-06,111.35,0.0008796650000000001
NAS/BTC,1610507912257,2021-01-13T03:18:32.257Z,sell,7.9e-06,77.54,0.000612566
NAS/BTC,1610507951707,2021-01-13T03:19:11.707Z,sell,7.9e-06,93.17,0.000736043
NAS/BTC,1610507990388,2021-01-13T03:19:50.388Z,buy,8e-06,14.33,0.00011464
NAS/BTC,1610508033863,2021-01-13T03:20:33.863Z,buy,8e-06,12.58,0.00010064
NAS/BTC,1610508088960,2021-01-13T03:21:28.960Z,sell,7.9e-06,156.84,0.0012390360000000002
NAS/BTC,1610508150937,2021-01-13T03:22:30.937Z,sell,7.9e-06,146.99,0.0011612210000000003
NAS/BTC,1610508200598,2021-01-13T03:23:20.598Z,sell,7.9e-06,147.57,0.001165803
NAS/BTC,1610508282794,2021-01-13T03:24:42.794Z,buy,8e-06,22.18,0.00017743999999999998
NAS/BTC,1610508368205,2021-01-13T03:26:08.205Z,buy,8e-06,13.97,0.00011176
NAS/BTC,1610508422001,2021-01-13T03:27:02.001Z,sell,7.9e-06,73.86,0.000583494
NAS/BTC,1610508460649,2021-01-13T03:27:40.649Z,buy,8e-06,20.17,0.00016136000000000001
NAS/BTC,1610508543399,2021-01-13T03:29:03.399Z,sell,7.9e-06,170.38,0.001346002
NAS/BTC,1610508567487,2021-01-13T03:29:27.487Z,buy,8e-06,12.5,9.999999999999999e-05
NAS/BTC,1610508577022,2021-01-13T03:29:37.022Z,buy,8e-06,15.36,0.00012288
NAS/BTC,1610508623142,2021-01-13T03:30:23.142Z,buy,8e-06,37.5,0.0003
NAS/BTC,1610508657698,2021-01-13T03:30:57.698Z,sell,7.9e-06,161.07,0.001272453
NAS/BTC,1610508734711,2021-01-13T03:32:14.711Z,buy,8e-06,180.8,0.0014464
NAS/BTC,1610508785712,2021-01-13T03:33:05.712Z,buy,8e-06,115.43,0.00092344
NAS/BTC,1610508837689,2021-01-13T03:33:57.689Z,buy,8e-06,95.19,0.0007615199999999999
NAS/BTC,1610508891684,2021-01-13T03:34:51.684Z,buy,8e-06,111.07,0.0008885599999999999
NAS/BTC,1610508932087,2021-01-13T03:35:32.087Z,buy,8e-06,32.81,0.00026248
NAS/BTC,1610508939551,2021-01-13T03:35:39.551Z,sell,7.9e-06,130.0,0.0010270000000000001
NAS/BTC,1610509002660,2021-01-13T03:36:42.660Z,buy,8e-06,89.87,0.00071896
NAS/BTC,1610509087197,2021-01-13T03:38:07.197Z,buy,8e-06,27.71,0.00022168
NAS/BTC,1610509158229,2021-01-13T03:39:18.229Z,buy,8e-06,114.34,0.0009147199999999999
NAS/BTC,1610509224812,2021-01-13T03:40:24.812Z,buy,8e-06,79.92,0.00063936
NAS/BTC,1610509297678,2021-01-13T03:41:37.678Z,sell,7.9e-06,150.27,0.0011871330000000002
NAS/BTC,1610509378699,2021-01-13T03:42:58.699Z,buy,8e-06,36.55,0.00029239999999999995
NAS/BTC,1610509414531,2021-01-13T03:43:34.531Z,buy,8e-06,30.33,0.00024263999999999997
NAS/BTC,1610509477884,2021-01-13T03:44:37.884Z,sell,7.9e-06,80.08,0.000632632
NAS/BTC,1610509535300,2021-01-13T03:45:35.300Z,buy,8e-06,31.2,0.0002496
NAS/BTC,1610509614191,2021-01-13T03:46:54.191Z,buy,8e-06,25.95,0.00020759999999999998
NAS/BTC,1610509642182,2021-01-13T03:47:22.182Z,buy,8e-06,11433.94,0.09147152
NAS/BTC,1610509642298,2021-01-13T03:47:22.298Z,buy,8e-06,1800.0,0.0144
NAS/BTC,1610509672690,2021-01-13T03:47:52.690Z,buy,8e-06,27.26,0.00021808
NAS/BTC,1610509745203,2021-01-13T03:49:05.203Z,sell,7.9e-06,103.35,0.000816465
NAS/BTC,1610509824418,2021-01-13T03:50:24.418Z,buy,8e-06,23.98,0.00019184
NAS/BTC,1610509860709,2021-01-13T03:51:00.709Z,buy,8e-06,31.04,0.00024832
NAS/BTC,1610509895024,2021-01-13T03:51:35.024Z,sell,7.9e-06,173.85,0.001373415
NAS/BTC,1610509984704,2021-01-13T03:53:04.704Z,buy,8e-06,22.25,0.000178
NAS/BTC,1610510026995,2021-01-13T03:53:46.995Z,buy,8e-06,855.37,0.0068429599999999995
NAS/BTC,1610510061217,2021-01-13T03:54:21.217Z,buy,8e-06,18.27,0.00014616
NAS/BTC,1610510119720,2021-01-13T03:55:19.720Z,buy,8e-06,106.33,0.00085064
NAS/BTC,1610510150180,2021-01-13T03:55:50.180Z,buy,8e-06,149.74,0.00119792
NAS/BTC,1610510203064,2021-01-13T03:56:43.064Z,buy,8e-06,16.06,0.00012848
NAS/BTC,1610510283707,2021-01-13T03:58:03.707Z,buy,8e-06,156.62,0.00125296
NAS/BTC,1610510305504,2021-01-13T03:58:25.504Z,buy,8e-06,625.05,0.0050003999999999995
NAS/BTC,1610510326695,2021-01-13T03:58:46.695Z,buy,8e-06,33.57,0.00026856
NAS/BTC,1610510326695,2021-01-13T03:58:46.695Z,buy,8e-06,33.57,0.00026856
NAS/BTC,1610510401198,2021-01-13T04:00:01.198Z,buy,8e-06,121.2,0.0009695999999999999
NAS/BTC,1610510402389,2021-01-13T04:00:02.389Z,buy,8e-06,650.67,0.005205359999999999
NAS/BTC,1610510406827,2021-01-13T04:00:06.827Z,buy,8e-06,53.37,0.00042695999999999994
NAS/BTC,1610510480819,2021-01-13T04:01:20.819Z,buy,8e-06,134.91,0.00107928
NAS/BTC,1610510510617,2021-01-13T04:01:50.617Z,buy,8e-06,123.46,0.00098768
NAS/BTC,1610510514190,2021-01-13T04:01:54.190Z,buy,8e-06,67.18,0.00053744
NAS/BTC,1610510537808,2021-01-13T04:02:17.808Z,buy,8e-06,78.41,0.0006272799999999999
NAS/BTC,1610510585203,2021-01-13T04:03:05.203Z,sell,7.9e-06,121.14,0.000957006
NAS/BTC,1610510653389,2021-01-13T04:04:13.389Z,buy,8e-06,4.26,3.408e-05
NAS/BTC,1610510666716,2021-01-13T04:04:26.716Z,sell,7.9e-06,79.51,0.0006281290000000001
NAS/BTC,1610510702960,2021-01-13T04:05:02.960Z,buy,8e-06,1841.82,0.014734559999999999
NAS/BTC,1610510732530,2021-01-13T04:05:32.530Z,sell,7.9e-06,142.62,0.0011266980000000002
NAS/BTC,1610510774773,2021-01-13T04:06:14.773Z,sell,7.9e-06,108.49,0.000857071
NAS/BTC,1610510780427,2021-01-13T04:06:20.427Z,buy,8e-06,465.97,0.00372776
NAS/BTC,1610510780556,2021-01-13T04:06:20.556Z,buy,8e-06,786.15,0.006289199999999999
NAS/BTC,1610510780690,2021-01-13T04:06:20.690Z,buy,8e-06,185.5,0.0014839999999999999
NAS/BTC,1610510854333,2021-01-13T04:07:34.333Z,buy,8e-06,32.58,0.00026063999999999997
NAS/BTC,1610510923681,2021-01-13T04:08:43.681Z,sell,7.9e-06,88.57,0.000699703
NAS/BTC,1610510979412,2021-01-13T04:09:39.412Z,sell,7.9e-06,160.54,0.001268266
NAS/BTC,1610511021222,2021-01-13T04:10:21.222Z,buy,8e-06,26.26,0.00021008
NAS/BTC,1610511056701,2021-01-13T04:10:56.701Z,buy,8e-06,28.7,0.0002296
NAS/BTC,1610511107192,2021-01-13T04:11:47.192Z,sell,7.9e-06,109.92,0.0008683680000000001
NAS/BTC,1610511166176,2021-01-13T04:12:46.176Z,sell,7.9e-06,141.16,0.001115164
NAS/BTC,1610511222064,2021-01-13T04:13:42.064Z,buy,8e-06,16.01,0.00012808
NAS/BTC,1610511285687,2021-01-13T04:14:45.687Z,sell,7.9e-06,76.95,0.0006079050000000001
NAS/BTC,1610511298895,2021-01-13T04:14:58.895Z,sell,7.9e-06,6000.23,0.047401817
NAS/BTC,1610511298905,2021-01-13T04:14:58.905Z,sell,7.9e-06,621.44,0.004909376000000001
NAS/BTC,1610511299012,2021-01-13T04:14:59.012Z,sell,7.9e-06,1300.0,0.010270000000000001
NAS/BTC,1610511340394,2021-01-13T04:15:40.394Z,sell,7.9e-06,83.58,0.000660282
NAS/BTC,1610511391227,2021-01-13T04:16:31.227Z,buy,8e-06,14.12,0.00011295999999999999
NAS/BTC,1610511471692,2021-01-13T04:17:51.692Z,sell,7.9e-06,172.46,0.0013624340000000003
NAS/BTC,1610511522352,2021-01-13T04:18:42.352Z,sell,7.9e-06,150.16,0.001186264
NAS/BTC,1610511566911,2021-01-13T04:19:26.911Z,sell,7.9e-06,161.01,0.0012719790000000001
NAS/BTC,1610511618213,2021-01-13T04:20:18.213Z,buy,8e-06,32.87,0.00026295999999999996
NAS/BTC,1610511688737,2021-01-13T04:21:28.737Z,sell,7.9e-06,73.31,0.000579149
NAS/BTC,1610511747731,2021-01-13T04:22:27.731Z,sell,7.9e-06,175.75,0.0013884250000000002
NAS/BTC,1610511803212,2021-01-13T04:23:23.212Z,sell,7.9e-06,109.47,0.0008648130000000001
NAS/BTC,1610511880983,2021-01-13T04:24:40.983Z,sell,7.9e-06,169.81,0.0013414990000000001
NAS/BTC,1610511931038,2021-01-13T04:25:31.038Z,sell,7.9e-06,127.63,0.0010082770000000001
NAS/BTC,1610511970285,2021-01-13T04:26:10.285Z,buy,8e-06,24.95,0.00019959999999999997
NAS/BTC,1610512052772,2021-01-13T04:27:32.772Z,sell,7.9e-06,66.94,0.000528826
NAS/BTC,1610512105227,2021-01-13T04:28:25.227Z,sell,7.9e-06,143.06,0.001130174
NAS/BTC,1610512188181,2021-01-13T04:29:48.181Z,sell,7.9e-06,89.65,0.0007082350000000001
NAS/BTC,1610512271702,2021-01-13T04:31:11.702Z,sell,7.9e-06,140.75,0.0011119250000000002
NAS/BTC,1610512305690,2021-01-13T04:31:45.690Z,buy,8e-06,31.5,0.000252
NAS/BTC,1610512371685,2021-01-13T04:32:51.685Z,sell,7.9e-06,89.98,0.000710842
NAS/BTC,1610512443202,2021-01-13T04:34:03.202Z,sell,7.9e-06,122.76,0.0009698040000000001
NAS/BTC,1610512510209,2021-01-13T04:35:10.209Z,sell,7.9e-06,188.99,0.0014930210000000002
NAS/BTC,1610512597504,2021-01-13T04:36:37.504Z,sell,7.9e-06,171.2,0.00135248
NAS/BTC,1610512633210,2021-01-13T04:37:13.210Z,buy,8e-06,19.34,0.00015471999999999998
NAS/BTC,1610512692404,2021-01-13T04:38:12.404Z,buy,8e-06,27.82,0.00022255999999999998
NAS/BTC,1610512707052,2021-01-13T04:38:27.052Z,buy,8e-06,226.93,0.00181544
NAS/BTC,1610512757702,2021-01-13T04:39:17.702Z,buy,8e-06,26.95,0.00021559999999999998
NAS/BTC,1610512818234,2021-01-13T04:40:18.234Z,buy,8e-06,12.72,0.00010176
NAS/BTC,1610512869915,2021-01-13T04:41:09.915Z,buy,8e-06,26.45,0.0002116
NAS/BTC,1610512954951,2021-01-13T04:42:34.951Z,sell,7.9e-06,171.23,0.001352717
NAS/BTC,1610513005727,2021-01-13T04:43:25.727Z,sell,7.9e-06,80.87,0.0006388730000000001
NAS/BTC,1610513087683,2021-01-13T04:44:47.683Z,buy,8e-06,18.82,0.00015056
NAS/BTC,1610513141013,2021-01-13T04:45:41.013Z,buy,8e-06,33.66,0.00026927999999999994
NAS/BTC,1610513176238,2021-01-13T04:46:16.238Z,buy,8e-06,702.82,0.00562256
NAS/BTC,1610513182566,2021-01-13T04:46:22.566Z,buy,8e-06,118.02,0.0009441599999999999
NAS/BTC,1610513233212,2021-01-13T04:47:13.212Z,buy,8e-06,103.61,0.0008288799999999999
NAS/BTC,1610513269375,2021-01-13T04:47:49.375Z,buy,8e-06,33.34,0.00026672
NAS/BTC,1610513332208,2021-01-13T04:48:52.208Z,buy,8e-06,1090.74,0.00872592
NAS/BTC,1610513354886,2021-01-13T04:49:14.886Z,buy,8e-06,34.76,0.00027808
NAS/BTC,1610513394196,2021-01-13T04:49:54.196Z,buy,8e-06,19.11,0.00015287999999999999
NAS/BTC,1610513446181,2021-01-13T04:50:46.181Z,buy,8e-06,120.13,0.0009610399999999999
NAS/BTC,1610513490872,2021-01-13T04:51:30.872Z,sell,7.9e-06,120.0,0.0009480000000000001
NAS/BTC,1610513492240,2021-01-13T04:51:32.240Z,buy,8e-06,88.83,0.0007106399999999999
NAS/BTC,1610513528206,2021-01-13T04:52:08.206Z,buy,8e-06,178.27,0.00142616
NAS/BTC,1610513576301,2021-01-13T04:52:56.301Z,buy,8e-06,66.22,0.00052976
NAS/BTC,1610513610875,2021-01-13T04:53:30.875Z,buy,8e-06,82.67,0.0006613599999999999
NAS/BTC,1610513617179,2021-01-13T04:53:37.179Z,buy,8e-06,21.15,0.0001692
NAS/BTC,1610513649218,2021-01-13T04:54:09.218Z,buy,8e-06,142.53,0.00114024
NAS/BTC,1610513649351,2021-01-13T04:54:09.351Z,buy,8e-06,348.0,0.002784
NAS/BTC,1610513652884,2021-01-13T04:54:12.884Z,buy,8e-06,12.5,9.999999999999999e-05
NAS/BTC,1610513659927,2021-01-13T04:54:19.927Z,buy,8e-06,82.77,0.00066216
NAS/BTC,1610513659951,2021-01-13T04:54:19.951Z,buy,8e-06,82.77,0.00066216
NAS/BTC,1610513659960,2021-01-13T04:54:19.960Z,buy,8e-06,82.77,0.00066216
NAS/BTC,1610513659981,2021-01-13T04:54:19.981Z,buy,8e-06,66.21,0.0005296799999999999
NAS/BTC,1610513691118,2021-01-13T04:54:51.118Z,buy,8e-06,323.24,0.00258592
NAS/BTC,1610513695195,2021-01-13T04:54:55.195Z,buy,8e-06,453.45,0.0036276
NAS/BTC,1610513696692,2021-01-13T04:54:56.692Z,buy,8e-06,26.32,0.00021056
NAS/BTC,1610513727226,2021-01-13T04:55:27.226Z,buy,8e-06,12.5,9.999999999999999e-05
NAS/BTC,1610513745679,2021-01-13T04:55:45.679Z,sell,7.9e-06,80.89,0.0006390310000000001
NAS/BTC,1610513775602,2021-01-13T04:56:15.602Z,buy,8e-06,12.5,9.999999999999999e-05
NAS/BTC,1610513789234,2021-01-13T04:56:29.234Z,buy,8e-06,162.96,0.00130368
NAS/BTC,1610513846755,2021-01-13T04:57:26.755Z,buy,8e-06,12.5,9.999999999999999e-05
NAS/BTC,1610513872222,2021-01-13T04:57:52.222Z,buy,8e-06,32.36,0.00025887999999999996
NAS/BTC,1610513872222,2021-01-13T04:57:52.222Z,buy,8e-06,32.36,0.00025887999999999996
NAS/BTC,1610513946708,2021-01-13T04:59:06.708Z,buy,8e-06,25.03,0.00020024
NAS/BTC,1610514000709,2021-01-13T05:00:00.709Z,buy,8e-06,180.58,0.00144464
NAS/BTC,1610514070208,2021-01-13T05:01:10.208Z,buy,8e-06,77.41,0.0006192799999999999
NAS/BTC,1610514105179,2021-01-13T05:01:45.179Z,buy,8e-06,111.21,0.0008896799999999999
NAS/BTC,1610514143245,2021-01-13T05:02:23.245Z,buy,8e-06,147.41,0.00117928
NAS/BTC,1610514195700,2021-01-13T05:03:15.700Z,buy,8e-06,36.71,0.00029368
NAS/BTC,1610514233192,2021-01-13T05:03:53.192Z,buy,8e-06,109.52,0.00087616
NAS/BTC,1610514273749,2021-01-13T05:04:33.749Z,buy,8e-06,154.2,0.0012335999999999998
NAS/BTC,1610514339022,2021-01-13T05:05:39.022Z,buy,8e-06,69.8,0.0005583999999999999
NAS/BTC,1610514409189,2021-01-13T05:06:49.189Z,buy,8e-06,31.85,0.0002548
NAS/BTC,1610514490199,2021-01-13T05:08:10.199Z,buy,8e-06,34.42,0.00027536
NAS/BTC,1610514564223,2021-01-13T05:09:24.223Z,sell,7.9e-06,124.95,0.000987105
NAS/BTC,1610514639792,2021-01-13T05:10:39.792Z,buy,8e-06,7246.07,0.057968559999999995
NAS/BTC,1610514648683,2021-01-13T05:10:48.683Z,buy,8e-06,27.82,0.00022255999999999998
NAS/BTC,1610514726201,2021-01-13T05:12:06.201Z,buy,8e-06,128.34,0.00102672
NAS/BTC,1610514812641,2021-01-13T05:13:32.641Z,buy,8e-06,74.64,0.00059712
NAS/BTC,1610514865223,2021-01-13T05:14:25.223Z,buy,8e-06,27.77,0.00022215999999999997
NAS/BTC,1610514955194,2021-01-13T05:15:55.194Z,buy,8e-06,71.32,0.0005705599999999999
NAS/BTC,1610515039723,2021-01-13T05:17:19.723Z,buy,8e-06,138.43,0.00110744
NAS/BTC,1610515072192,2021-01-13T05:17:52.192Z,buy,8e-06,183.71,0.00146968
NAS/BTC,1610515125373,2021-01-13T05:18:45.373Z,buy,8e-06,166.87,0.00133496
NAS/BTC,1610515191377,2021-01-13T05:19:51.377Z,buy,8e-06,114.92,0.0009193599999999999
NAS/BTC,1610515221718,2021-01-13T05:20:21.718Z,buy,8e-06,28.64,0.00022912
NAS/BTC,1610515268206,2021-01-13T05:21:08.206Z,sell,7.9e-06,83.22,0.000657438
NAS/BTC,1610515305182,2021-01-13T05:21:45.182Z,sell,7.9e-06,130.6,0.00103174
NAS/BTC,1610515382894,2021-01-13T05:23:02.894Z,buy,8e-06,155.47,0.00124376
NAS/BTC,1610515455706,2021-01-13T05:24:15.706Z,buy,8e-06,104.65,0.0008372
NAS/BTC,1610515473523,2021-01-13T05:24:33.523Z,buy,8e-06,173.67,0.0013893599999999999
NAS/BTC,1610515504205,2021-01-13T05:25:04.205Z,buy,8e-06,12.9,0.0001032
NAS/BTC,1610515578216,2021-01-13T05:26:18.216Z,buy,8e-06,22.7,0.0001816
NAS/BTC,1610515652731,2021-01-13T05:27:32.731Z,buy,8e-06,165.38,0.00132304
NAS/BTC,1610515715321,2021-01-13T05:28:35.321Z,buy,8e-06,75.33,0.00060264
NAS/BTC,1610515783680,2021-01-13T05:29:43.680Z,buy,8e-06,29.45,0.00023559999999999998
NAS/BTC,1610515863690,2021-01-13T05:31:03.690Z,buy,8e-06,120.96,0.00096768
NAS/BTC,1610515928704,2021-01-13T05:32:08.704Z,buy,8e-06,144.35,0.0011547999999999999
NAS/BTC,1610515985712,2021-01-13T05:33:05.712Z,buy,8e-06,18.82,0.00015056
NAS/BTC,1610516066722,2021-01-13T05:34:26.722Z,sell,7.9e-06,182.15,0.001438985
NAS/BTC,1610516140321,2021-01-13T05:35:40.321Z,buy,8e-06,126.96,0.00101568
NAS/BTC,1610516154580,2021-01-13T05:35:54.580Z,buy,8e-06,56.65,0.00045319999999999996
NAS/BTC,1610516227705,2021-01-13T05:37:07.705Z,buy,8e-06,173.38,0.00138704
NAS/BTC,1610516316188,2021-01-13T05:38:36.188Z,buy,8e-06,16.06,0.00012848
NAS/BTC,1610516358719,2021-01-13T05:39:18.719Z,buy,8e-06,34.07,0.00027256
NAS/BTC,1610516403257,2021-01-13T05:40:03.257Z,buy,8e-06,172.83,0.00138264
NAS/BTC,1610516490730,2021-01-13T05:41:30.730Z,buy,8e-06,148.15,0.0011852
NAS/BTC,1610516576310,2021-01-13T05:42:56.310Z,buy,8e-06,64.52,0.00051616
NAS/BTC,1610516628682,2021-01-13T05:43:48.682Z,buy,8e-06,23.38,0.00018703999999999997
NAS/BTC,1610516690682,2021-01-13T05:44:50.682Z,buy,8e-06,153.03,0.00122424
NAS/BTC,1610516732728,2021-01-13T05:45:32.728Z,buy,8e-06,181.43,0.00145144
NAS/BTC,1610516788230,2021-01-13T05:46:28.230Z,sell,7.9e-06,187.54,0.0014815660000000001
NAS/BTC,1610516804447,2021-01-13T05:46:44.447Z,buy,8e-06,76.45,0.0006116
NAS/BTC,1610516819698,2021-01-13T05:46:59.698Z,buy,8e-06,157.93,0.00126344
NAS/BTC,1610516859782,2021-01-13T05:47:39.782Z,buy,8e-06,154.74,0.00123792
NAS/BTC,1610516902471,2021-01-13T05:48:22.471Z,buy,8e-06,158.68,0.00126944
NAS/BTC,1610516965725,2021-01-13T05:49:25.725Z,buy,8e-06,171.19,0.00136952
NAS/BTC,1610517003883,2021-01-13T05:50:03.883Z,buy,8e-06,299.89,0.00239912
NAS/BTC,1610517040011,2021-01-13T05:50:40.011Z,buy,8e-06,147.9,0.0011832
NAS/BTC,1610517127201,2021-01-13T05:52:07.201Z,buy,8e-06,24.05,0.0001924
NAS/BTC,1610517186206,2021-01-13T05:53:06.206Z,buy,8e-06,63.86,0.00051088
NAS/BTC,1610517244702,2021-01-13T05:54:04.702Z,buy,8e-06,251.11,0.00200888
NAS/BTC,1610517272723,2021-01-13T05:54:32.723Z,buy,8e-06,17.59,0.00014072
NAS/BTC,1610517310212,2021-01-13T05:55:10.212Z,buy,8e-06,97.24,0.0007779199999999999
NAS/BTC,1610517395428,2021-01-13T05:56:35.428Z,buy,8e-06,17.98,0.00014384
NAS/BTC,1610517395428,2021-01-13T05:56:35.428Z,buy,8e-06,17.98,0.00014384
NAS/BTC,1610517483708,2021-01-13T05:58:03.708Z,buy,8e-06,32.91,0.00026327999999999996
NAS/BTC,1610517571724,2021-01-13T05:59:31.724Z,sell,7.9e-06,182.23,0.001439617
NAS/BTC,1610517611044,2021-01-13T06:00:11.044Z,sell,7.9e-06,221.62,0.0017507980000000002
NAS/BTC,1610517613213,2021-01-13T06:00:13.213Z,buy,8e-06,19.62,0.00015696
NAS/BTC,1610517694921,2021-01-13T06:01:34.921Z,buy,8e-06,149.45,0.0011955999999999998
NAS/BTC,1610517740719,2021-01-13T06:02:20.719Z,buy,8e-06,36.34,0.00029072
NAS/BTC,1610517826181,2021-01-13T06:03:46.181Z,buy,8e-06,34.89,0.00027912
NAS/BTC,1610517879069,2021-01-13T06:04:39.069Z,buy,8e-06,112.67,0.0009013599999999999
NAS/BTC,1610517942168,2021-01-13T06:05:42.168Z,buy,8e-06,1037.36,0.008298879999999998
NAS/BTC,1610517968704,2021-01-13T06:06:08.704Z,buy,8e-06,69.33,0.0005546399999999999
NAS/BTC,1610518039772,2021-01-13T06:07:19.772Z,buy,8e-06,103.66,0.00082928
NAS/BTC,1610518095702,2021-01-13T06:08:15.702Z,buy,8e-06,28.07,0.00022456
NAS/BTC,1610518203175,2021-01-13T06:10:03.175Z,sell,7.9e-06,17.17,0.00013564300000000002
NAS/BTC,1610518443713,2021-01-13T06:14:03.713Z,sell,7.9e-06,1249.02,0.009867258
NAS/BTC,1610518445202,2021-01-13T06:14:05.202Z,buy,8e-06,157.66,0.0012612799999999998
NAS/BTC,1610518518221,2021-01-13T06:15:18.221Z,buy,8e-06,33.43,0.00026744
NAS/BTC,1610518600504,2021-01-13T06:16:40.504Z,buy,8e-06,71.25,0.00057
NAS/BTC,1610518653558,2021-01-13T06:17:33.558Z,buy,8e-06,64.11,0.00051288
NAS/BTC,1610518798649,2021-01-13T06:19:58.649Z,sell,7.9e-06,82.67,0.0006530930000000001
NAS/BTC,1610518858195,2021-01-13T06:20:58.195Z,buy,8e-06,12.53,0.00010023999999999999
NAS/BTC,1610518863467,2021-01-13T06:21:03.467Z,sell,7.9e-06,10371.49,0.081934771
NAS/BTC,1610518869421,2021-01-13T06:21:09.421Z,buy,7.9e-06,12.66,0.00010001400000000001
NAS/BTC,1610518935713,2021-01-13T06:22:15.713Z,sell,7.8e-06,107.9,0.0008416200000000001
NAS/BTC,1610518942748,2021-01-13T06:22:22.748Z,buy,7.9e-06,12.66,0.00010001400000000001
NAS/BTC,1610519016807,2021-01-13T06:23:36.807Z,buy,7.9e-06,23.51,0.00018572900000000004
NAS/BTC,1610519061233,2021-01-13T06:24:21.233Z,buy,7.9e-06,12.81,0.00010119900000000002
NAS/BTC,1610519112710,2021-01-13T06:25:12.710Z,buy,7.9e-06,171.76,0.001356904
NAS/BTC,1610519161209,2021-01-13T06:26:01.209Z,buy,7.9e-06,128.72,0.001016888
NAS/BTC,1610519197007,2021-01-13T06:26:37.007Z,buy,7.9e-06,100.36,0.000792844
NAS/BTC,1610519228914,2021-01-13T06:27:08.914Z,buy,7.9e-06,130.88,0.001033952
NAS/BTC,1610519311430,2021-01-13T06:28:31.430Z,buy,7.9e-06,69.72,0.0005507880000000001
NAS/BTC,1610519352704,2021-01-13T06:29:12.704Z,buy,7.9e-06,17.74,0.000140146
NAS/BTC,1610519427725,2021-01-13T06:30:27.725Z,buy,7.9e-06,15.14,0.00011960600000000002
NAS/BTC,1610519467400,2021-01-13T06:31:07.400Z,buy,7.9e-06,138.15,0.001091385
NAS/BTC,1610519467400,2021-01-13T06:31:07.400Z,buy,7.9e-06,138.15,0.001091385
NAS/BTC,1610521326781,2021-01-13T07:02:06.781Z,buy,7.9e-06,366.56,0.0028958240000000004
NAS/BTC,1610521474895,2021-01-13T07:04:34.895Z,buy,7.9e-06,48.28,0.000381412
NAS/BTC,1610521529808,2021-01-13T07:05:29.808Z,buy,7.9e-06,12.66,0.00010001400000000001
NAS/BTC,1610521573330,2021-01-13T07:06:13.330Z,buy,7.9e-06,12.66,0.00010001400000000001
NAS/BTC,1610521638188,2021-01-13T07:07:18.188Z,buy,7.9e-06,12.66,0.00010001400000000001
NAS/BTC,1610521869490,2021-01-13T07:11:09.490Z,buy,7.9e-06,44.02,0.00034775800000000004
NAS/BTC,1610521901881,2021-01-13T07:11:41.881Z,buy,7.9e-06,131.75,0.001040825
NAS/BTC,1610521981565,2021-01-13T07:13:01.565Z,buy,7.9e-06,67.03,0.0005295370000000001
NAS/BTC,1610521981567,2021-01-13T07:13:01.567Z,buy,7.9e-06,626.78,0.0049515620000000005
NAS/BTC,1610522047408,2021-01-13T07:14:07.408Z,buy,7.9e-06,424.05,0.003349995
NAS/BTC,1610522047408,2021-01-13T07:14:07.408Z,buy,7.9e-06,423.92,0.0033489680000000003
NAS/BTC,1610522123383,2021-01-13T07:15:23.383Z,buy,7.9e-06,493.75,0.0039006250000000004
NAS/BTC,1610522123404,2021-01-13T07:15:23.404Z,buy,7.9e-06,648.55,0.005123545
NAS/BTC,1610522181223,2021-01-13T07:16:21.223Z,buy,7.9e-06,13.71,0.00010830900000000001
NAS/BTC,1610522181434,2021-01-13T07:16:21.434Z,buy,7.9e-06,353.44,0.0027921760000000004
NAS/BTC,1610522233718,2021-01-13T07:17:13.718Z,buy,7.9e-06,164.89,0.001302631
NAS/BTC,1610522322905,2021-01-13T07:18:42.905Z,buy,7.9e-06,72.27,0.000570933
NAS/BTC,1610522327366,2021-01-13T07:18:47.366Z,buy,7.9e-06,171.41,0.001354139
NAS/BTC,1610522397391,2021-01-13T07:19:57.391Z,buy,7.9e-06,96.57,0.000762903
NAS/BTC,1610522454198,2021-01-13T07:20:54.198Z,buy,7.9e-06,180.19,0.0014235010000000002
NAS/BTC,1610522500034,2021-01-13T07:21:40.034Z,buy,7.9e-06,63.53,0.000501887
NAS/BTC,1610522500660,2021-01-13T07:21:40.660Z,buy,7.9e-06,182.0,0.0014378000000000001
NAS/BTC,1610522552239,2021-01-13T07:22:32.239Z,buy,7.9e-06,150.07,0.001185553
NAS/BTC,1610522552254,2021-01-13T07:22:32.254Z,buy,7.9e-06,869.58,0.006869682000000001
NAS/BTC,1610522552430,2021-01-13T07:22:32.430Z,buy,7.9e-06,36.28,0.00028661200000000005
NAS/BTC,1610522612728,2021-01-13T07:23:32.728Z,sell,7.9e-06,98.46,0.000777834
NAS/BTC,1610522642736,2021-01-13T07:24:02.736Z,sell,7.8e-06,11422.5,0.0890955
NAS/BTC,1610522669228,2021-01-13T07:24:29.228Z,sell,7.9e-06,128.44,0.0010146760000000002
NAS/BTC,1610522670044,2021-01-13T07:24:30.044Z,sell,7.9e-06,182.0,0.0014378000000000001
NAS/BTC,1610522682025,2021-01-13T07:24:42.025Z,sell,7.9e-06,182.0,0.0014378000000000001
NAS/BTC,1610522723013,2021-01-13T07:25:23.013Z,sell,7.9e-06,173.06,0.001367174
NAS/BTC,1610522732593,2021-01-13T07:25:32.593Z,sell,7.9e-06,268.98,0.0021249420000000003
NAS/BTC,1610522733460,2021-01-13T07:25:33.460Z,sell,7.9e-06,108.83,0.0008597570000000001
NAS/BTC,1610522733960,2021-01-13T07:25:33.960Z,sell,7.9e-06,54.41,0.000429839
NAS/BTC,1610522742600,2021-01-13T07:25:42.600Z,sell,7.9e-06,183.61,0.0014505190000000002
NAS/BTC,1610522746069,2021-01-13T07:25:46.069Z,sell,7.9e-06,54.42,0.00042991800000000005
NAS/BTC,1610522792651,2021-01-13T07:26:32.651Z,buy,7.9e-06,74.31,0.0005870490000000001
NAS/BTC,1610522837209,2021-01-13T07:27:17.209Z,buy,7.9e-06,15.92,0.000125768
NAS/BTC,1610522879691,2021-01-13T07:27:59.691Z,buy,7.9e-06,20.78,0.00016416200000000003
NAS/BTC,1610522930242,2021-01-13T07:28:50.242Z,buy,7.9e-06,137.2,0.00108388
NAS/BTC,1610522948201,2021-01-13T07:29:08.201Z,buy,7.9e-06,95.34,0.0007531860000000001
NAS/BTC,1610523031221,2021-01-13T07:30:31.221Z,buy,7.9e-06,117.39,0.0009273810000000001
NAS/BTC,1610523031221,2021-01-13T07:30:31.221Z,buy,7.9e-06,117.39,0.0009273810000000001
NAS/BTC,1610523074723,2021-01-13T07:31:14.723Z,buy,7.9e-06,29.95,0.000236605
NAS/BTC,1610523081165,2021-01-13T07:31:21.165Z,buy,7.9e-06,68.23,0.000539017
NAS/BTC,1610523104684,2021-01-13T07:31:44.684Z,buy,7.9e-06,72.07,0.000569353
NAS/BTC,1610523125375,2021-01-13T07:32:05.375Z,buy,7.9e-06,2092.16,0.016528064
NAS/BTC,1610523130373,2021-01-13T07:32:10.373Z,sell,7.8e-06,44.68,0.00034850399999999997
NAS/BTC,1610523161039,2021-01-13T07:32:41.039Z,buy,7.9e-06,179.49,0.001417971
NAS/BTC,1610523239700,2021-01-13T07:33:59.700Z,buy,7.9e-06,67.92,0.0005365680000000001
NAS/BTC,1610523270239,2021-01-13T07:34:30.239Z,buy,7.9e-06,74.75,0.0005905250000000001
NAS/BTC,1610523335266,2021-01-13T07:35:35.266Z,sell,7.8e-06,160.87,0.001254786
NAS/BTC,1610523376718,2021-01-13T07:36:16.718Z,buy,7.9e-06,35.3,0.00027887
NAS/BTC,1610523509186,2021-01-13T07:38:29.186Z,sell,7.8e-06,99.26,0.0007742280000000001
NAS/BTC,1610523931006,2021-01-13T07:45:31.006Z,buy,7.9e-06,454.67,0.0035918930000000005
NAS/BTC,1610524059343,2021-01-13T07:47:39.343Z,sell,7.8e-06,900.28,0.007022184
NAS/BTC,1610524207616,2021-01-13T07:50:07.616Z,sell,7.8e-06,578.58,0.004512924000000001
NAS/BTC,1610524412714,2021-01-13T07:53:32.714Z,sell,7.8e-06,12.87,0.000100386
NAS/BTC,1610524500703,2021-01-13T07:55:00.703Z,buy,7.9e-06,4350.0,0.034365
NAS/BTC,1610524500823,2021-01-13T07:55:00.823Z,buy,7.9e-06,1050.0,0.008295
NAS/BTC,1610524502293,2021-01-13T07:55:02.293Z,buy,7.9e-06,1150.0,0.009085000000000001
NAS/BTC,1610524504706,2021-01-13T07:55:04.706Z,sell,7.8e-06,79.13,0.0006172139999999999
NAS/BTC,1610524707024,2021-01-13T07:58:27.024Z,buy,7.9e-06,548.09,0.0043299110000000005
NAS/BTC,1610524730194,2021-01-13T07:58:50.194Z,sell,7.8e-06,182.96,0.001427088
NAS/BTC,1610524766926,2021-01-13T07:59:26.926Z,buy,7.9e-06,21.39,0.00016898100000000001
NAS/BTC,1610524826333,2021-01-13T08:00:26.333Z,buy,7.9e-06,360.57,0.002848503
NAS/BTC,1610524826396,2021-01-13T08:00:26.396Z,buy,7.9e-06,1050.0,0.008295
NAS/BTC,1610524826502,2021-01-13T08:00:26.502Z,buy,7.9e-06,1050.0,0.008295
NAS/BTC,1610524826590,2021-01-13T08:00:26.590Z,buy,7.9e-06,1050.0,0.008295
NAS/BTC,1610524826675,2021-01-13T08:00:26.675Z,buy,7.9e-06,1050.0,0.008295
NAS/BTC,1610524848696,2021-01-13T08:00:48.696Z,sell,7.8e-06,155.26,0.0012110279999999998
NAS/BTC,1610524893941,2021-01-13T08:01:33.941Z,sell,7.8e-06,154.93,0.001208454
NAS/BTC,1610524969683,2021-01-13T08:02:49.683Z,sell,7.8e-06,140.56,0.001096368
NAS/BTC,1610525014609,2021-01-13T08:03:34.609Z,buy,7.9e-06,35.48,0.000280292
NAS/BTC,1610525046690,2021-01-13T08:04:06.690Z,sell,7.8e-06,145.47,0.0011346659999999999
NAS/BTC,1610525128914,2021-01-13T08:05:28.914Z,sell,7.8e-06,70.79,0.000552162
NAS/BTC,1610525207678,2021-01-13T08:06:47.678Z,buy,7.9e-06,13.64,0.00010775600000000002
NAS/BTC,1610525290716,2021-01-13T08:08:10.716Z,buy,7.9e-06,21.63,0.000170877
NAS/BTC,1610525360710,2021-01-13T08:09:20.710Z,buy,7.9e-06,387.0,0.0030573
NAS/BTC,1610525432059,2021-01-13T08:10:32.059Z,buy,7.9e-06,63.29,0.000499991
NAS/BTC,1610525507944,2021-01-13T08:11:47.944Z,buy,7.9e-06,241.73,0.001909667
NAS/BTC,1610525507999,2021-01-13T08:11:47.999Z,buy,7.9e-06,139.24,0.0010999960000000002
NAS/BTC,1610525897329,2021-01-13T08:18:17.329Z,buy,7.9e-06,1265.82,0.009999978
NAS/BTC,1610525897329,2021-01-13T08:18:17.329Z,buy,7.9e-06,1265.82,0.009999978
NAS/BTC,1610526761028,2021-01-13T08:32:41.028Z,buy,7.9e-06,63.29,0.000499991
NAS/BTC,1610527150139,2021-01-13T08:39:10.139Z,buy,7.9e-06,6883.02,0.054375858000000006
NAS/BTC,1610527151200,2021-01-13T08:39:11.200Z,buy,7.9e-06,32.22,0.000254538
NAS/BTC,1610527222967,2021-01-13T08:40:22.967Z,buy,7.9e-06,101.48,0.0008016920000000001
NAS/BTC,1610527288362,2021-01-13T08:41:28.362Z,buy,7.9e-06,147.13,0.001162327
NAS/BTC,1610527311541,2021-01-13T08:41:51.541Z,buy,7.9e-06,240.9,0.0019031100000000002
NAS/BTC,1610527374183,2021-01-13T08:42:54.183Z,buy,7.9e-06,156.01,0.001232479
NAS/BTC,1610527523816,2021-01-13T08:45:23.816Z,buy,7.9e-06,626.78,0.0049515620000000005
NAS/BTC,1610527740200,2021-01-13T08:49:00.200Z,buy,7.9e-06,381.41,0.0030131390000000006
NAS/BTC,1610527761727,2021-01-13T08:49:21.727Z,buy,7.9e-06,31.46,0.000248534
NAS/BTC,1610527807209,2021-01-13T08:50:07.209Z,buy,7.9e-06,27.47,0.000217013
NAS/BTC,1610527841665,2021-01-13T08:50:41.665Z,buy,7.9e-06,178.25,0.001408175
NAS/BTC,1610527845496,2021-01-13T08:50:45.496Z,buy,7.9e-06,920.21,0.007269659000000001
NAS/BTC,1610527879718,2021-01-13T08:51:19.718Z,buy,7.9e-06,106.74,0.000843246
NAS/BTC,1610527920199,2021-01-13T08:52:00.199Z,buy,7.9e-06,148.4,0.0011723600000000001
NAS/BTC,1610527967185,2021-01-13T08:52:47.185Z,buy,7.9e-06,149.3,0.0011794700000000002
NAS/BTC,1610528006731,2021-01-13T08:53:26.731Z,buy,7.9e-06,84.62,0.0006684980000000001
NAS/BTC,1610528042200,2021-01-13T08:54:02.200Z,buy,7.9e-06,30.32,0.00023952800000000003
NAS/BTC,1610528418135,2021-01-13T09:00:18.135Z,buy,7.9e-06,82.31,0.0006502490000000001
NAS/BTC,1610528745505,2021-01-13T09:05:45.505Z,sell,7.8e-06,612.92,0.004780776
NAS/BTC,1610528848518,2021-01-13T09:07:28.518Z,buy,7.9e-06,503.68,0.003979072
NAS/BTC,1610528849530,2021-01-13T09:07:29.530Z,sell,7.8e-06,37.46,0.000292188
NAS/BTC,1610528871856,2021-01-13T09:07:51.856Z,buy,7.9e-06,2195.29,0.017342791
NAS/BTC,1610528873022,2021-01-13T09:07:53.022Z,sell,7.9e-06,557.11,0.004401169000000001
NAS/BTC,1610528873028,2021-01-13T09:07:53.028Z,sell,7.9e-06,23.31,0.00018414900000000002
NAS/BTC,1610528874689,2021-01-13T09:07:54.689Z,sell,7.9e-06,271.14,0.002142006
NAS/BTC,1610528874690,2021-01-13T09:07:54.690Z,sell,7.9e-06,19.07,0.00015065300000000002
NAS/BTC,1610528874694,2021-01-13T09:07:54.694Z,buy,7.9e-06,147.46,0.001164934
NAS/BTC,1610528874861,2021-01-13T09:07:54.861Z,sell,7.9e-06,19.07,0.00015065300000000002
NAS/BTC,1610528920309,2021-01-13T09:08:40.309Z,buy,7.9e-06,164.2,0.00129718
NAS/BTC,1610528954344,2021-01-13T09:09:14.344Z,buy,7.9e-06,85.39,0.000674581
NAS/BTC,1610528960467,2021-01-13T09:09:20.467Z,buy,7.9e-06,290.21,0.002292659
NAS/BTC,1610528994186,2021-01-13T09:09:54.186Z,buy,7.9e-06,74.31,0.0005870490000000001
NAS/BTC,1610529010746,2021-01-13T09:10:10.746Z,buy,7.9e-06,290.21,0.002292659
NAS/BTC,1610529074205,2021-01-13T09:11:14.205Z,buy,7.9e-06,119.45,0.0009436550000000001
NAS/BTC,1610529107724,2021-01-13T09:11:47.724Z,buy,7.9e-06,30.36,0.00023984400000000002
NAS/BTC,1610529165681,2021-01-13T09:12:45.681Z,buy,7.9e-06,35.39,0.00027958100000000005
NAS/BTC,1610529219820,2021-01-13T09:13:39.820Z,buy,7.9e-06,35.08,0.00027713200000000003
NAS/BTC,1610529219820,2021-01-13T09:13:39.820Z,buy,7.9e-06,35.08,0.00027713200000000003
NAS/BTC,1610529955696,2021-01-13T09:25:55.696Z,buy,7.9e-06,874.13,0.006905627
NAS/BTC,1610529956192,2021-01-13T09:25:56.192Z,buy,7.9e-06,720.2,0.0056895800000000005
NAS/BTC,1610529957219,2021-01-13T09:25:57.219Z,buy,7.9e-06,5460.19,0.043135501
NAS/BTC,1610529957247,2021-01-13T09:25:57.247Z,buy,7.9e-06,500.0,0.00395
NAS/BTC,1610529961404,2021-01-13T09:26:01.404Z,buy,7.9e-06,251.41,0.001986139
NAS/BTC,1610530016192,2021-01-13T09:26:56.192Z,buy,7.9e-06,91.54,0.0007231660000000001
NAS/BTC,1610530016194,2021-01-13T09:26:56.194Z,sell,7.9e-06,41.88,0.000330852
NAS/BTC,1610530066182,2021-01-13T09:27:46.182Z,buy,7.9e-06,82.27,0.000649933
NAS/BTC,1610530066209,2021-01-13T09:27:46.209Z,buy,7.9e-06,630.56,0.004981424
NAS/BTC,1610530068272,2021-01-13T09:27:48.272Z,buy,7.9e-06,394.33,0.003115207
NAS/BTC,1610530104742,2021-01-13T09:28:24.742Z,buy,7.9e-06,95.46,0.0007541340000000001
NAS/BTC,1610530136192,2021-01-13T09:28:56.192Z,buy,7.9e-06,89.42,0.0007064180000000001
NAS/BTC,1610530200395,2021-01-13T09:30:00.395Z,buy,7.9e-06,157.74,0.001246146
NAS/BTC,1610530274717,2021-01-13T09:31:14.717Z,buy,7.9e-06,36.34,0.00028708600000000004
NAS/BTC,1610530346825,2021-01-13T09:32:26.825Z,buy,7.9e-06,83.55,0.0006600450000000001
NAS/BTC,1610530346834,2021-01-13T09:32:26.834Z,buy,7.9e-06,83.55,0.0006600450000000001
NAS/BTC,1610530346842,2021-01-13T09:32:26.842Z,buy,7.9e-06,83.65,0.0006608350000000001
NAS/BTC,1610530452639,2021-01-13T09:34:12.639Z,buy,7.9e-06,164.4,0.0012987600000000001
NAS/BTC,1610530455539,2021-01-13T09:34:15.539Z,buy,7.9e-06,188.22,0.0014869380000000001
NAS/BTC,1610530466156,2021-01-13T09:34:26.156Z,buy,7.9e-06,108.61,0.000858019
NAS/BTC,1610530477352,2021-01-13T09:34:37.352Z,sell,7.8e-06,35.24,0.000274872
NAS/BTC,1610530480267,2021-01-13T09:34:40.267Z,sell,7.9e-06,93.76,0.0007407040000000001
NAS/BTC,1610530525816,2021-01-13T09:35:25.816Z,buy,7.9e-06,136.43,0.0010777970000000001
NAS/BTC,1610530565889,2021-01-13T09:36:05.889Z,buy,7.9e-06,150.02,0.0011851580000000002
NAS/BTC,1610530621714,2021-01-13T09:37:01.714Z,buy,7.9e-06,139.24,0.0010999960000000002
NAS/BTC,1610530621770,2021-01-13T09:37:01.770Z,buy,7.9e-06,14.51,0.000114629
NAS/BTC,1610530654395,2021-01-13T09:37:34.395Z,buy,8e-06,22.22,0.00017775999999999998
NAS/BTC,1610530704714,2021-01-13T09:38:24.714Z,buy,8e-06,17.63,0.00014104
NAS/BTC,1610530709919,2021-01-13T09:38:29.919Z,buy,8e-06,18.43,0.00014743999999999998
NAS/BTC,1610530735686,2021-01-13T09:38:55.686Z,sell,7.9e-06,163.01,0.001287779
NAS/BTC,1610530769228,2021-01-13T09:39:29.228Z,buy,8e-06,15.97,0.00012776
NAS/BTC,1610530820720,2021-01-13T09:40:20.720Z,sell,7.9e-06,100.58,0.0007945820000000001
NAS/BTC,1610530896567,2021-01-13T09:41:36.567Z,sell,7.9e-06,108.08,0.000853832
NAS/BTC,1610530980199,2021-01-13T09:43:00.199Z,sell,7.9e-06,83.26,0.0006577540000000001
NAS/BTC,1610531075888,2021-01-13T09:44:35.888Z,sell,7.9e-06,751.39,0.005935981000000001
NAS/BTC,1610531647827,2021-01-13T09:54:07.827Z,buy,8e-06,73.8,0.0005903999999999999
NAS/BTC,1610531660714,2021-01-13T09:54:20.714Z,buy,8e-06,32.74,0.00026192
NAS/BTC,1610531693688,2021-01-13T09:54:53.688Z,buy,8e-06,109.56,0.00087648
NAS/BTC,1610531760200,2021-01-13T09:56:00.200Z,buy,8e-06,26.41,0.00021128
NAS/BTC,1610531824712,2021-01-13T09:57:04.712Z,buy,8e-06,33.3,0.00026639999999999997
NAS/BTC,1610531910223,2021-01-13T09:58:30.223Z,sell,7.9e-06,120.05,0.0009483950000000001
NAS/BTC,1610531944782,2021-01-13T09:59:04.782Z,buy,8e-06,22.3,0.0001784
NAS/BTC,1610531955718,2021-01-13T09:59:15.718Z,buy,8e-06,128.23,0.0010258399999999999
NAS/BTC,1610532006206,2021-01-13T10:00:06.206Z,buy,8e-06,178.64,0.0014291199999999999
NAS/BTC,1610532041913,2021-01-13T10:00:41.913Z,buy,8e-06,35.69,0.00028552
NAS/BTC,1610532058905,2021-01-13T10:00:58.905Z,sell,7.9e-06,30.05,0.00023739500000000003
NAS/BTC,1610532117196,2021-01-13T10:01:57.196Z,buy,8e-06,102.07,0.0008165599999999999
NAS/BTC,1610532183705,2021-01-13T10:03:03.705Z,buy,8e-06,152.7,0.0012215999999999998
NAS/BTC,1610532272722,2021-01-13T10:04:32.722Z,buy,8e-06,125.64,0.00100512
NAS/BTC,1610532316213,2021-01-13T10:05:16.213Z,buy,8e-06,30.33,0.00024263999999999997
NAS/BTC,1610532390419,2021-01-13T10:06:30.419Z,buy,8e-06,21.62,0.00017296
NAS/BTC,1610532470689,2021-01-13T10:07:50.689Z,buy,8e-06,21.35,0.0001708
NAS/BTC,1610532497059,2021-01-13T10:08:17.059Z,buy,8e-06,20.8,0.0001664
NAS/BTC,1610532519733,2021-01-13T10:08:39.733Z,buy,8e-06,116.9,0.0009352
NAS/BTC,1610532573681,2021-01-13T10:09:33.681Z,buy,8e-06,21.16,0.00016928
NAS/BTC,1610532632926,2021-01-13T10:10:32.926Z,sell,7.9e-06,166.84,0.001318036
NAS/BTC,1610532711688,2021-01-13T10:11:51.688Z,buy,8e-06,88.29,0.00070632
NAS/BTC,1610532791905,2021-01-13T10:13:11.905Z,buy,8e-06,32.76,0.00026208
NAS/BTC,1610532791905,2021-01-13T10:13:11.905Z,buy,8e-06,32.76,0.00026208
NAS/BTC,1610532849701,2021-01-13T10:14:09.701Z,buy,8e-06,101.12,0.00080896
NAS/BTC,1610532930233,2021-01-13T10:15:30.233Z,buy,8e-06,72.56,0.00058048
NAS/BTC,1610532933497,2021-01-13T10:15:33.497Z,buy,8e-06,27.42,0.00021936000000000001
NAS/BTC,1610532961194,2021-01-13T10:16:01.194Z,buy,8e-06,34.88,0.00027904
NAS/BTC,1610532985013,2021-01-13T10:16:25.013Z,buy,8e-06,225.49,0.00180392
NAS/BTC,1610533041748,2021-01-13T10:17:21.748Z,buy,8e-06,18.37,0.00014696
NAS/BTC,1610533109222,2021-01-13T10:18:29.222Z,buy,8e-06,184.38,0.00147504
NAS/BTC,1610533197700,2021-01-13T10:19:57.700Z,buy,8e-06,15.27,0.00012215999999999998
NAS/BTC,1610533278712,2021-01-13T10:21:18.712Z,buy,8e-06,20.62,0.00016496
NAS/BTC,1610533308686,2021-01-13T10:21:48.686Z,sell,7.9e-06,148.46,0.0011728340000000002
NAS/BTC,1610533363681,2021-01-13T10:22:43.681Z,sell,7.9e-06,147.48,0.001165092
NAS/BTC,1610533440692,2021-01-13T10:24:00.692Z,sell,7.9e-06,63.52,0.0005018080000000001
NAS/BTC,1610533487183,2021-01-13T10:24:47.183Z,sell,7.9e-06,143.04,0.001130016
NAS/BTC,1610533572204,2021-01-13T10:26:12.204Z,sell,7.9e-06,129.31,0.001021549
NAS/BTC,1610533607686,2021-01-13T10:26:47.686Z,sell,7.9e-06,168.83,0.0013337570000000003
NAS/BTC,1610533640222,2021-01-13T10:27:20.222Z,sell,7.9e-06,110.25,0.0008709750000000001
NAS/BTC,1610533718675,2021-01-13T10:28:38.675Z,sell,7.9e-06,168.45,0.001330755
NAS/BTC,1610533799700,2021-01-13T10:29:59.700Z,buy,8e-06,32.1,0.0002568
NAS/BTC,1610533838881,2021-01-13T10:30:38.881Z,buy,8e-06,19.32,0.00015455999999999998
NAS/BTC,1610533872205,2021-01-13T10:31:12.205Z,buy,8e-06,34.56,0.00027648
NAS/BTC,1610533913692,2021-01-13T10:31:53.692Z,sell,7.9e-06,66.7,0.0005269300000000001
NAS/BTC,1610534077174,2021-01-13T10:34:37.174Z,buy,8e-06,2315.11,0.01852088
NAS/BTC,1610534091185,2021-01-13T10:34:51.185Z,buy,8e-06,19.96,0.00015968
NAS/BTC,1610534145693,2021-01-13T10:35:45.693Z,sell,7.9e-06,186.34,0.001472086
NAS/BTC,1610534223693,2021-01-13T10:37:03.693Z,sell,7.9e-06,139.58,0.0011026820000000002
NAS/BTC,1610534257385,2021-01-13T10:37:37.385Z,sell,7.9e-06,2440.72,0.019281687999999998
NAS/BTC,1610534300716,2021-01-13T10:38:20.716Z,sell,7.9e-06,92.88,0.0007337520000000001
NAS/BTC,1610534387682,2021-01-13T10:39:47.682Z,sell,7.9e-06,166.78,0.0013175620000000002
NAS/BTC,1610534435895,2021-01-13T10:40:35.895Z,sell,7.9e-06,144.58,0.0011421820000000003
NAS/BTC,1610534514195,2021-01-13T10:41:54.195Z,sell,7.9e-06,136.15,0.0010755850000000002
NAS/BTC,1610534583699,2021-01-13T10:43:03.699Z,buy,8e-06,18.8,0.0001504
NAS/BTC,1610534662723,2021-01-13T10:44:22.723Z,sell,7.9e-06,175.47,0.001386213
NAS/BTC,1610534732749,2021-01-13T10:45:32.749Z,sell,7.9e-06,855.22,0.006756238
NAS/BTC,1610534747684,2021-01-13T10:45:47.684Z,buy,8e-06,35.59,0.00028472
NAS/BTC,1610534814184,2021-01-13T10:46:54.184Z,sell,7.9e-06,139.64,0.0011031559999999999
NAS/BTC,1610534897217,2021-01-13T10:48:17.217Z,sell,7.9e-06,123.4,0.0009748600000000001
NAS/BTC,1610534967722,2021-01-13T10:49:27.722Z,buy,8e-06,19.13,0.00015303999999999998
NAS/BTC,1610535031244,2021-01-13T10:50:31.244Z,sell,7.9e-06,130.33,0.001029607
NAS/BTC,1610535092232,2021-01-13T10:51:32.232Z,buy,8e-06,179.21,0.00143368
NAS/BTC,1610535152229,2021-01-13T10:52:32.229Z,buy,8e-06,13.44,0.00010751999999999999
NAS/BTC,1610535230689,2021-01-13T10:53:50.689Z,buy,8e-06,144.86,0.0011588800000000002
NAS/BTC,1610535289187,2021-01-13T10:54:49.187Z,buy,8e-06,32.66,0.00026127999999999996
NAS/BTC,1610535330234,2021-01-13T10:55:30.234Z,buy,8e-06,142.05,0.0011364
NAS/BTC,1610535360950,2021-01-13T10:56:00.950Z,buy,8e-06,246.82,0.0019745599999999998
NAS/BTC,1610535384927,2021-01-13T10:56:24.927Z,buy,8e-06,26.99,0.00021591999999999998
NAS/BTC,1610535424203,2021-01-13T10:57:04.203Z,buy,8e-06,92.95,0.0007436
NAS/BTC,1610535504719,2021-01-13T10:58:24.719Z,buy,8e-06,161.64,0.0012931199999999998
NAS/BTC,1610535541189,2021-01-13T10:59:01.189Z,buy,8e-06,24.6,0.0001968
NAS/BTC,1610535574476,2021-01-13T10:59:34.476Z,sell,7.9e-06,83.55,0.0006600450000000001
NAS/BTC,1610535574530,2021-01-13T10:59:34.530Z,sell,7.9e-06,605.2,0.004781080000000001
NAS/BTC,1610535592429,2021-01-13T10:59:52.429Z,sell,7.9e-06,22.3,0.00017617000000000002
NAS/BTC,1610535621924,2021-01-13T11:00:21.924Z,buy,8e-06,17.54,0.00014031999999999998
NAS/BTC,1610535641637,2021-01-13T11:00:41.637Z,sell,7.9e-06,175.68,0.001387872
NAS/BTC,1610535668199,2021-01-13T11:01:08.199Z,buy,8e-06,16.52,0.00013215999999999998
NAS/BTC,1610535681723,2021-01-13T11:01:21.723Z,sell,7.9e-06,39.94,0.000315526
NAS/BTC,1610535701594,2021-01-13T11:01:41.594Z,sell,7.9e-06,97.16,0.000767564
NAS/BTC,1610535747218,2021-01-13T11:02:27.218Z,sell,7.9e-06,88.79,0.0007014410000000001
NAS/BTC,1610535791704,2021-01-13T11:03:11.704Z,sell,7.9e-06,134.01,0.001058679
NAS/BTC,1610535865917,2021-01-13T11:04:25.917Z,sell,7.9e-06,147.46,0.001164934
NAS/BTC,1610535938571,2021-01-13T11:05:38.571Z,buy,8e-06,12.91,0.00010328
NAS/BTC,1610536000249,2021-01-13T11:06:40.249Z,sell,7.9e-06,63.82,0.0005041780000000001
NAS/BTC,1610536074687,2021-01-13T11:07:54.687Z,buy,8e-06,30.04,0.00024031999999999998
NAS/BTC,1610536105226,2021-01-13T11:08:25.226Z,sell,7.9e-06,158.68,0.001253572
NAS/BTC,1610536106224,2021-01-13T11:08:26.224Z,sell,7.9e-06,916.69,0.007241851000000001
NAS/BTC,1610536106229,2021-01-13T11:08:26.229Z,sell,7.9e-06,83.65,0.0006608350000000001
NAS/BTC,1610536106235,2021-01-13T11:08:26.235Z,sell,7.9e-06,606.17,0.004788743
NAS/BTC,1610536106240,2021-01-13T11:08:26.240Z,sell,7.9e-06,83.55,0.0006600450000000001
NAS/BTC,1610536106258,2021-01-13T11:08:26.258Z,sell,7.9e-06,66.21,0.000523059
NAS/BTC,1610536163172,2021-01-13T11:09:23.172Z,sell,7.9e-06,159.44,0.001259576
NAS/BTC,1610536165222,2021-01-13T11:09:25.222Z,sell,7.9e-06,70.65,0.0005581350000000001
NAS/BTC,1610536198201,2021-01-13T11:09:58.201Z,sell,7.9e-06,160.39,0.001267081
NAS/BTC,1610536209468,2021-01-13T11:10:09.468Z,sell,7.9e-06,171.47,0.0013546130000000002
NAS/BTC,1610536270217,2021-01-13T11:11:10.217Z,sell,7.9e-06,108.37,0.0008561230000000001
NAS/BTC,1610536315692,2021-01-13T11:11:55.692Z,buy,8e-06,20.94,0.00016752
NAS/BTC,1610536369682,2021-01-13T11:12:49.682Z,sell,7.9e-06,85.7,0.0006770300000000001
NAS/BTC,1610536369682,2021-01-13T11:12:49.682Z,sell,7.9e-06,85.7,0.0006770300000000001
NAS/BTC,1610536448211,2021-01-13T11:14:08.211Z,sell,7.9e-06,126.11,0.0009962690000000001
NAS/BTC,1610536501698,2021-01-13T11:15:01.698Z,sell,7.9e-06,160.95,0.001271505
NAS/BTC,1610536553182,2021-01-13T11:15:53.182Z,buy,8e-06,18.54,0.00014832
NAS/BTC,1610536602929,2021-01-13T11:16:42.929Z,buy,8e-06,14.2,0.00011359999999999998
NAS/BTC,1610536641982,2021-01-13T11:17:21.982Z,sell,7.9e-06,130.59,0.0010316610000000001
NAS/BTC,1610536683765,2021-01-13T11:18:03.765Z,sell,7.9e-06,176.39,0.001393481
NAS/BTC,1610536683778,2021-01-13T11:18:03.778Z,sell,7.9e-06,925.07,0.007308053000000001
NAS/BTC,1610536683787,2021-01-13T11:18:03.787Z,sell,7.9e-06,895.26,0.007072554000000001
NAS/BTC,1610536692204,2021-01-13T11:18:12.204Z,sell,7.9e-06,146.97,0.0011610630000000002
NAS/BTC,1610536705022,2021-01-13T11:18:25.022Z,sell,7.9e-06,145.1,0.0011462900000000001
NAS/BTC,1610536730684,2021-01-13T11:18:50.684Z,sell,7.9e-06,72.56,0.0005732240000000001
NAS/BTC,1610536730684,2021-01-13T11:18:50.684Z,buy,7.9e-06,45.41,0.000358739
NAS/BTC,1610536773230,2021-01-13T11:19:33.230Z,sell,7.9e-06,108.84,0.0008598360000000001
NAS/BTC,1610536773231,2021-01-13T11:19:33.231Z,buy,7.9e-06,15.04,0.00011881600000000001
NAS/BTC,1610536845675,2021-01-13T11:20:45.675Z,buy,8e-06,24.35,0.0001948
NAS/BTC,1610536885718,2021-01-13T11:21:25.718Z,sell,7.9e-06,179.41,0.001417339
NAS/BTC,1610536885718,2021-01-13T11:21:25.718Z,sell,7.9e-06,104.24,0.0008234960000000001
NAS/BTC,1610536955926,2021-01-13T11:22:35.926Z,sell,7.9e-06,40.88,0.00032295200000000005
NAS/BTC,1610536955927,2021-01-13T11:22:35.927Z,buy,7.9e-06,45.7,0.00036103000000000003
NAS/BTC,1610536997463,2021-01-13T11:23:17.463Z,sell,7.9e-06,40.88,0.00032295200000000005
NAS/BTC,1610537030200,2021-01-13T11:23:50.200Z,buy,7.9e-06,77.17,0.0006096430000000001
NAS/BTC,1610537095403,2021-01-13T11:24:55.403Z,buy,7.9e-06,145.38,0.001148502
NAS/BTC,1610537160692,2021-01-13T11:26:00.692Z,buy,7.9e-06,160.49,0.0012678710000000003
NAS/BTC,1610537205190,2021-01-13T11:26:45.190Z,buy,7.9e-06,19.62,0.00015499800000000002
NAS/BTC,1610537243234,2021-01-13T11:27:23.234Z,buy,7.9e-06,19.03,0.000150337
NAS/BTC,1610537277192,2021-01-13T11:27:57.192Z,buy,7.9e-06,168.81,0.0013335990000000002
NAS/BTC,1610537354212,2021-01-13T11:29:14.212Z,buy,7.9e-06,72.71,0.000574409
NAS/BTC,1610537385681,2021-01-13T11:29:45.681Z,buy,7.9e-06,33.12,0.000261648
NAS/BTC,1610537447180,2021-01-13T11:30:47.180Z,buy,7.9e-06,139.95,0.001105605
NAS/BTC,1610537531707,2021-01-13T11:32:11.707Z,buy,7.9e-06,16.56,0.000130824
NAS/BTC,1610537563108,2021-01-13T11:32:43.108Z,buy,7.9e-06,67.84,0.0005359360000000001
NAS/BTC,1610537600652,2021-01-13T11:33:20.652Z,buy,7.9e-06,24.15,0.000190785
NAS/BTC,1610537639699,2021-01-13T11:33:59.699Z,buy,7.9e-06,32.91,0.00025998899999999997
NAS/BTC,1610537695887,2021-01-13T11:34:55.887Z,buy,7.9e-06,116.71,0.000922009
NAS/BTC,1610537751689,2021-01-13T11:35:51.689Z,buy,7.9e-06,157.88,0.0012472520000000001
NAS/BTC,1610537795050,2021-01-13T11:36:35.050Z,buy,7.9e-06,29.39,0.00023218100000000003
NAS/BTC,1610537844223,2021-01-13T11:37:24.223Z,buy,7.9e-06,28.96,0.00022878400000000002
NAS/BTC,1610537850466,2021-01-13T11:37:30.466Z,buy,7.9e-06,4250.0,0.033575
NAS/BTC,1610537882992,2021-01-13T11:38:02.992Z,buy,7.9e-06,13.2,0.00010428
NAS/BTC,1610537916774,2021-01-13T11:38:36.774Z,buy,7.9e-06,134.39,0.0010616809999999999
NAS/BTC,1610537951211,2021-01-13T11:39:11.211Z,buy,7.9e-06,80.32,0.000634528
NAS/BTC,1610537995871,2021-01-13T11:39:55.871Z,buy,7.9e-06,106.73,0.0008431670000000001
NAS/BTC,1610538010207,2021-01-13T11:40:10.207Z,buy,7.9e-06,28.81,0.00022759900000000001
NAS/BTC,1610538025308,2021-01-13T11:40:25.308Z,buy,7.9e-06,221.69,0.0017513510000000002
NAS/BTC,1610538025318,2021-01-13T11:40:25.318Z,buy,7.9e-06,323.0,0.0025517
NAS/BTC,1610538029565,2021-01-13T11:40:29.565Z,buy,7.9e-06,203.74,0.0016095460000000001
NAS/BTC,1610538036912,2021-01-13T11:40:36.912Z,buy,7.9e-06,1833.43,0.014484097000000001
NAS/BTC,1610538039910,2021-01-13T11:40:39.910Z,buy,7.9e-06,634.98,0.005016342000000001
NAS/BTC,1610538040086,2021-01-13T11:40:40.086Z,buy,7.9e-06,139.24,0.0010999960000000002
NAS/BTC,1610538041665,2021-01-13T11:40:41.665Z,buy,7.9e-06,686.81,0.005425799
NAS/BTC,1610538041706,2021-01-13T11:40:41.706Z,buy,7.9e-06,388.09,0.003065911
NAS/BTC,1610538041825,2021-01-13T11:40:41.825Z,buy,7.9e-06,388.09,0.003065911
NAS/BTC,1610538046264,2021-01-13T11:40:46.264Z,buy,7.9e-06,155.94,0.0012319260000000002
NAS/BTC,1610538068702,2021-01-13T11:41:08.702Z,sell,7.8e-06,23.48,0.000183144
NAS/BTC,1610538087725,2021-01-13T11:41:27.725Z,buy,7.9e-06,123.82,0.0009781780000000001
NAS/BTC,1610538091729,2021-01-13T11:41:31.729Z,sell,7.8e-06,13.91,0.000108498
NAS/BTC,1610538137121,2021-01-13T11:42:17.121Z,buy,7.9e-06,152.32,0.001203328
NAS/BTC,1610538157346,2021-01-13T11:42:37.346Z,buy,7.9e-06,131.61,0.0010397190000000001
NAS/BTC,1610538221172,2021-01-13T11:43:41.172Z,buy,7.9e-06,108.7,0.00085873
NAS/BTC,1610538256721,2021-01-13T11:44:16.721Z,buy,7.9e-06,82.29,0.0006500910000000001
NAS/BTC,1610538320954,2021-01-13T11:45:20.954Z,buy,7.9e-06,64.23,0.000507417
NAS/BTC,1610538362072,2021-01-13T11:46:02.072Z,sell,7.8e-06,802.66,0.006260748
NAS/BTC,1610538363707,2021-01-13T11:46:03.707Z,buy,7.9e-06,133.59,0.001055361
NAS/BTC,1610538403682,2021-01-13T11:46:43.682Z,buy,7.9e-06,13.96,0.00011028400000000002
NAS/BTC,1610538425820,2021-01-13T11:47:05.820Z,buy,7.9e-06,228.75,0.0018071250000000001
NAS/BTC,1610538427852,2021-01-13T11:47:07.852Z,buy,7.9e-06,347.95,0.002748805
NAS/BTC,1610538459085,2021-01-13T11:47:39.085Z,buy,7.9e-06,173.9,0.00137381
NAS/BTC,1610538492215,2021-01-13T11:48:12.215Z,buy,7.9e-06,162.17,0.001281143
NAS/BTC,1610538566219,2021-01-13T11:49:26.219Z,buy,7.9e-06,88.74,0.000701046
NAS/BTC,1610538652690,2021-01-13T11:50:52.690Z,buy,7.9e-06,29.35,0.00023186500000000002
NAS/BTC,1610538668922,2021-01-13T11:51:08.922Z,buy,7.9e-06,232.95,0.001840305
NAS/BTC,1610538669135,2021-01-13T11:51:09.135Z,buy,7.9e-06,1758.63,0.013893177000000001
NAS/BTC,1610538669501,2021-01-13T11:51:09.501Z,buy,7.9e-06,247.8,0.00195762
NAS/BTC,1610538670150,2021-01-13T11:51:10.150Z,buy,7.9e-06,157.94,0.001247726
NAS/BTC,1610538670437,2021-01-13T11:51:10.437Z,buy,7.9e-06,204.15,0.0016127850000000003
NAS/BTC,1610538688871,2021-01-13T11:51:28.871Z,buy,7.9e-06,74.08,0.000585232
NAS/BTC,1610538701267,2021-01-13T11:51:41.267Z,buy,7.9e-06,225.04,0.001777816
NAS/BTC,1610538718770,2021-01-13T11:51:58.770Z,sell,7.8e-06,503.17,0.003924726
NAS/BTC,1610538728699,2021-01-13T11:52:08.699Z,buy,7.9e-06,110.7,0.0008745300000000001
NAS/BTC,1610538769497,2021-01-13T11:52:49.497Z,buy,7.9e-06,679.17,0.005365443
NAS/BTC,1610538769500,2021-01-13T11:52:49.500Z,buy,7.9e-06,624.12,0.004930548000000001
NAS/BTC,1610538769524,2021-01-13T11:52:49.524Z,buy,7.9e-06,429.06,0.0033895740000000002
NAS/BTC,1610538769526,2021-01-13T11:52:49.526Z,buy,7.9e-06,659.82,0.005212578000000001
NAS/BTC,1610538769572,2021-01-13T11:52:49.572Z,buy,7.9e-06,139.24,0.0010999960000000002
NAS/BTC,1610538805221,2021-01-13T11:53:25.221Z,buy,7.9e-06,131.87,0.0010417730000000002
NAS/BTC,1610538852211,2021-01-13T11:54:12.211Z,buy,7.9e-06,188.57,0.001489703
NAS/BTC,1610538919413,2021-01-13T11:55:19.413Z,buy,7.9e-06,115.26,0.0009105540000000002
NAS/BTC,1610538953688,2021-01-13T11:55:53.688Z,buy,7.9e-06,181.28,0.0014321120000000001
NAS/BTC,1610539000385,2021-01-13T11:56:40.385Z,buy,7.9e-06,140.33,0.0011086070000000002
NAS/BTC,1610539057287,2021-01-13T11:57:37.287Z,buy,7.9e-06,141.19,0.001115401
NAS/BTC,1610539087701,2021-01-13T11:58:07.701Z,buy,7.9e-06,131.74,0.0010407460000000002
NAS/BTC,1610539107734,2021-01-13T11:58:27.734Z,buy,7.9e-06,737.14,0.005823406000000001
NAS/BTC,1610539110369,2021-01-13T11:58:30.369Z,buy,7.9e-06,145.52,0.001149608
NAS/BTC,1610539154709,2021-01-13T11:59:14.709Z,buy,7.9e-06,21.75,0.00017182500000000002
NAS/BTC,1610539187905,2021-01-13T11:59:47.905Z,buy,7.9e-06,83.51,0.0006597290000000001
NAS/BTC,1610539230228,2021-01-13T12:00:30.228Z,buy,7.9e-06,143.02,0.001129858
NAS/BTC,1610539237166,2021-01-13T12:00:37.166Z,buy,7.9e-06,139.24,0.0010999960000000002
NAS/BTC,1610539271327,2021-01-13T12:01:11.327Z,buy,7.9e-06,405.09,0.003200211
NAS/BTC,1610539272099,2021-01-13T12:01:12.099Z,buy,7.9e-06,182.02,0.0014379580000000002
NAS/BTC,1610539272436,2021-01-13T12:01:12.436Z,buy,7.9e-06,185.31,0.0014639490000000002
NAS/BTC,1610539272639,2021-01-13T12:01:12.639Z,buy,7.9e-06,250.9,0.00198211
NAS/BTC,1610539272720,2021-01-13T12:01:12.720Z,buy,7.9e-06,259.96,0.002053684
NAS/BTC,1610539273378,2021-01-13T12:01:13.378Z,buy,7.9e-06,323.0,0.0025517
NAS/BTC,1610539273437,2021-01-13T12:01:13.437Z,buy,7.9e-06,72.4,0.00057196
NAS/BTC,1610539309682,2021-01-13T12:01:49.682Z,buy,7.9e-06,159.09,0.001256811
NAS/BTC,1610539309703,2021-01-13T12:01:49.703Z,buy,7.9e-06,36.28,0.00028661200000000005
NAS/BTC,1610539377693,2021-01-13T12:02:57.693Z,buy,7.9e-06,166.17,0.001312743
NAS/BTC,1610539425181,2021-01-13T12:03:45.181Z,sell,7.9e-06,120.46,0.000951634
NAS/BTC,1610539456222,2021-01-13T12:04:16.222Z,buy,7.9e-06,72.32,0.000571328
NAS/BTC,1610539524720,2021-01-13T12:05:24.720Z,sell,7.9e-06,180.69,0.0014274510000000002
NAS/BTC,1610539564199,2021-01-13T12:06:04.199Z,buy,7.9e-06,114.83,0.000907157
NAS/BTC,1610539610879,2021-01-13T12:06:50.879Z,buy,7.9e-06,121.98,0.0009636420000000001
NAS/BTC,1610539647220,2021-01-13T12:07:27.220Z,buy,7.9e-06,78.02,0.000616358
NAS/BTC,1610539714093,2021-01-13T12:08:34.093Z,buy,7.9e-06,120.26,0.0009500540000000001
NAS/BTC,1610539750708,2021-01-13T12:09:10.708Z,sell,7.9e-06,158.34,0.001250886
NAS/BTC,1610539837845,2021-01-13T12:10:37.845Z,buy,7.9e-06,112.44,0.000888276
NAS/BTC,1610539913192,2021-01-13T12:11:53.192Z,sell,7.9e-06,136.52,0.0010785080000000002
NAS/BTC,1610539964182,2021-01-13T12:12:44.182Z,sell,7.9e-06,176.39,0.001393481
NAS/BTC,1610539964182,2021-01-13T12:12:44.182Z,sell,7.9e-06,176.39,0.001393481
NAS/BTC,1610540025685,2021-01-13T12:13:45.685Z,sell,7.9e-06,138.96,0.001097784
NAS/BTC,1610540076067,2021-01-13T12:14:36.067Z,sell,7.9e-06,166.7,0.00131693
NAS/BTC,1610540112998,2021-01-13T12:15:12.998Z,buy,7.9e-06,502.54,0.003970066
NAS/BTC,1610540113002,2021-01-13T12:15:13.002Z,buy,7.9e-06,15.77,0.000124583
NAS/BTC,1610540140269,2021-01-13T12:15:40.269Z,sell,7.9e-06,64.32,0.0005081279999999999
NAS/BTC,1610540227702,2021-01-13T12:17:07.702Z,sell,7.9e-06,154.17,0.001217943
NAS/BTC,1610540306231,2021-01-13T12:18:26.231Z,buy,7.9e-06,175.55,0.0013868450000000003
NAS/BTC,1610540386690,2021-01-13T12:19:46.690Z,buy,7.9e-06,116.68,0.0009217720000000002
NAS/BTC,1610540420408,2021-01-13T12:20:20.408Z,buy,7.9e-06,44.11,0.000348469
NAS/BTC,1610540422430,2021-01-13T12:20:22.430Z,buy,7.9e-06,27.52,0.00021740800000000002
NAS/BTC,1610540442637,2021-01-13T12:20:42.637Z,buy,7.9e-06,28.37,0.00022412300000000004
NAS/BTC,1610540442643,2021-01-13T12:20:42.643Z,sell,7.9e-06,82.94,0.0006552260000000001
NAS/BTC,1610540487997,2021-01-13T12:21:27.997Z,buy,7.9e-06,13.81,0.00010909900000000001
NAS/BTC,1610540550229,2021-01-13T12:22:30.229Z,buy,7.9e-06,188.92,0.001492468
NAS/BTC,1610540550238,2021-01-13T12:22:30.238Z,buy,7.9e-06,28.37,0.00022412300000000004
NAS/BTC,1610540605222,2021-01-13T12:23:25.222Z,buy,7.9e-06,162.48,0.001283592
NAS/BTC,1610540690684,2021-01-13T12:24:50.684Z,buy,7.9e-06,167.85,0.001326015
NAS/BTC,1610540758699,2021-01-13T12:25:58.699Z,sell,7.9e-06,90.0,0.000711
NAS/BTC,1610540833213,2021-01-13T12:27:13.213Z,buy,8e-06,36.29,0.00029032
NAS/BTC,1610540890708,2021-01-13T12:28:10.708Z,sell,7.9e-06,121.51,0.0009599290000000001
NAS/BTC,1610540973775,2021-01-13T12:29:33.775Z,buy,8e-06,22.6,0.0001808
NAS/BTC,1610541047687,2021-01-13T12:30:47.687Z,buy,8e-06,33.69,0.00026952
NAS/BTC,1610541084222,2021-01-13T12:31:24.222Z,buy,8e-06,29.64,0.00023712
NAS/BTC,1610541143726,2021-01-13T12:32:23.726Z,buy,8e-06,24.58,0.00019664
NAS/BTC,1610541183198,2021-01-13T12:33:03.198Z,sell,7.9e-06,182.51,0.001441829
NAS/BTC,1610541235385,2021-01-13T12:33:55.385Z,sell,7.9e-06,87.97,0.000694963
NAS/BTC,1610541319210,2021-01-13T12:35:19.210Z,sell,7.9e-06,180.45,0.001425555
NAS/BTC,1610541392725,2021-01-13T12:36:32.725Z,buy,8e-06,25.99,0.00020791999999999997
NAS/BTC,1610541431703,2021-01-13T12:37:11.703Z,buy,8e-06,18.43,0.00014743999999999998
NAS/BTC,1610541484695,2021-01-13T12:38:04.695Z,buy,8e-06,23.8,0.0001904
NAS/BTC,1610541560724,2021-01-13T12:39:20.724Z,sell,7.9e-06,87.76,0.0006933040000000001
