symbol,timestamp,datetime,side,price,amount,btc_volume
NAS/BTC,1590681658618,2020-05-28T16:00:58.618Z,buy,3.54e-05,5.69,0.00020142600000000002
NAS/BTC,1590681658618,2020-05-28T16:00:58.618Z,buy,3.55e-05,194.31,0.0068980050000000005
NAS/BTC,1590681659964,2020-05-28T16:00:59.964Z,buy,3.54e-05,7.23,0.000255942
NAS/BTC,1590681659964,2020-05-28T16:00:59.964Z,buy,3.55e-05,52.77,0.0018733350000000003
NAS/BTC,1590681660786,2020-05-28T16:01:00.786Z,buy,3.54e-05,100.89,0.003571506
NAS/BTC,1590681660845,2020-05-28T16:01:00.845Z,buy,3.54e-05,1.83,6.4782e-05
NAS/BTC,1590681661807,2020-05-28T16:01:01.807Z,buy,3.55e-05,1057.94,0.037556870000000006
NAS/BTC,1590681663485,2020-05-28T16:01:03.485Z,buy,3.55e-05,912.09,0.032379195000000006
NAS/BTC,1590681664374,2020-05-28T16:01:04.374Z,buy,3.55e-05,790.48,0.028062040000000003
NAS/BTC,1590681664463,2020-05-28T16:01:04.463Z,buy,3.55e-05,685.08,0.024320340000000003
NAS/BTC,1590681664517,2020-05-28T16:01:04.517Z,buy,3.55e-05,2712.36,0.09628878
NAS/BTC,1590681664964,2020-05-28T16:01:04.964Z,buy,3.55e-05,360.07,0.012782485000000001
NAS/BTC,1590681682762,2020-05-28T16:01:22.762Z,sell,3.55e-05,445.62,0.015819510000000002
NAS/BTC,1590681693829,2020-05-28T16:01:33.829Z,buy,3.56e-05,88.12,0.003137072
NAS/BTC,1590681756352,2020-05-28T16:02:36.352Z,buy,3.57e-05,15.66,0.000559062
NAS/BTC,1590681806113,2020-05-28T16:03:26.113Z,sell,3.55e-05,1428.11,0.050697905
NAS/BTC,1590681819762,2020-05-28T16:03:39.762Z,buy,3.55e-05,20.0,0.00071
NAS/BTC,1590681840423,2020-05-28T16:04:00.423Z,sell,3.54e-05,910.18,0.032220372
NAS/BTC,1590681859379,2020-05-28T16:04:19.379Z,buy,3.55e-05,100.0,0.00355
NAS/BTC,1590682056135,2020-05-28T16:07:36.135Z,sell,3.53e-05,61.28,0.002163184
NAS/BTC,1590682202195,2020-05-28T16:10:02.195Z,sell,3.53e-05,879.27,0.031038230999999996
NAS/BTC,1590682203201,2020-05-28T16:10:03.201Z,sell,3.53e-05,134.86,0.004760558
NAS/BTC,1590682203641,2020-05-28T16:10:03.641Z,sell,3.53e-05,415.86,0.014679857999999999
NAS/BTC,1590682203892,2020-05-28T16:10:03.892Z,sell,3.53e-05,277.24,0.009786572
NAS/BTC,1590682204084,2020-05-28T16:10:04.084Z,sell,3.53e-05,184.83,0.006524499
NAS/BTC,1590682204215,2020-05-28T16:10:04.215Z,sell,3.53e-05,123.22,0.004349665999999999
NAS/BTC,1590682204284,2020-05-28T16:10:04.284Z,sell,3.53e-05,82.15,0.002899895
NAS/BTC,1590682204575,2020-05-28T16:10:04.575Z,sell,3.53e-05,54.77,0.001933381
NAS/BTC,1590682207174,2020-05-28T16:10:07.174Z,sell,3.53e-05,27.38,0.0009665139999999999
NAS/BTC,1590682207557,2020-05-28T16:10:07.557Z,sell,3.53e-05,27.38,0.0009665139999999999
NAS/BTC,1590682207677,2020-05-28T16:10:07.677Z,sell,3.53e-05,18.25,0.000644225
NAS/BTC,1590682351808,2020-05-28T16:12:31.808Z,sell,3.52e-05,251.95,0.00886864
NAS/BTC,1590682351808,2020-05-28T16:12:31.808Z,sell,3.51e-05,2432.96,0.085396896
NAS/BTC,1590682351826,2020-05-28T16:12:31.826Z,sell,3.52e-05,8.11,0.000285472
NAS/BTC,1590682352012,2020-05-28T16:12:32.012Z,sell,3.52e-05,5.41,0.000190432
NAS/BTC,1590682352012,2020-05-28T16:12:32.012Z,sell,3.51e-05,120.15,0.004217265
NAS/BTC,1590682365368,2020-05-28T16:12:45.368Z,buy,3.52e-05,233.73,0.008227296
NAS/BTC,1590682557746,2020-05-28T16:15:57.746Z,buy,3.52e-05,12.57,0.00044246400000000005
NAS/BTC,1590682557854,2020-05-28T16:15:57.854Z,buy,3.52e-05,23.84,0.000839168
NAS/BTC,1590682558056,2020-05-28T16:15:58.056Z,buy,3.52e-05,19.65,0.00069168
NAS/BTC,1590682558168,2020-05-28T16:15:58.168Z,buy,3.52e-05,11.71,0.00041219200000000003
NAS/BTC,1590682558266,2020-05-28T16:15:58.266Z,buy,3.52e-05,7.74,0.000272448
NAS/BTC,1590682561025,2020-05-28T16:16:01.025Z,buy,3.52e-05,515.44,0.018143488000000003
NAS/BTC,1590682567199,2020-05-28T16:16:07.199Z,sell,3.51e-05,148.21,0.005202171
NAS/BTC,1590682639993,2020-05-28T16:17:19.993Z,sell,3.51e-05,264.59,0.009287108999999998
NAS/BTC,1590682640097,2020-05-28T16:17:20.097Z,sell,3.51e-05,163.46,0.005737446
NAS/BTC,1590682640197,2020-05-28T16:17:20.197Z,sell,3.51e-05,108.97,0.0038248469999999997
NAS/BTC,1590682640308,2020-05-28T16:17:20.308Z,sell,3.51e-05,72.65,0.002550015
NAS/BTC,1590682656496,2020-05-28T16:17:36.496Z,sell,3.51e-05,36.32,0.001274832
NAS/BTC,1590682656804,2020-05-28T16:17:36.804Z,sell,3.51e-05,27.24,0.0009561239999999999
NAS/BTC,1590682795007,2020-05-28T16:19:55.007Z,buy,3.52e-05,10.18,0.000358336
NAS/BTC,1590682858743,2020-05-28T16:20:58.743Z,buy,3.52e-05,0.92,3.2384e-05
NAS/BTC,1590682867186,2020-05-28T16:21:07.186Z,buy,3.52e-05,147.91,0.005206432
NAS/BTC,1590683442657,2020-05-28T16:30:42.657Z,buy,3.52e-05,240.65,0.00847088
NAS/BTC,1590683562198,2020-05-28T16:32:42.198Z,buy,3.52e-05,1.07,3.7664000000000004e-05
NAS/BTC,1590684012118,2020-05-28T16:40:12.118Z,buy,3.52e-05,714.32,0.025144064000000004
NAS/BTC,1590684019649,2020-05-28T16:40:19.649Z,sell,3.52e-05,85.14,0.0029969280000000003
NAS/BTC,1590684162750,2020-05-28T16:42:42.750Z,sell,3.52e-05,158.16,0.005567232
NAS/BTC,1590684170329,2020-05-28T16:42:50.329Z,sell,3.52e-05,192.65,0.006781280000000001
NAS/BTC,1590684170423,2020-05-28T16:42:50.423Z,sell,3.52e-05,21.9,0.0007708799999999999
NAS/BTC,1590684170533,2020-05-28T16:42:50.533Z,sell,3.52e-05,11.4,0.00040128
NAS/BTC,1590684170636,2020-05-28T16:42:50.636Z,sell,3.52e-05,14.7,0.00051744
NAS/BTC,1590685140671,2020-05-28T16:59:00.671Z,buy,3.53e-05,1135.9,0.04009727
NAS/BTC,1590685166922,2020-05-28T16:59:26.922Z,buy,3.53e-05,750.37,0.026488060999999997
NAS/BTC,1590685194590,2020-05-28T16:59:54.590Z,buy,3.53e-05,562.78,0.019866133999999997
NAS/BTC,1590685194590,2020-05-28T16:59:54.590Z,buy,3.53e-05,562.78,0.019866133999999997
NAS/BTC,1590685353363,2020-05-28T17:02:33.363Z,sell,3.53e-05,817.13,0.028844688999999996
NAS/BTC,1590685713699,2020-05-28T17:08:33.699Z,buy,3.53e-05,312.66,0.011036898
NAS/BTC,1590685722073,2020-05-28T17:08:42.073Z,buy,3.53e-05,208.44,0.007357931999999999
NAS/BTC,1590685722211,2020-05-28T17:08:42.211Z,buy,3.53e-05,138.95,0.004904934999999999
NAS/BTC,1590685724601,2020-05-28T17:08:44.601Z,sell,3.53e-05,16.37,0.000577861
NAS/BTC,1590685980538,2020-05-28T17:13:00.538Z,sell,3.52e-05,1910.0,0.067232
NAS/BTC,1590685980557,2020-05-28T17:13:00.557Z,sell,3.52e-05,217.55,0.0076577600000000004
NAS/BTC,1590686185068,2020-05-28T17:16:25.068Z,sell,3.52e-05,1260.57,0.044372064
NAS/BTC,1590686185191,2020-05-28T17:16:25.191Z,sell,3.52e-05,910.24,0.032040448
NAS/BTC,1590686185328,2020-05-28T17:16:25.328Z,sell,3.52e-05,351.61,0.012376672000000002
NAS/BTC,1590686399021,2020-05-28T17:19:59.021Z,sell,3.52e-05,178.66,0.006288832
NAS/BTC,1590686399140,2020-05-28T17:19:59.140Z,sell,3.52e-05,175.8,0.006188160000000001
NAS/BTC,1590686399437,2020-05-28T17:19:59.437Z,sell,3.52e-05,117.2,0.00412544
NAS/BTC,1590686804114,2020-05-28T17:26:44.114Z,buy,3.53e-05,140.04,0.0049434119999999995
NAS/BTC,1590686804247,2020-05-28T17:26:44.247Z,buy,3.53e-05,930.38,0.032842414
NAS/BTC,1590686899197,2020-05-28T17:28:19.197Z,buy,3.53e-05,806.33,0.028463449
NAS/BTC,1590687300892,2020-05-28T17:35:00.892Z,buy,3.53e-05,0.79,2.7887e-05
NAS/BTC,1590687554565,2020-05-28T17:39:14.565Z,buy,3.53e-05,159.43,0.005627879
NAS/BTC,1590687705841,2020-05-28T17:41:45.841Z,buy,3.53e-05,224.39,0.007920967
NAS/BTC,1590687729665,2020-05-28T17:42:09.665Z,buy,3.53e-05,481.93,0.017012128999999997
NAS/BTC,1590687729814,2020-05-28T17:42:09.814Z,buy,3.53e-05,321.28,0.011341183999999999
NAS/BTC,1590688361462,2020-05-28T17:52:41.462Z,buy,3.53e-05,25.48,0.000899444
NAS/BTC,1590688361462,2020-05-28T17:52:41.462Z,buy,3.53e-05,25.48,0.000899444
NAS/BTC,1590688798447,2020-05-28T17:59:58.447Z,buy,3.53e-05,665.56,0.023494267999999995
NAS/BTC,1590688798564,2020-05-28T17:59:58.564Z,buy,3.53e-05,576.81,0.020361392999999995
NAS/BTC,1590688798664,2020-05-28T17:59:58.664Z,buy,3.53e-05,664.05,0.023440964999999998
NAS/BTC,1590688798667,2020-05-28T17:59:58.667Z,buy,3.53e-05,499.91,0.017646823
NAS/BTC,1590688798672,2020-05-28T17:59:58.672Z,buy,3.53e-05,2482.15,0.087619895
NAS/BTC,1590688798684,2020-05-28T17:59:58.684Z,buy,3.53e-05,160.64,0.0056705919999999995
NAS/BTC,1590688800111,2020-05-28T18:00:00.111Z,buy,3.54e-05,222.39,0.007872605999999999
NAS/BTC,1590689306650,2020-05-28T18:08:26.650Z,buy,3.54e-05,2.84,0.000100536
NAS/BTC,1590689375978,2020-05-28T18:09:35.978Z,buy,3.55e-05,556.33,0.019749715
NAS/BTC,1590689466993,2020-05-28T18:11:06.993Z,sell,3.54e-05,16.91,0.000598614
NAS/BTC,1590689630696,2020-05-28T18:13:50.696Z,buy,3.55e-05,314.02,0.01114771
NAS/BTC,1590689630832,2020-05-28T18:13:50.832Z,buy,3.55e-05,35.84,0.0012723200000000002
NAS/BTC,1590689630930,2020-05-28T18:13:50.930Z,buy,3.55e-05,23.89,0.0008480950000000001
NAS/BTC,1590689631231,2020-05-28T18:13:51.231Z,buy,3.55e-05,15.93,0.000565515
NAS/BTC,1590689788687,2020-05-28T18:16:28.687Z,buy,3.55e-05,3.09,0.000109695
NAS/BTC,1590689909295,2020-05-28T18:18:29.295Z,buy,3.55e-05,253.64,0.00900422
NAS/BTC,1590689990014,2020-05-28T18:19:50.014Z,buy,3.55e-05,1651.23,0.05861866500000001
NAS/BTC,1590690535480,2020-05-28T18:28:55.480Z,buy,3.55e-05,184.65,0.0065550750000000005
NAS/BTC,1590690949932,2020-05-28T18:35:49.932Z,buy,3.55e-05,56.26,0.00199723
NAS/BTC,1590690949932,2020-05-28T18:35:49.932Z,buy,3.56e-05,1108.74,0.039471144
NAS/BTC,1590690950113,2020-05-28T18:35:50.113Z,sell,3.55e-05,56.26,0.00199723
NAS/BTC,1590690950293,2020-05-28T18:35:50.293Z,buy,3.56e-05,958.91,0.034137195999999995
NAS/BTC,1590690953352,2020-05-28T18:35:53.352Z,buy,3.57e-05,1005.9,0.03591063
NAS/BTC,1590690992102,2020-05-28T18:36:32.102Z,buy,3.57e-05,0.03,1.071e-06
NAS/BTC,1590690992102,2020-05-28T18:36:32.102Z,buy,3.58e-05,2629.97,0.094152926
NAS/BTC,1590691000938,2020-05-28T18:36:40.938Z,buy,3.59e-05,55.86,0.002005374
NAS/BTC,1590691017708,2020-05-28T18:36:57.708Z,sell,3.57e-05,49.08,0.001752156
NAS/BTC,1590691033111,2020-05-28T18:37:13.111Z,sell,3.57e-05,676.11,0.024137127
NAS/BTC,1590691033135,2020-05-28T18:37:13.135Z,sell,3.57e-05,544.14,0.019425798
NAS/BTC,1590691033371,2020-05-28T18:37:13.371Z,sell,3.57e-05,20.33,0.000725781
NAS/BTC,1590691039952,2020-05-28T18:37:19.952Z,buy,3.58e-05,56.62,0.002026996
NAS/BTC,1590691039963,2020-05-28T18:37:19.963Z,sell,3.58e-05,412.12,0.014753896
NAS/BTC,1590691063791,2020-05-28T18:37:43.791Z,buy,3.58e-05,4.03,0.000144274
NAS/BTC,1590691282368,2020-05-28T18:41:22.368Z,sell,3.57e-05,49.08,0.001752156
NAS/BTC,1590691282480,2020-05-28T18:41:22.480Z,sell,3.57e-05,481.2,0.01717884
NAS/BTC,1590691290379,2020-05-28T18:41:30.379Z,buy,3.58e-05,19.34,0.000692372
NAS/BTC,1590691360473,2020-05-28T18:42:40.473Z,sell,3.57e-05,64.02,0.0022855139999999998
NAS/BTC,1590691438226,2020-05-28T18:43:58.226Z,sell,3.57e-05,440.59,0.015729062999999998
NAS/BTC,1590691479633,2020-05-28T18:44:39.633Z,buy,3.58e-05,442.38,0.015837204
NAS/BTC,1590691479633,2020-05-28T18:44:39.633Z,buy,3.59e-05,4793.58,0.172089522
NAS/BTC,1590691482069,2020-05-28T18:44:42.069Z,buy,3.58e-05,48.94,0.001752052
NAS/BTC,1590691684335,2020-05-28T18:48:04.335Z,buy,3.59e-05,329.19,0.011817920999999999
NAS/BTC,1590691687540,2020-05-28T18:48:07.540Z,sell,3.58e-05,48.94,0.001752052
NAS/BTC,1590691842245,2020-05-28T18:50:42.245Z,buy,3.58e-05,31.31,0.001120898
NAS/BTC,1590691880750,2020-05-28T18:51:20.750Z,buy,3.59e-05,54.81,0.001967679
NAS/BTC,1590691882864,2020-05-28T18:51:22.864Z,buy,3.6e-05,474.2,0.0170712
NAS/BTC,1590691882864,2020-05-28T18:51:22.864Z,buy,3.6e-05,474.2,0.0170712
NAS/BTC,1590691977610,2020-05-28T18:52:57.610Z,sell,3.6e-05,19.14,0.00068904
NAS/BTC,1590692068666,2020-05-28T18:54:28.666Z,sell,3.59e-05,465.25,0.016702474999999998
NAS/BTC,1590692068673,2020-05-28T18:54:28.673Z,sell,3.59e-05,289.67,0.010399153
NAS/BTC,1590692263698,2020-05-28T18:57:43.698Z,sell,3.59e-05,134.99,0.004846141
NAS/BTC,1590692273609,2020-05-28T18:57:53.609Z,sell,3.59e-05,291.98,0.010482082
NAS/BTC,1590692330660,2020-05-28T18:58:50.660Z,buy,3.6e-05,55.18,0.00198648
NAS/BTC,1590692330677,2020-05-28T18:58:50.677Z,sell,3.6e-05,125.97,0.0045349200000000004
NAS/BTC,1590692330689,2020-05-28T18:58:50.689Z,sell,3.6e-05,158.8,0.0057168
NAS/BTC,1590692330721,2020-05-28T18:58:50.721Z,sell,3.6e-05,493.01,0.01774836
NAS/BTC,1590692330788,2020-05-28T18:58:50.788Z,sell,3.6e-05,108.31,0.00389916
NAS/BTC,1590692330802,2020-05-28T18:58:50.802Z,sell,3.6e-05,831.06,0.02991816
NAS/BTC,1590692330968,2020-05-28T18:58:50.968Z,sell,3.6e-05,217.66,0.00783576
NAS/BTC,1590692391644,2020-05-28T18:59:51.644Z,sell,3.59e-05,695.69,0.024975271
NAS/BTC,1590692395047,2020-05-28T18:59:55.047Z,sell,3.59e-05,132.51,0.004757109
NAS/BTC,1590692399146,2020-05-28T18:59:59.146Z,sell,3.59e-05,419.09,0.015045330999999999
NAS/BTC,1590692400345,2020-05-28T19:00:00.345Z,sell,3.59e-05,82.44,0.0029595959999999997
NAS/BTC,1590692401752,2020-05-28T19:00:01.752Z,sell,3.59e-05,262.65,0.009429134999999998
NAS/BTC,1590692403952,2020-05-28T19:00:03.952Z,sell,3.59e-05,180.53,0.0064810269999999994
NAS/BTC,1590692405748,2020-05-28T19:00:05.748Z,sell,3.59e-05,124.5,0.00446955
NAS/BTC,1590692406762,2020-05-28T19:00:06.762Z,buy,3.6e-05,864.73,0.03113028
NAS/BTC,1590692407149,2020-05-28T19:00:07.149Z,sell,3.59e-05,67.06,0.002407454
NAS/BTC,1590692418851,2020-05-28T19:00:18.851Z,sell,3.59e-05,426.56,0.015313503999999999
NAS/BTC,1590692423652,2020-05-28T19:00:23.652Z,sell,3.59e-05,251.84,0.009041056
NAS/BTC,1590692433749,2020-05-28T19:00:33.749Z,sell,3.59e-05,29.89,0.001073051
NAS/BTC,1590692542476,2020-05-28T19:02:22.476Z,sell,3.59e-05,138.0,0.0049542
NAS/BTC,1590692542606,2020-05-28T19:02:22.606Z,buy,3.59e-05,138.0,0.0049542
NAS/BTC,1590692545949,2020-05-28T19:02:25.949Z,sell,3.59e-05,111.93,0.004018287
NAS/BTC,1590692553831,2020-05-28T19:02:33.831Z,sell,3.59e-05,74.62,0.002678858
NAS/BTC,1590692850697,2020-05-28T19:07:30.697Z,sell,3.59e-05,49.75,0.001786025
NAS/BTC,1590692850812,2020-05-28T19:07:30.812Z,sell,3.59e-05,33.16,0.001190444
NAS/BTC,1590693116404,2020-05-28T19:11:56.404Z,sell,3.58e-05,952.2,0.03408876
NAS/BTC,1590693120446,2020-05-28T19:12:00.446Z,sell,3.58e-05,13.82,0.0004947560000000001
NAS/BTC,1590693124593,2020-05-28T19:12:04.593Z,sell,3.58e-05,12.01,0.00042995800000000003
NAS/BTC,1590693136473,2020-05-28T19:12:16.473Z,sell,3.57e-05,41.56,0.001483692
NAS/BTC,1590694134686,2020-05-28T19:28:54.686Z,buy,3.58e-05,122.1,0.0043711800000000006
NAS/BTC,1590694134922,2020-05-28T19:28:54.922Z,buy,3.58e-05,339.86,0.012166988000000002
NAS/BTC,1590694307223,2020-05-28T19:31:47.223Z,buy,3.58e-05,185.87,0.0066541460000000005
NAS/BTC,1590694307397,2020-05-28T19:31:47.397Z,buy,3.58e-05,185.87,0.0066541460000000005
NAS/BTC,1590694316236,2020-05-28T19:31:56.236Z,buy,3.58e-05,61.96,0.0022181680000000004
NAS/BTC,1590694325122,2020-05-28T19:32:05.122Z,buy,3.58e-05,41.31,0.0014788980000000002
NAS/BTC,1590694325306,2020-05-28T19:32:05.306Z,buy,3.58e-05,41.31,0.0014788980000000002
NAS/BTC,1590694325403,2020-05-28T19:32:05.403Z,buy,3.58e-05,27.54,0.0009859320000000001
NAS/BTC,1590694562896,2020-05-28T19:36:02.896Z,buy,3.58e-05,13.77,0.0004929660000000001
NAS/BTC,1590694773800,2020-05-28T19:39:33.800Z,buy,3.59e-05,554.4,0.019902959999999997
NAS/BTC,1590694773800,2020-05-28T19:39:33.800Z,buy,3.6e-05,4382.19,0.15775883999999998
NAS/BTC,1590694773807,2020-05-28T19:39:33.807Z,sell,3.6e-05,568.44,0.020463840000000004
NAS/BTC,1590694773810,2020-05-28T19:39:33.810Z,sell,3.6e-05,490.01,0.01764036
NAS/BTC,1590694774559,2020-05-28T19:39:34.559Z,buy,3.59e-05,690.0,0.024770999999999998
NAS/BTC,1590694776052,2020-05-28T19:39:36.052Z,buy,3.59e-05,2.49,8.9391e-05
NAS/BTC,1590694776060,2020-05-28T19:39:36.060Z,sell,3.59e-05,46.31,0.001662529
NAS/BTC,1590694789574,2020-05-28T19:39:49.574Z,sell,3.58e-05,581.65,0.020823070000000003
NAS/BTC,1590694808689,2020-05-28T19:40:08.689Z,sell,3.58e-05,33.34,0.0011935720000000002
NAS/BTC,1590694808689,2020-05-28T19:40:08.689Z,sell,3.58e-05,33.34,0.0011935720000000002
NAS/BTC,1590695619859,2020-05-28T19:53:39.859Z,sell,3.58e-05,117.64,0.004211512000000001
NAS/BTC,1590695710543,2020-05-28T19:55:10.543Z,sell,3.58e-05,874.78,0.031317124
NAS/BTC,1590696943096,2020-05-28T20:15:43.096Z,sell,3.58e-05,41.91,0.001500378
NAS/BTC,1590697436774,2020-05-28T20:23:56.774Z,buy,3.59e-05,7.13,0.000255967
NAS/BTC,1590697444117,2020-05-28T20:24:04.117Z,buy,3.59e-05,1313.93,0.047170087
NAS/BTC,1590697444117,2020-05-28T20:24:04.117Z,buy,3.6e-05,74.95,0.0026982
NAS/BTC,1590697446936,2020-05-28T20:24:06.936Z,buy,3.59e-05,48.8,0.00175192
NAS/BTC,1590697775311,2020-05-28T20:29:35.311Z,buy,3.59e-05,200.0,0.00718
NAS/BTC,1590697986488,2020-05-28T20:33:06.488Z,sell,3.58e-05,220.14,0.007881012
NAS/BTC,1590698115260,2020-05-28T20:35:15.260Z,sell,3.58e-05,40.52,0.0014506160000000003
NAS/BTC,1590698115260,2020-05-28T20:35:15.260Z,sell,3.58e-05,40.52,0.0014506160000000003
NAS/BTC,1590698736154,2020-05-28T20:45:36.154Z,sell,3.58e-05,926.89,0.033182662
NAS/BTC,1590699871630,2020-05-28T21:04:31.630Z,buy,3.59e-05,13.93,0.000500087
NAS/BTC,1590700044973,2020-05-28T21:07:24.973Z,buy,3.59e-05,263.99,0.009477240999999999
NAS/BTC,1590700045034,2020-05-28T21:07:25.034Z,buy,3.59e-05,187.04,0.006714736
NAS/BTC,1590700045077,2020-05-28T21:07:25.077Z,buy,3.59e-05,221.1,0.00793749
NAS/BTC,1590700045164,2020-05-28T21:07:25.164Z,sell,3.59e-05,28.48,0.001022432
NAS/BTC,1590700145791,2020-05-28T21:09:05.791Z,sell,3.59e-05,119.95,0.004306205
NAS/BTC,1590700568023,2020-05-28T21:16:08.023Z,sell,3.59e-05,820.46,0.029454514
NAS/BTC,1590700568189,2020-05-28T21:16:08.189Z,sell,3.59e-05,650.3,0.02334577
NAS/BTC,1590700568279,2020-05-28T21:16:08.279Z,sell,3.59e-05,374.26,0.013435933999999998
NAS/BTC,1590700568865,2020-05-28T21:16:08.865Z,sell,3.59e-05,109.1,0.00391669
NAS/BTC,1590700568880,2020-05-28T21:16:08.880Z,sell,3.59e-05,140.4,0.00504036
NAS/BTC,1590700569257,2020-05-28T21:16:09.257Z,sell,3.59e-05,71.09,0.002552131
NAS/BTC,1590700569274,2020-05-28T21:16:09.274Z,sell,3.59e-05,95.25,0.003419475
NAS/BTC,1590700572677,2020-05-28T21:16:12.677Z,sell,3.58e-05,46.64,0.001669712
NAS/BTC,1590700591724,2020-05-28T21:16:31.724Z,sell,3.58e-05,43.91,0.001571978
NAS/BTC,1590700739997,2020-05-28T21:18:59.997Z,buy,3.59e-05,139.77,0.005017743
NAS/BTC,1590700811522,2020-05-28T21:20:11.522Z,buy,3.59e-05,3.0,0.00010769999999999999
NAS/BTC,1590700846087,2020-05-28T21:20:46.087Z,buy,3.59e-05,48.94,0.001756946
NAS/BTC,1590701292324,2020-05-28T21:28:12.324Z,sell,3.59e-05,434.94,0.015614346
NAS/BTC,1590701321671,2020-05-28T21:28:41.671Z,sell,3.59e-05,23.13,0.0008303669999999999
NAS/BTC,1590701502345,2020-05-28T21:31:42.345Z,sell,3.59e-05,434.95,0.015614705
NAS/BTC,1590701502345,2020-05-28T21:31:42.345Z,sell,3.59e-05,434.95,0.015614705
NAS/BTC,1590702180568,2020-05-28T21:43:00.568Z,sell,3.59e-05,135.17,0.004852603
NAS/BTC,1590702287907,2020-05-28T21:44:47.907Z,sell,3.59e-05,894.16,0.032100343999999996
NAS/BTC,1590702584725,2020-05-28T21:49:44.725Z,sell,3.59e-05,863.16,0.030987443999999996
NAS/BTC,1590702901999,2020-05-28T21:55:01.999Z,buy,3.59e-05,1580.44,0.056737796
NAS/BTC,1590702901999,2020-05-28T21:55:01.999Z,buy,3.6e-05,7392.4,0.2661264
NAS/BTC,1590702902082,2020-05-28T21:55:02.082Z,buy,3.59e-05,755.0,0.0271045
NAS/BTC,1590702904157,2020-05-28T21:55:04.157Z,buy,3.59e-05,0.8,2.872e-05
NAS/BTC,1590702904290,2020-05-28T21:55:04.290Z,sell,3.59e-05,48.0,0.0017231999999999998
NAS/BTC,1590702904512,2020-05-28T21:55:04.512Z,sell,3.59e-05,137.78,0.004946302
NAS/BTC,1590703005225,2020-05-28T21:56:45.225Z,buy,3.6e-05,110.72,0.0039859200000000004
NAS/BTC,1590703005225,2020-05-28T21:56:45.225Z,buy,3.61e-05,2089.28,0.07542300800000001
NAS/BTC,1590703005415,2020-05-28T21:56:45.415Z,buy,3.6e-05,61.92,0.0022291200000000002
NAS/BTC,1590703009906,2020-05-28T21:56:49.906Z,sell,3.6e-05,60.0,0.00216
NAS/BTC,1590703011120,2020-05-28T21:56:51.120Z,sell,3.6e-05,10.0,0.00036
NAS/BTC,1590703115435,2020-05-28T21:58:35.435Z,sell,3.6e-05,121.4,0.0043704
NAS/BTC,1590703125594,2020-05-28T21:58:45.594Z,sell,3.6e-05,342.43,0.01232748
NAS/BTC,1590703132062,2020-05-28T21:58:52.062Z,sell,3.6e-05,284.26,0.01023336
NAS/BTC,1590703137301,2020-05-28T21:58:57.301Z,sell,3.6e-05,382.91,0.013784760000000002
NAS/BTC,1590703138341,2020-05-28T21:58:58.341Z,sell,3.6e-05,144.21,0.0051915600000000004
NAS/BTC,1590703139644,2020-05-28T21:58:59.644Z,sell,3.6e-05,171.56,0.00617616
NAS/BTC,1590703152304,2020-05-28T21:59:12.304Z,sell,3.6e-05,101.81,0.00366516
NAS/BTC,1590703153269,2020-05-28T21:59:13.269Z,sell,3.6e-05,112.72,0.0040579200000000005
NAS/BTC,1590703153466,2020-05-28T21:59:13.466Z,sell,3.6e-05,50.78,0.0018280800000000002
NAS/BTC,1590703154105,2020-05-28T21:59:14.105Z,sell,3.6e-05,59.78,0.0021520800000000002
NAS/BTC,1590703154204,2020-05-28T21:59:14.204Z,sell,3.6e-05,26.33,0.00094788
NAS/BTC,1590703154311,2020-05-28T21:59:14.311Z,sell,3.6e-05,13.53,0.00048708
NAS/BTC,1590703199609,2020-05-28T21:59:59.609Z,sell,3.6e-05,152.18,0.00547848
NAS/BTC,1590703200738,2020-05-28T22:00:00.738Z,sell,3.6e-05,24.91,0.00089676
NAS/BTC,1590703210977,2020-05-28T22:00:10.977Z,sell,3.6e-05,60.0,0.00216
NAS/BTC,1590703212189,2020-05-28T22:00:12.189Z,sell,3.6e-05,53.54,0.00192744
NAS/BTC,1590703212292,2020-05-28T22:00:12.292Z,sell,3.6e-05,61.92,0.0022291200000000002
NAS/BTC,1590703212434,2020-05-28T22:00:12.434Z,sell,3.6e-05,75.7,0.0027252
NAS/BTC,1590703212546,2020-05-28T22:00:12.546Z,sell,3.6e-05,13.78,0.00049608
NAS/BTC,1590703576683,2020-05-28T22:06:16.683Z,buy,3.6e-05,144.51,0.00520236
NAS/BTC,1590703625525,2020-05-28T22:07:05.525Z,buy,3.6e-05,97.71,0.00351756
NAS/BTC,1590703741551,2020-05-28T22:09:01.551Z,sell,3.59e-05,77.64,0.002787276
NAS/BTC,1590704370018,2020-05-28T22:19:30.018Z,sell,3.59e-05,100.35,0.003602565
NAS/BTC,1590704370135,2020-05-28T22:19:30.135Z,sell,3.59e-05,60.0,0.002154
NAS/BTC,1590704767953,2020-05-28T22:26:07.953Z,sell,3.59e-05,35.04,0.0012579359999999999
NAS/BTC,1590704768155,2020-05-28T22:26:08.155Z,sell,3.59e-05,17.52,0.0006289679999999999
NAS/BTC,1590704768155,2020-05-28T22:26:08.155Z,sell,3.59e-05,17.52,0.0006289679999999999
NAS/BTC,1590705176072,2020-05-28T22:32:56.072Z,sell,3.59e-05,22.83,0.0008195969999999999
NAS/BTC,1590705176679,2020-05-28T22:32:56.679Z,sell,3.59e-05,19.91,0.000714769
NAS/BTC,1590705224098,2020-05-28T22:33:44.098Z,sell,3.58e-05,53.98,0.001932484
NAS/BTC,1590705247564,2020-05-28T22:34:07.564Z,buy,3.58e-05,11.17,0.000399886
NAS/BTC,1590705249622,2020-05-28T22:34:09.622Z,buy,3.58e-05,120.29,0.004306382000000001
NAS/BTC,1590705249926,2020-05-28T22:34:09.926Z,buy,3.58e-05,61.23,0.0021920340000000003
NAS/BTC,1590705293063,2020-05-28T22:34:53.063Z,buy,3.58e-05,61.23,0.0021920340000000003
NAS/BTC,1590705329480,2020-05-28T22:35:29.480Z,buy,3.58e-05,92.63,0.003316154
NAS/BTC,1590705329588,2020-05-28T22:35:29.588Z,buy,3.58e-05,92.63,0.003316154
NAS/BTC,1590705447235,2020-05-28T22:37:27.235Z,buy,3.58e-05,0.43,1.5394000000000002e-05
NAS/BTC,1590705447235,2020-05-28T22:37:27.235Z,buy,3.59e-05,939.32,0.033721588000000004
NAS/BTC,1590705741910,2020-05-28T22:42:21.910Z,sell,3.58e-05,117.1,0.00419218
NAS/BTC,1590705744470,2020-05-28T22:42:24.470Z,sell,3.59e-05,8.3,0.00029797
NAS/BTC,1590705804236,2020-05-28T22:43:24.236Z,buy,3.59e-05,40.64,0.001458976
NAS/BTC,1590706016888,2020-05-28T22:46:56.888Z,buy,3.59e-05,314.79,0.011300961
NAS/BTC,1590706016893,2020-05-28T22:46:56.893Z,buy,3.59e-05,294.83,0.010584396999999999
NAS/BTC,1590706016895,2020-05-28T22:46:56.895Z,buy,3.59e-05,73.34,0.002632906
NAS/BTC,1590706025325,2020-05-28T22:47:05.325Z,buy,3.6e-05,48.8,0.0017568
NAS/BTC,1590706278437,2020-05-28T22:51:18.437Z,buy,3.61e-05,2.8,0.00010108
NAS/BTC,1590706304557,2020-05-28T22:51:44.557Z,buy,3.61e-05,65.69,0.002371409
NAS/BTC,1590706423169,2020-05-28T22:53:43.169Z,sell,3.6e-05,95.37,0.00343332
NAS/BTC,1590706444171,2020-05-28T22:54:04.171Z,buy,3.61e-05,51.46,0.0018577060000000002
NAS/BTC,1590706583877,2020-05-28T22:56:23.877Z,buy,3.62e-05,1126.93,0.040794866
NAS/BTC,1590706583877,2020-05-28T22:56:23.877Z,buy,3.62e-05,161.0,0.0058281999999999995
NAS/BTC,1590706606192,2020-05-28T22:56:46.192Z,buy,3.62e-05,976.68,0.035355816
NAS/BTC,1590706622423,2020-05-28T22:57:02.423Z,buy,3.62e-05,846.45,0.03064149
NAS/BTC,1590706658952,2020-05-28T22:57:38.952Z,buy,3.62e-05,858.93,0.031093265999999998
NAS/BTC,1590706660157,2020-05-28T22:57:40.157Z,buy,3.62e-05,230.84,0.008356408
NAS/BTC,1590707012070,2020-05-28T23:03:32.070Z,sell,3.61e-05,499.19,0.018020759
NAS/BTC,1590707012655,2020-05-28T23:03:32.655Z,sell,3.61e-05,555.25,0.020044525
NAS/BTC,1590707012874,2020-05-28T23:03:32.874Z,sell,3.61e-05,225.78,0.008150658000000002
NAS/BTC,1590707013286,2020-05-28T23:03:33.286Z,sell,3.61e-05,370.17,0.013363137000000002
NAS/BTC,1590707013601,2020-05-28T23:03:33.601Z,sell,3.61e-05,246.78,0.008908758000000001
NAS/BTC,1590707014679,2020-05-28T23:03:34.679Z,sell,3.6e-05,84.27,0.0030337199999999997
NAS/BTC,1590707015252,2020-05-28T23:03:35.252Z,sell,3.61e-05,164.52,0.005939172000000001
NAS/BTC,1590707015742,2020-05-28T23:03:35.742Z,sell,3.61e-05,82.26,0.0029695860000000006
NAS/BTC,1590707050925,2020-05-28T23:04:10.925Z,sell,3.6e-05,24.64,0.0008870400000000001
NAS/BTC,1590707221203,2020-05-28T23:07:01.203Z,sell,3.6e-05,3.28,0.00011808
NAS/BTC,1590707245825,2020-05-28T23:07:25.825Z,sell,3.6e-05,304.16,0.010949760000000001
NAS/BTC,1590707246032,2020-05-28T23:07:26.032Z,sell,3.6e-05,27.42,0.0009871200000000002
NAS/BTC,1590707246305,2020-05-28T23:07:26.305Z,sell,3.6e-05,18.28,0.00065808
NAS/BTC,1590707368901,2020-05-28T23:09:28.901Z,buy,3.61e-05,585.44,0.021134384000000003
NAS/BTC,1590707448095,2020-05-28T23:10:48.095Z,sell,3.6e-05,60.86,0.00219096
NAS/BTC,1590707448239,2020-05-28T23:10:48.239Z,sell,3.6e-05,144.9,0.0052164
NAS/BTC,1590707448434,2020-05-28T23:10:48.434Z,sell,3.6e-05,72.45,0.0026082
NAS/BTC,1590707512183,2020-05-28T23:11:52.183Z,sell,3.6e-05,72.45,0.0026082
NAS/BTC,1590707581927,2020-05-28T23:13:01.927Z,sell,3.6e-05,48.3,0.0017388
NAS/BTC,1590707591112,2020-05-28T23:13:11.112Z,sell,3.6e-05,64.41,0.00231876
NAS/BTC,1590707600614,2020-05-28T23:13:20.614Z,sell,3.6e-05,10.74,0.00038664
NAS/BTC,1590707790587,2020-05-28T23:16:30.587Z,buy,3.6e-05,15.19,0.00054684
NAS/BTC,1590707820817,2020-05-28T23:17:00.817Z,buy,3.6e-05,26.25,0.000945
NAS/BTC,1590707821573,2020-05-28T23:17:01.573Z,sell,3.59e-05,201.9,0.00724821
NAS/BTC,1590707952049,2020-05-28T23:19:12.049Z,buy,3.6e-05,27.72,0.00099792
NAS/BTC,1590708009649,2020-05-28T23:20:09.649Z,sell,3.59e-05,32.8,0.0011775199999999998
NAS/BTC,1590708026273,2020-05-28T23:20:26.273Z,buy,3.6e-05,48.8,0.0017568
NAS/BTC,1590708026273,2020-05-28T23:20:26.273Z,buy,3.6e-05,48.8,0.0017568
NAS/BTC,1590708389942,2020-05-28T23:26:29.942Z,sell,3.6e-05,14.45,0.0005202
NAS/BTC,1590708390087,2020-05-28T23:26:30.087Z,buy,3.6e-05,362.57,0.01305252
NAS/BTC,1590708445835,2020-05-28T23:27:25.835Z,sell,3.6e-05,14.46,0.00052056
NAS/BTC,1590708511860,2020-05-28T23:28:31.860Z,sell,3.6e-05,9.64,0.00034704
NAS/BTC,1590708715152,2020-05-28T23:31:55.152Z,buy,3.61e-05,52.28,0.0018873080000000003
NAS/BTC,1590708730053,2020-05-28T23:32:10.053Z,buy,3.62e-05,4.15,0.00015023
NAS/BTC,1590708739734,2020-05-28T23:32:19.734Z,buy,3.62e-05,4.15,0.00015023
NAS/BTC,1590708786582,2020-05-28T23:33:06.582Z,buy,3.62e-05,1128.87,0.040865094
NAS/BTC,1590708895379,2020-05-28T23:34:55.379Z,buy,3.62e-05,1071.25,0.03877925
NAS/BTC,1590709027221,2020-05-28T23:37:07.221Z,buy,3.62e-05,42.24,0.001529088
NAS/BTC,1590709053855,2020-05-28T23:37:33.855Z,buy,3.63e-05,969.94,0.035208822
NAS/BTC,1590709054352,2020-05-28T23:37:34.352Z,buy,3.63e-05,840.61,0.030514143
NAS/BTC,1590709054968,2020-05-28T23:37:34.968Z,buy,3.63e-05,728.53,0.026445639
NAS/BTC,1590709055169,2020-05-28T23:37:35.169Z,buy,3.63e-05,40.99,0.0014879370000000002
NAS/BTC,1590709056367,2020-05-28T23:37:36.367Z,buy,3.63e-05,106.01,0.0038481630000000004
NAS/BTC,1590709061472,2020-05-28T23:37:41.472Z,buy,3.63e-05,631.4,0.02291982
NAS/BTC,1590709061766,2020-05-28T23:37:41.766Z,buy,3.63e-05,159.41,0.0057865830000000005
NAS/BTC,1590709062118,2020-05-28T23:37:42.118Z,buy,3.63e-05,0.01,3.63e-07
NAS/BTC,1590709062758,2020-05-28T23:37:42.758Z,sell,3.63e-05,159.41,0.0057865830000000005
NAS/BTC,1590709066582,2020-05-28T23:37:46.582Z,buy,3.63e-05,525.95,0.019091985000000002
NAS/BTC,1590709154574,2020-05-28T23:39:14.574Z,sell,3.62e-05,353.95,0.01281299
NAS/BTC,1590709266437,2020-05-28T23:41:06.437Z,sell,3.62e-05,10.03,0.000363086
NAS/BTC,1590709277847,2020-05-28T23:41:17.847Z,sell,3.62e-05,334.71,0.012116502
NAS/BTC,1590709368698,2020-05-28T23:42:48.698Z,sell,3.61e-05,778.06,0.028087966
NAS/BTC,1590709369381,2020-05-28T23:42:49.381Z,sell,3.61e-05,483.96,0.017470956
NAS/BTC,1590709371525,2020-05-28T23:42:51.525Z,sell,3.61e-05,322.64,0.011647304
NAS/BTC,1590709516347,2020-05-28T23:45:16.347Z,buy,3.62e-05,26.89,0.000973418
NAS/BTC,1590709521099,2020-05-28T23:45:21.099Z,sell,3.6e-05,878.29,0.03161844
NAS/BTC,1590709521196,2020-05-28T23:45:21.196Z,sell,3.6e-05,143.39,0.00516204
NAS/BTC,1590709521196,2020-05-28T23:45:21.196Z,sell,3.59e-05,452.97,0.016261623
NAS/BTC,1590709521208,2020-05-28T23:45:21.208Z,buy,3.59e-05,296.07,0.010628912999999999
NAS/BTC,1590709521270,2020-05-28T23:45:21.270Z,buy,3.59e-05,38.25,0.001373175
NAS/BTC,1590709527513,2020-05-28T23:45:27.513Z,sell,3.59e-05,95.6,0.0034320399999999995
NAS/BTC,1590709622886,2020-05-28T23:47:02.886Z,buy,3.6e-05,48.8,0.0017568
NAS/BTC,1590709639225,2020-05-28T23:47:19.225Z,sell,3.59e-05,25.08,0.0009003719999999999
NAS/BTC,1590709734606,2020-05-28T23:48:54.606Z,sell,3.59e-05,90.24,0.003239616
NAS/BTC,1590709751575,2020-05-28T23:49:11.575Z,sell,3.59e-05,42.49,0.001525391
NAS/BTC,1590709838826,2020-05-28T23:50:38.826Z,buy,3.59e-05,24.88,0.0008931919999999999
NAS/BTC,1590709908459,2020-05-28T23:51:48.459Z,buy,3.59e-05,18.66,0.000669894
NAS/BTC,1590709908564,2020-05-28T23:51:48.564Z,buy,3.59e-05,10.36,0.000371924
NAS/BTC,1590710060947,2020-05-28T23:54:20.947Z,buy,3.59e-05,45.0,0.0016155
NAS/BTC,1590710128097,2020-05-28T23:55:28.097Z,buy,3.59e-05,2.79,0.00010016099999999999
NAS/BTC,1590710137575,2020-05-28T23:55:37.575Z,buy,3.59e-05,2.79,0.00010016099999999999
NAS/BTC,1590710138399,2020-05-28T23:55:38.399Z,buy,3.59e-05,2.79,0.00010016099999999999
NAS/BTC,1590710206234,2020-05-28T23:56:46.234Z,buy,3.59e-05,279.79,0.010044461000000001
NAS/BTC,1590710206236,2020-05-28T23:56:46.236Z,buy,3.59e-05,293.69,0.010543470999999999
NAS/BTC,1590710206266,2020-05-28T23:56:46.266Z,buy,3.59e-05,10.09,0.00036223099999999997
NAS/BTC,1590710412921,2020-05-29T00:00:12.921Z,buy,3.59e-05,9.2,0.00033027999999999996
NAS/BTC,1590710428861,2020-05-29T00:00:28.861Z,buy,3.59e-05,18.14,0.000651226
NAS/BTC,1590710450645,2020-05-29T00:00:50.645Z,buy,3.59e-05,7.64,0.000274276
NAS/BTC,1590710564116,2020-05-29T00:02:44.116Z,buy,3.59e-05,5.09,0.000182731
NAS/BTC,1590710575172,2020-05-29T00:02:55.172Z,buy,3.6e-05,52.2,0.0018792000000000001
NAS/BTC,1590710708368,2020-05-29T00:05:08.368Z,buy,3.6e-05,349.32,0.01257552
NAS/BTC,1590710732344,2020-05-29T00:05:32.344Z,buy,3.6e-05,94.24,0.0033926399999999997
NAS/BTC,1590710732461,2020-05-29T00:05:32.461Z,buy,3.6e-05,41.59,0.0014972400000000002
NAS/BTC,1590710838326,2020-05-29T00:07:18.326Z,buy,3.6e-05,2.79,0.00010044000000000001
NAS/BTC,1590710838326,2020-05-29T00:07:18.326Z,buy,3.61e-05,315.03,0.011372583
NAS/BTC,1590710881402,2020-05-29T00:08:01.402Z,buy,3.61e-05,771.47,0.027850067000000003
NAS/BTC,1590711234333,2020-05-29T00:13:54.333Z,buy,3.61e-05,2.8,0.00010108
NAS/BTC,1590711270601,2020-05-29T00:14:30.601Z,sell,3.6e-05,48.67,0.00175212
NAS/BTC,1590711427002,2020-05-29T00:17:07.002Z,sell,3.6e-05,2.79,0.00010044000000000001
NAS/BTC,1590711508675,2020-05-29T00:18:28.675Z,buy,3.61e-05,246.6,0.00890226
NAS/BTC,1590711530564,2020-05-29T00:18:50.564Z,buy,3.61e-05,115.73,0.0041778530000000005
NAS/BTC,1590711531244,2020-05-29T00:18:51.244Z,buy,3.61e-05,77.16,0.0027854760000000003
NAS/BTC,1590711531925,2020-05-29T00:18:51.925Z,buy,3.62e-05,385.0,0.013937
NAS/BTC,1590711573379,2020-05-29T00:19:33.379Z,sell,3.62e-05,7.45,0.00026969
NAS/BTC,1590711573467,2020-05-29T00:19:33.467Z,sell,3.62e-05,9.2,0.00033303999999999994
NAS/BTC,1590711575977,2020-05-29T00:19:35.977Z,sell,3.62e-05,88.84,0.0032160080000000002
NAS/BTC,1590711576045,2020-05-29T00:19:36.045Z,sell,3.62e-05,213.82,0.007740283999999999
NAS/BTC,1590711576050,2020-05-29T00:19:36.050Z,sell,3.62e-05,258.93,0.009373266
NAS/BTC,1590711576091,2020-05-29T00:19:36.091Z,sell,3.62e-05,67.5,0.0024435
NAS/BTC,1590711578980,2020-05-29T00:19:38.980Z,buy,3.62e-05,932.15,0.033743829999999995
NAS/BTC,1590711588384,2020-05-29T00:19:48.384Z,buy,3.63e-05,342.82,0.012444366
NAS/BTC,1590711588549,2020-05-29T00:19:48.549Z,sell,3.63e-05,10.13,0.000367719
NAS/BTC,1590711590164,2020-05-29T00:19:50.164Z,buy,3.63e-05,842.0,0.0305646
NAS/BTC,1590711590472,2020-05-29T00:19:50.472Z,buy,3.63e-05,561.33,0.020376279
NAS/BTC,1590711591056,2020-05-29T00:19:51.056Z,buy,3.63e-05,374.22,0.013584186000000002
NAS/BTC,1590711594905,2020-05-29T00:19:54.905Z,buy,3.64e-05,5.51,0.00020056399999999997
NAS/BTC,1590711605139,2020-05-29T00:20:05.139Z,buy,3.63e-05,65.39,0.002373657
NAS/BTC,1590711619086,2020-05-29T00:20:19.086Z,buy,3.63e-05,184.09,0.006682467
NAS/BTC,1590711620169,2020-05-29T00:20:20.169Z,buy,3.63e-05,166.33,0.006037779000000001
NAS/BTC,1590711621558,2020-05-29T00:20:21.558Z,buy,3.64e-05,354.07,0.012888147999999999
NAS/BTC,1590711622068,2020-05-29T00:20:22.068Z,buy,3.64e-05,55.44,0.0020180159999999996
NAS/BTC,1590711622662,2020-05-29T00:20:22.662Z,buy,3.64e-05,36.96,0.0013453439999999998
NAS/BTC,1590711622977,2020-05-29T00:20:22.977Z,buy,3.64e-05,24.64,0.000896896
NAS/BTC,1590711622977,2020-05-29T00:20:22.977Z,buy,3.64e-05,24.64,0.000896896
NAS/BTC,1590711626970,2020-05-29T00:20:26.970Z,sell,3.63e-05,520.44,0.018891972000000003
NAS/BTC,1590711626970,2020-05-29T00:20:26.970Z,sell,3.62e-05,315.34,0.011415307999999999
NAS/BTC,1590711629583,2020-05-29T00:20:29.583Z,buy,3.63e-05,48.4,0.00175692
NAS/BTC,1590711632180,2020-05-29T00:20:32.180Z,buy,3.63e-05,125.58,0.004558554
NAS/BTC,1590711670153,2020-05-29T00:21:10.153Z,sell,3.62e-05,24.64,0.000891968
NAS/BTC,1590711673379,2020-05-29T00:21:13.379Z,buy,3.63e-05,2.83,0.00010272900000000001
NAS/BTC,1590711716162,2020-05-29T00:21:56.162Z,buy,3.64e-05,241.75,0.008799699999999999
NAS/BTC,1590711719163,2020-05-29T00:21:59.163Z,buy,3.64e-05,75.67,0.002754388
NAS/BTC,1590711735360,2020-05-29T00:22:15.360Z,sell,3.64e-05,36.2,0.00131768
NAS/BTC,1590711780665,2020-05-29T00:23:00.665Z,buy,3.65e-05,95.88,0.0034996199999999997
NAS/BTC,1590711780944,2020-05-29T00:23:00.944Z,sell,3.64e-05,2.78,0.00010119199999999999
NAS/BTC,1590711807566,2020-05-29T00:23:27.566Z,sell,3.64e-05,709.52,0.025826527999999998
NAS/BTC,1590711844443,2020-05-29T00:24:04.443Z,sell,3.63e-05,11.19,0.000406197
NAS/BTC,1590711854178,2020-05-29T00:24:14.178Z,buy,3.64e-05,50.45,0.0018363799999999999
NAS/BTC,1590711854937,2020-05-29T00:24:14.937Z,buy,3.64e-05,33.63,0.001224132
NAS/BTC,1590711855738,2020-05-29T00:24:15.738Z,buy,3.64e-05,22.42,0.000816088
NAS/BTC,1590711857723,2020-05-29T00:24:17.723Z,buy,3.64e-05,14.95,0.0005441799999999999
NAS/BTC,1590711863413,2020-05-29T00:24:23.413Z,buy,3.64e-05,9.97,0.000362908
NAS/BTC,1590711917147,2020-05-29T00:25:17.147Z,buy,3.64e-05,6.64,0.00024169599999999996
NAS/BTC,1590711957743,2020-05-29T00:25:57.743Z,buy,3.65e-05,1022.65,0.037326725
NAS/BTC,1590711961352,2020-05-29T00:26:01.352Z,buy,3.65e-05,6.58,0.00024017
NAS/BTC,1590712054153,2020-05-29T00:27:34.153Z,sell,3.64e-05,161.53,0.005879692
NAS/BTC,1590712148972,2020-05-29T00:29:08.972Z,buy,3.65e-05,1089.87,0.039780254999999994
NAS/BTC,1590712151906,2020-05-29T00:29:11.906Z,buy,3.65e-05,47.31,0.001726815
NAS/BTC,1590712156050,2020-05-29T00:29:16.050Z,buy,3.65e-05,2.77,0.000101105
NAS/BTC,1590712275398,2020-05-29T00:31:15.398Z,sell,3.64e-05,964.05,0.03509142
NAS/BTC,1590712275530,2020-05-29T00:31:15.530Z,sell,3.64e-05,795.87,0.028969667999999997
NAS/BTC,1590712275810,2020-05-29T00:31:15.810Z,sell,3.64e-05,619.01,0.022531963999999998
NAS/BTC,1590712278469,2020-05-29T00:31:18.469Z,buy,3.65e-05,41.13,0.001501245
NAS/BTC,1590712325327,2020-05-29T00:32:05.327Z,buy,3.65e-05,12.92,0.00047158
NAS/BTC,1590712330117,2020-05-29T00:32:10.117Z,sell,3.64e-05,351.07,0.012778947999999998
NAS/BTC,1590712341989,2020-05-29T00:32:21.989Z,buy,3.65e-05,48.13,0.001756745
NAS/BTC,1590712341989,2020-05-29T00:32:21.989Z,buy,3.66e-05,2928.59,0.107186394
NAS/BTC,1590712344830,2020-05-29T00:32:24.830Z,sell,3.65e-05,48.0,0.001752
NAS/BTC,1590712385060,2020-05-29T00:33:05.060Z,sell,3.64e-05,53.13,0.001933932
NAS/BTC,1590712409540,2020-05-29T00:33:29.540Z,sell,3.64e-05,200.0,0.007279999999999999
NAS/BTC,1590712409707,2020-05-29T00:33:29.707Z,sell,3.64e-05,1216.88,0.044294432
NAS/BTC,1590712426140,2020-05-29T00:33:46.140Z,buy,3.64e-05,24.3,0.00088452
NAS/BTC,1590712431009,2020-05-29T00:33:51.009Z,buy,3.64e-05,16.2,0.00058968
NAS/BTC,1590712432034,2020-05-29T00:33:52.034Z,buy,3.64e-05,159.5,0.0058058
NAS/BTC,1590712443491,2020-05-29T00:34:03.491Z,sell,3.64e-05,54.32,0.001977248
NAS/BTC,1590712469704,2020-05-29T00:34:29.704Z,sell,3.64e-05,1352.32,0.049224448
NAS/BTC,1590712503120,2020-05-29T00:35:03.120Z,buy,3.64e-05,1326.15,0.04827186
NAS/BTC,1590712540148,2020-05-29T00:35:40.148Z,buy,3.64e-05,822.99,0.029956835999999997
NAS/BTC,1590712566876,2020-05-29T00:36:06.876Z,buy,3.65e-05,48.13,0.001756745
NAS/BTC,1590712566876,2020-05-29T00:36:06.876Z,buy,3.66e-05,551.27,0.020176482
NAS/BTC,1590712571717,2020-05-29T00:36:11.717Z,sell,3.65e-05,1145.64,0.04181586
NAS/BTC,1590712615954,2020-05-29T00:36:55.954Z,sell,3.65e-05,1638.85,0.059818025
NAS/BTC,1590712653465,2020-05-29T00:37:33.465Z,buy,3.65e-05,1501.89,0.054818985
NAS/BTC,1590712675010,2020-05-29T00:37:55.010Z,sell,3.64e-05,5.9,0.00021475999999999998
NAS/BTC,1590712684179,2020-05-29T00:38:04.179Z,buy,3.65e-05,945.58,0.03451367
NAS/BTC,1590712731801,2020-05-29T00:38:51.801Z,buy,3.66e-05,1092.79,0.039996114
NAS/BTC,1590712732566,2020-05-29T00:38:52.566Z,buy,3.66e-05,964.98,0.035318268
NAS/BTC,1590712736817,2020-05-29T00:38:56.817Z,sell,3.65e-05,1452.34,0.053010409999999994
NAS/BTC,1590712807268,2020-05-29T00:40:07.268Z,sell,3.64e-05,7433.81,0.27059068399999997
NAS/BTC,1590712807396,2020-05-29T00:40:07.396Z,sell,3.64e-05,1195.71,0.043523844
NAS/BTC,1590712820190,2020-05-29T00:40:20.190Z,sell,3.64e-05,1416.64,0.051565696
NAS/BTC,1590712882832,2020-05-29T00:41:22.832Z,sell,3.64e-05,974.82,0.035483448
NAS/BTC,1590712914163,2020-05-29T00:41:54.163Z,sell,3.64e-05,1386.09,0.050453675999999996
NAS/BTC,1590712918619,2020-05-29T00:41:58.619Z,sell,3.63e-05,151.28,0.005491464000000001
NAS/BTC,1590712931479,2020-05-29T00:42:11.479Z,buy,3.64e-05,48.26,0.0017566639999999998
NAS/BTC,1590712976107,2020-05-29T00:42:56.107Z,buy,3.64e-05,1519.88,0.055323632
NAS/BTC,1590713031655,2020-05-29T00:43:51.655Z,sell,3.64e-05,940.94,0.034250216
NAS/BTC,1590713070212,2020-05-29T00:44:30.212Z,sell,3.64e-05,1417.64,0.051602096
NAS/BTC,1590713126964,2020-05-29T00:45:26.964Z,buy,3.64e-05,994.32,0.036193248
NAS/BTC,1590713211714,2020-05-29T00:46:51.714Z,sell,3.64e-05,1748.52,0.063646128
NAS/BTC,1590713248955,2020-05-29T00:47:28.955Z,buy,3.64e-05,1553.4,0.05654376
NAS/BTC,1590713302188,2020-05-29T00:48:22.188Z,sell,3.64e-05,1782.81,0.064894284
NAS/BTC,1590713383849,2020-05-29T00:49:43.849Z,sell,3.64e-05,716.8,0.026091519999999997
NAS/BTC,1590713401599,2020-05-29T00:50:01.599Z,sell,3.63e-05,198.26,0.007196838
NAS/BTC,1590713439598,2020-05-29T00:50:39.598Z,buy,3.63e-05,7.2,0.00026136000000000003
NAS/BTC,1590713439698,2020-05-29T00:50:39.698Z,buy,3.63e-05,7.2,0.00026136000000000003
NAS/BTC,1590713445921,2020-05-29T00:50:45.921Z,buy,3.63e-05,158.16,0.005741208
NAS/BTC,1590713468317,2020-05-29T00:51:08.317Z,buy,3.63e-05,2.76,0.000100188
NAS/BTC,1590713469215,2020-05-29T00:51:09.215Z,buy,3.63e-05,184.29,0.006689727
NAS/BTC,1590713469215,2020-05-29T00:51:09.215Z,buy,3.63e-05,0.02,7.26e-07
NAS/BTC,1590713472216,2020-05-29T00:51:12.216Z,sell,3.63e-05,361.72,0.013130436000000002
NAS/BTC,1590713472397,2020-05-29T00:51:12.397Z,buy,3.63e-05,1481.74,0.053787162
NAS/BTC,1590713533675,2020-05-29T00:52:13.675Z,sell,3.63e-05,1030.45,0.037405335000000005
NAS/BTC,1590713533676,2020-05-29T00:52:13.676Z,buy,3.63e-05,821.15,0.029807745
NAS/BTC,1590713599252,2020-05-29T00:53:19.252Z,buy,3.64e-05,210.35,0.0076567399999999996
NAS/BTC,1590713611944,2020-05-29T00:53:31.944Z,sell,3.63e-05,1459.02,0.052962426
NAS/BTC,1590713612051,2020-05-29T00:53:32.051Z,sell,3.63e-05,503.22,0.018266886000000003
NAS/BTC,1590713683379,2020-05-29T00:54:43.379Z,sell,3.63e-05,2045.78,0.074261814
NAS/BTC,1590713722994,2020-05-29T00:55:22.994Z,buy,3.63e-05,1545.61,0.056105643
NAS/BTC,1590713763973,2020-05-29T00:56:03.973Z,sell,3.63e-05,20.91,0.000759033
NAS/BTC,1590713764076,2020-05-29T00:56:04.076Z,sell,3.63e-05,184.29,0.006689727
NAS/BTC,1590713777674,2020-05-29T00:56:17.674Z,sell,3.63e-05,1602.54,0.058172202
NAS/BTC,1590713840422,2020-05-29T00:57:20.422Z,sell,3.63e-05,1812.81,0.065805003
NAS/BTC,1590713891174,2020-05-29T00:58:11.174Z,sell,3.63e-05,441.01,0.016008663
NAS/BTC,1590713891351,2020-05-29T00:58:11.351Z,buy,3.63e-05,454.29,0.016490727
NAS/BTC,1590713891445,2020-05-29T00:58:11.445Z,sell,3.63e-05,4.86,0.00017641800000000002
NAS/BTC,1590713919731,2020-05-29T00:58:39.731Z,sell,3.63e-05,65.39,0.002373657
NAS/BTC,1590713972009,2020-05-29T00:59:32.009Z,sell,3.63e-05,522.19,0.018955497
NAS/BTC,1590713972014,2020-05-29T00:59:32.014Z,buy,3.63e-05,211.19,0.0076661970000000005
NAS/BTC,1590714028700,2020-05-29T01:00:28.700Z,sell,3.63e-05,592.58,0.021510654000000004
NAS/BTC,1590714028701,2020-05-29T01:00:28.701Z,buy,3.63e-05,843.13,0.030605619
NAS/BTC,1590714078291,2020-05-29T01:01:18.291Z,buy,3.64e-05,343.22,0.012493208
NAS/BTC,1590714083546,2020-05-29T01:01:23.546Z,sell,3.63e-05,4.91,0.000178233
NAS/BTC,1590714157700,2020-05-29T01:02:37.700Z,sell,3.63e-05,916.97,0.033286011000000004
NAS/BTC,1590714157704,2020-05-29T01:02:37.704Z,buy,3.63e-05,678.19,0.024618297000000004
NAS/BTC,1590714180723,2020-05-29T01:03:00.723Z,sell,3.63e-05,1179.21,0.042805323000000006
NAS/BTC,1590714188583,2020-05-29T01:03:08.583Z,buy,3.63e-05,1366.33,0.049597779
NAS/BTC,1590714273876,2020-05-29T01:04:33.876Z,buy,3.64e-05,178.15,0.00648466
NAS/BTC,1590714326142,2020-05-29T01:05:26.142Z,buy,3.64e-05,856.42,0.031173687999999995
NAS/BTC,1590714326279,2020-05-29T01:05:26.279Z,buy,3.64e-05,109.68,0.003992352
NAS/BTC,1590714326306,2020-05-29T01:05:26.306Z,buy,3.64e-05,43.4,0.0015797599999999997
NAS/BTC,1590714332774,2020-05-29T01:05:32.774Z,buy,3.64e-05,758.75,0.027618499999999997
NAS/BTC,1590714332979,2020-05-29T01:05:32.979Z,sell,3.64e-05,1059.6,0.038569439999999997
NAS/BTC,1590714401220,2020-05-29T01:06:41.220Z,buy,3.64e-05,397.33,0.014462811999999999
NAS/BTC,1590714403162,2020-05-29T01:06:43.162Z,buy,3.64e-05,758.75,0.027618499999999997
NAS/BTC,1590714407678,2020-05-29T01:06:47.678Z,buy,3.65e-05,27.4,0.0010000999999999999
NAS/BTC,1590714435858,2020-05-29T01:07:15.858Z,buy,3.65e-05,532.89,0.019450485
NAS/BTC,1590714435859,2020-05-29T01:07:15.859Z,sell,3.65e-05,753.08,0.027487420000000002
NAS/BTC,1590714448253,2020-05-29T01:07:28.253Z,buy,3.65e-05,776.07,0.028326555
NAS/BTC,1590714448337,2020-05-29T01:07:28.337Z,buy,3.65e-05,94.04,0.00343246
NAS/BTC,1590714451579,2020-05-29T01:07:31.579Z,buy,3.65e-05,200.0,0.0073
NAS/BTC,1590714451654,2020-05-29T01:07:31.654Z,buy,3.65e-05,24.82,0.00090593
NAS/BTC,1590714454043,2020-05-29T01:07:34.043Z,buy,3.65e-05,149.88,0.00547062
NAS/BTC,1590714458452,2020-05-29T01:07:38.452Z,buy,3.65e-05,74.94,0.00273531
NAS/BTC,1590714461632,2020-05-29T01:07:41.632Z,buy,3.65e-05,60.0,0.00219
NAS/BTC,1590714461737,2020-05-29T01:07:41.737Z,buy,3.65e-05,14.94,0.00054531
NAS/BTC,1590714462344,2020-05-29T01:07:42.344Z,buy,3.65e-05,49.96,0.00182354
NAS/BTC,1590714472168,2020-05-29T01:07:52.168Z,buy,3.65e-05,33.3,0.0012154499999999999
NAS/BTC,1590714472988,2020-05-29T01:07:52.988Z,sell,3.65e-05,30.56,0.0011154399999999999
NAS/BTC,1590714479828,2020-05-29T01:07:59.828Z,buy,3.65e-05,22.2,0.0008102999999999999
NAS/BTC,1590714480170,2020-05-29T01:08:00.170Z,sell,3.64e-05,362.92,0.013210287999999999
NAS/BTC,1590714489445,2020-05-29T01:08:09.445Z,buy,3.65e-05,135.78,0.00495597
NAS/BTC,1590714494151,2020-05-29T01:08:14.151Z,buy,3.65e-05,90.52,0.0033039799999999998
NAS/BTC,1590714499840,2020-05-29T01:08:19.840Z,buy,3.65e-05,60.34,0.00220241
NAS/BTC,1590714501547,2020-05-29T01:08:21.547Z,buy,3.65e-05,40.23,0.001468395
NAS/BTC,1590714544968,2020-05-29T01:09:04.968Z,buy,3.65e-05,1013.51,0.036993115
NAS/BTC,1590714620695,2020-05-29T01:10:20.695Z,buy,3.65e-05,44.7,0.00163155
NAS/BTC,1590714620702,2020-05-29T01:10:20.702Z,sell,3.65e-05,1104.35,0.040308775
NAS/BTC,1590714653018,2020-05-29T01:10:53.018Z,sell,3.64e-05,411.05,0.01496222
NAS/BTC,1590714667293,2020-05-29T01:11:07.293Z,buy,3.64e-05,259.01,0.009427963999999999
NAS/BTC,1590714709500,2020-05-29T01:11:49.500Z,buy,3.64e-05,19.87,0.000723268
NAS/BTC,1590714735421,2020-05-29T01:12:15.421Z,buy,3.64e-05,178.51,0.006497763999999999
NAS/BTC,1590714751187,2020-05-29T01:12:31.187Z,sell,3.63e-05,1071.88,0.038909244
NAS/BTC,1590714751276,2020-05-29T01:12:31.276Z,sell,3.63e-05,607.83,0.022064229
NAS/BTC,1590714751482,2020-05-29T01:12:31.482Z,sell,3.63e-05,708.65,0.025723995
NAS/BTC,1590714794729,2020-05-29T01:13:14.729Z,buy,3.64e-05,1877.77,0.06835082799999999
NAS/BTC,1590714851181,2020-05-29T01:14:11.181Z,sell,3.63e-05,1222.58,0.044379654
NAS/BTC,1590714899488,2020-05-29T01:14:59.488Z,sell,3.63e-05,836.83,0.030376929000000004
NAS/BTC,1590714915166,2020-05-29T01:15:15.166Z,sell,3.63e-05,795.48,0.028875924
NAS/BTC,1590714941229,2020-05-29T01:15:41.229Z,sell,3.63e-05,200.0,0.00726
NAS/BTC,1590715001185,2020-05-29T01:16:41.185Z,sell,3.62e-05,464.34,0.016809108
NAS/BTC,1590715001186,2020-05-29T01:16:41.186Z,buy,3.62e-05,938.48,0.033972976
NAS/BTC,1590715001196,2020-05-29T01:16:41.196Z,sell,3.62e-05,208.35,0.007542269999999999
NAS/BTC,1590715083668,2020-05-29T01:18:03.668Z,sell,3.62e-05,2020.79,0.073152598
NAS/BTC,1590715138585,2020-05-29T01:18:58.585Z,sell,3.62e-05,332.6,0.01204012
NAS/BTC,1590715139225,2020-05-29T01:18:59.225Z,sell,3.62e-05,807.98,0.029248876
NAS/BTC,1590715171339,2020-05-29T01:19:31.339Z,sell,3.62e-05,1850.09,0.066973258
NAS/BTC,1590715194811,2020-05-29T01:19:54.811Z,sell,3.61e-05,90.55,0.003268855
NAS/BTC,1590715194864,2020-05-29T01:19:54.864Z,buy,3.61e-05,180.26,0.006507386
NAS/BTC,1590715194864,2020-05-29T01:19:54.864Z,buy,3.61e-05,180.26,0.006507386
NAS/BTC,1590715246230,2020-05-29T01:20:46.230Z,sell,3.61e-05,1789.0,0.06458290000000001
NAS/BTC,1590715306647,2020-05-29T01:21:46.647Z,sell,3.61e-05,1840.32,0.06643555200000001
NAS/BTC,1590715338193,2020-05-29T01:22:18.193Z,sell,3.61e-05,95.88,0.003461268
NAS/BTC,1590715345692,2020-05-29T01:22:25.692Z,sell,3.61e-05,346.03,0.012491683
NAS/BTC,1590715345693,2020-05-29T01:22:25.693Z,buy,3.61e-05,1565.59,0.056517799
NAS/BTC,1590715345742,2020-05-29T01:22:25.742Z,buy,3.62e-05,10.02,0.000362724
NAS/BTC,1590715420168,2020-05-29T01:23:40.168Z,sell,3.61e-05,367.91,0.013281551000000003
NAS/BTC,1590715420252,2020-05-29T01:23:40.252Z,buy,3.61e-05,159.7,0.00576517
NAS/BTC,1590715420355,2020-05-29T01:23:40.355Z,buy,3.61e-05,471.9,0.01703559
NAS/BTC,1590715472726,2020-05-29T01:24:32.726Z,sell,3.61e-05,255.83,0.009235463000000001
NAS/BTC,1590715530494,2020-05-29T01:25:30.494Z,buy,3.62e-05,38.51,0.001394062
NAS/BTC,1590715530496,2020-05-29T01:25:30.496Z,sell,3.62e-05,974.62,0.035281243999999996
NAS/BTC,1590715587190,2020-05-29T01:26:27.190Z,sell,3.61e-05,728.72,0.026306792000000002
NAS/BTC,1590715587377,2020-05-29T01:26:27.377Z,buy,3.61e-05,1344.39,0.04853247900000001
NAS/BTC,1590715653630,2020-05-29T01:27:33.630Z,sell,3.61e-05,888.98,0.032092178000000006
NAS/BTC,1590715704699,2020-05-29T01:28:24.699Z,sell,3.61e-05,284.59,0.010273699
NAS/BTC,1590715792163,2020-05-29T01:29:52.163Z,sell,3.61e-05,245.92,0.008877712000000001
NAS/BTC,1590715855293,2020-05-29T01:30:55.293Z,buy,3.62e-05,1317.35,0.04768806999999999
NAS/BTC,1590715908657,2020-05-29T01:31:48.657Z,sell,3.61e-05,380.06,0.013720166
NAS/BTC,1590715942451,2020-05-29T01:32:22.451Z,buy,3.62e-05,87.04,0.003150848
NAS/BTC,1590715949701,2020-05-29T01:32:29.701Z,sell,3.62e-05,60.0,0.002172
NAS/BTC,1590715959228,2020-05-29T01:32:39.228Z,sell,3.62e-05,1343.27,0.048626374
NAS/BTC,1590715962414,2020-05-29T01:32:42.414Z,buy,3.63e-05,1300.05,0.047191815
NAS/BTC,1590715972682,2020-05-29T01:32:52.682Z,buy,3.63e-05,836.3,0.03035769
NAS/BTC,1590715972760,2020-05-29T01:32:52.760Z,sell,3.63e-05,461.05,0.016736115000000003
NAS/BTC,1590715972760,2020-05-29T01:32:52.760Z,sell,3.63e-05,2.7,9.801e-05
NAS/BTC,1590715980795,2020-05-29T01:33:00.795Z,buy,3.63e-05,1336.88,0.048528744000000006
NAS/BTC,1590715991274,2020-05-29T01:33:11.274Z,buy,3.63e-05,371.69,0.013492347
NAS/BTC,1590715991286,2020-05-29T01:33:11.286Z,sell,3.63e-05,503.22,0.018266886000000003
NAS/BTC,1590716002299,2020-05-29T01:33:22.299Z,sell,3.62e-05,60.0,0.002172
NAS/BTC,1590716019480,2020-05-29T01:33:39.480Z,sell,3.62e-05,783.53,0.028363786
NAS/BTC,1590716044656,2020-05-29T01:34:04.656Z,sell,3.62e-05,1182.45,0.04280469
NAS/BTC,1590716054719,2020-05-29T01:34:14.719Z,sell,3.62e-05,69.81,0.002527122
NAS/BTC,1590716109797,2020-05-29T01:35:09.797Z,buy,3.63e-05,667.88,0.024244044
NAS/BTC,1590716109803,2020-05-29T01:35:09.803Z,sell,3.63e-05,666.18,0.024182334
NAS/BTC,1590716112244,2020-05-29T01:35:12.244Z,sell,3.62e-05,690.76,0.025005512
NAS/BTC,1590716171169,2020-05-29T01:36:11.169Z,buy,3.62e-05,1624.6,0.05881052
NAS/BTC,1590716207901,2020-05-29T01:36:47.901Z,buy,3.62e-05,2013.29,0.07288109799999999
NAS/BTC,1590716279910,2020-05-29T01:37:59.910Z,sell,3.62e-05,195.2,0.00706624
NAS/BTC,1590716279954,2020-05-29T01:37:59.954Z,sell,3.62e-05,624.44,0.022604728
NAS/BTC,1590716280061,2020-05-29T01:38:00.061Z,sell,3.62e-05,39.83,0.0014418459999999999
NAS/BTC,1590716280154,2020-05-29T01:38:00.154Z,sell,3.62e-05,467.31,0.016916622
NAS/BTC,1590716283158,2020-05-29T01:38:03.158Z,sell,3.62e-05,951.14,0.034431268
NAS/BTC,1590716295951,2020-05-29T01:38:15.951Z,sell,3.62e-05,66.67,0.002413454
NAS/BTC,1590716295952,2020-05-29T01:38:15.952Z,sell,3.62e-05,60.0,0.002172
NAS/BTC,1590716295959,2020-05-29T01:38:15.959Z,sell,3.62e-05,29.1,0.00105342
NAS/BTC,1590716345529,2020-05-29T01:39:05.529Z,sell,3.62e-05,1150.7,0.04165534
NAS/BTC,1590716376072,2020-05-29T01:39:36.072Z,buy,3.63e-05,348.19,0.012639297
NAS/BTC,1590716466030,2020-05-29T01:41:06.030Z,buy,3.63e-05,317.39,0.011521257
NAS/BTC,1590716526229,2020-05-29T01:42:06.229Z,buy,3.63e-05,361.32,0.013115916
NAS/BTC,1590716557273,2020-05-29T01:42:37.273Z,buy,3.63e-05,371.94,0.013501422
NAS/BTC,1590716559257,2020-05-29T01:42:39.257Z,sell,3.62e-05,115.0,0.004163
NAS/BTC,1590716559399,2020-05-29T01:42:39.399Z,sell,3.62e-05,1.83,6.6246e-05
NAS/BTC,1590716560258,2020-05-29T01:42:40.258Z,buy,3.62e-05,48.4,0.0017520799999999998
NAS/BTC,1590716560308,2020-05-29T01:42:40.308Z,sell,3.61e-05,1625.0,0.058662500000000006
NAS/BTC,1590716567426,2020-05-29T01:42:47.426Z,sell,3.61e-05,3.06,0.00011046600000000001
NAS/BTC,1590716567426,2020-05-29T01:42:47.426Z,sell,3.6e-05,1535.14,0.05526504000000001
NAS/BTC,1590716567708,2020-05-29T01:42:47.708Z,sell,3.6e-05,27.72,0.00099792
NAS/BTC,1590716569717,2020-05-29T01:42:49.717Z,sell,3.59e-05,55.86,0.002005374
NAS/BTC,1590716572049,2020-05-29T01:42:52.049Z,buy,3.6e-05,10.18,0.00036648
NAS/BTC,1590716577516,2020-05-29T01:42:57.516Z,sell,3.59e-05,38.84,0.001394356
NAS/BTC,1590716582060,2020-05-29T01:43:02.060Z,sell,3.59e-05,90.55,0.0032507449999999998
NAS/BTC,1590716582169,2020-05-29T01:43:02.169Z,sell,3.59e-05,59.37,0.0021313829999999997
NAS/BTC,1590716582223,2020-05-29T01:43:02.223Z,sell,3.59e-05,149.81,0.005378178999999999
NAS/BTC,1590716582685,2020-05-29T01:43:02.685Z,sell,3.59e-05,814.05,0.029224394999999997
NAS/BTC,1590716582685,2020-05-29T01:43:02.685Z,sell,3.58e-05,675.95,0.024199010000000003
NAS/BTC,1590716595464,2020-05-29T01:43:15.464Z,buy,3.59e-05,841.21,0.030199439
NAS/BTC,1590716595464,2020-05-29T01:43:15.464Z,buy,3.6e-05,154.25,0.005553
NAS/BTC,1590716603697,2020-05-29T01:43:23.697Z,buy,3.6e-05,813.88,0.02929968
NAS/BTC,1590716603706,2020-05-29T01:43:23.706Z,sell,3.6e-05,342.16,0.01231776
NAS/BTC,1590716603865,2020-05-29T01:43:23.865Z,sell,3.6e-05,862.11,0.03103596
NAS/BTC,1590716603945,2020-05-29T01:43:23.945Z,sell,3.6e-05,747.16,0.02689776
NAS/BTC,1590716604029,2020-05-29T01:43:24.029Z,sell,3.6e-05,647.54,0.02331144
NAS/BTC,1590716611028,2020-05-29T01:43:31.028Z,sell,3.6e-05,19.35,0.0006966
NAS/BTC,1590716611065,2020-05-29T01:43:31.065Z,buy,3.61e-05,1110.59,0.040092299
NAS/BTC,1590716684706,2020-05-29T01:44:44.706Z,buy,3.61e-05,634.15,0.022892815
NAS/BTC,1590716684712,2020-05-29T01:44:44.712Z,sell,3.61e-05,389.63,0.014065643000000001
NAS/BTC,1590716764162,2020-05-29T01:46:04.162Z,buy,3.61e-05,312.11,0.011267171000000001
NAS/BTC,1590716805167,2020-05-29T01:46:45.167Z,sell,3.6e-05,790.51,0.028458360000000002
NAS/BTC,1590716850047,2020-05-29T01:47:30.047Z,buy,3.61e-05,1140.81,0.041183241
NAS/BTC,1590716886671,2020-05-29T01:48:06.671Z,sell,3.6e-05,148.85,0.0053586
NAS/BTC,1590716889873,2020-05-29T01:48:09.873Z,buy,3.61e-05,2014.57,0.07272597700000001
NAS/BTC,1590716942708,2020-05-29T01:49:02.708Z,buy,3.61e-05,1526.74,0.055115314000000006
NAS/BTC,1590716942712,2020-05-29T01:49:02.712Z,sell,3.61e-05,524.21,0.018923981000000003
NAS/BTC,1590716987647,2020-05-29T01:49:47.647Z,buy,3.61e-05,880.58,0.031788938
NAS/BTC,1590717019208,2020-05-29T01:50:19.208Z,buy,3.61e-05,1752.53,0.06326633300000001
NAS/BTC,1590717075444,2020-05-29T01:51:15.444Z,buy,3.61e-05,1526.74,0.055115314000000006
NAS/BTC,1590717075540,2020-05-29T01:51:15.540Z,sell,3.61e-05,9.2,0.00033212
NAS/BTC,1590717075556,2020-05-29T01:51:15.556Z,sell,3.61e-05,121.87,0.004399507
NAS/BTC,1590717075610,2020-05-29T01:51:15.610Z,sell,3.61e-05,134.88,0.004869168
NAS/BTC,1590717075629,2020-05-29T01:51:15.629Z,sell,3.61e-05,128.26,0.004630186
NAS/BTC,1590717075645,2020-05-29T01:51:15.645Z,sell,3.61e-05,631.43,0.022794623
NAS/BTC,1590717079188,2020-05-29T01:51:19.188Z,buy,3.61e-05,121.87,0.004399507
NAS/BTC,1590717141181,2020-05-29T01:52:21.181Z,sell,3.6e-05,1323.46,0.04764456
NAS/BTC,1590717141183,2020-05-29T01:52:21.183Z,buy,3.6e-05,288.3,0.0103788
NAS/BTC,1590717218327,2020-05-29T01:53:38.327Z,buy,3.61e-05,1749.57,0.063159477
NAS/BTC,1590717257882,2020-05-29T01:54:17.882Z,buy,3.61e-05,269.68,0.009735448
NAS/BTC,1590717327221,2020-05-29T01:55:27.221Z,buy,3.61e-05,1590.56,0.057419216
NAS/BTC,1590717327297,2020-05-29T01:55:27.297Z,sell,3.61e-05,383.45,0.013842545000000001
NAS/BTC,1590717399693,2020-05-29T01:56:39.693Z,buy,3.61e-05,1624.92,0.05865961200000001
NAS/BTC,1590717475166,2020-05-29T01:57:55.166Z,buy,3.61e-05,1998.39,0.072141879
NAS/BTC,1590717525367,2020-05-29T01:58:45.367Z,sell,3.6e-05,1778.17,0.06401412000000001
NAS/BTC,1590717525367,2020-05-29T01:58:45.367Z,sell,3.59e-05,2589.01,0.09294545900000001
NAS/BTC,1590717525601,2020-05-29T01:58:45.601Z,sell,3.6e-05,3.82,0.00013752
NAS/BTC,1590717527389,2020-05-29T01:58:47.389Z,sell,3.6e-05,267.01,0.00961236
NAS/BTC,1590717527404,2020-05-29T01:58:47.404Z,buy,3.6e-05,78.19,0.00281484
NAS/BTC,1590717527406,2020-05-29T01:58:47.406Z,buy,3.6e-05,99.32,0.00357552
NAS/BTC,1590717527718,2020-05-29T01:58:47.718Z,buy,3.6e-05,977.95,0.0352062
NAS/BTC,1590717527837,2020-05-29T01:58:47.837Z,buy,3.6e-05,250.45,0.0090162
NAS/BTC,1590717528022,2020-05-29T01:58:48.022Z,buy,3.6e-05,588.57,0.021188520000000002
NAS/BTC,1590717528244,2020-05-29T01:58:48.244Z,buy,3.6e-05,430.49,0.01549764
NAS/BTC,1590717528446,2020-05-29T01:58:48.446Z,buy,3.6e-05,215.25,0.007749
NAS/BTC,1590717530947,2020-05-29T01:58:50.947Z,buy,3.6e-05,27.88,0.00100368
NAS/BTC,1590717531125,2020-05-29T01:58:51.125Z,buy,3.6e-05,294.29,0.010594440000000002
NAS/BTC,1590717531327,2020-05-29T01:58:51.327Z,buy,3.6e-05,169.84,0.00611424
NAS/BTC,1590717531428,2020-05-29T01:58:51.428Z,buy,3.6e-05,113.23,0.00407628
NAS/BTC,1590717543669,2020-05-29T01:59:03.669Z,buy,3.61e-05,342.69,0.012371109000000002
NAS/BTC,1590717599662,2020-05-29T01:59:59.662Z,sell,3.6e-05,1301.36,0.046848959999999995
NAS/BTC,1590717599667,2020-05-29T01:59:59.667Z,buy,3.6e-05,278.99,0.010043640000000001
NAS/BTC,1590717671920,2020-05-29T02:01:11.920Z,buy,3.61e-05,1727.57,0.062365277000000004
NAS/BTC,1590717708846,2020-05-29T02:01:48.846Z,sell,3.6e-05,1044.29,0.03759444
NAS/BTC,1590717797678,2020-05-29T02:03:17.678Z,buy,3.61e-05,297.83,0.010751663
NAS/BTC,1590717843666,2020-05-29T02:04:03.666Z,buy,3.61e-05,1752.15,0.06325261500000001
NAS/BTC,1590717886904,2020-05-29T02:04:46.904Z,buy,3.61e-05,1201.9,0.043388590000000005
NAS/BTC,1590717886964,2020-05-29T02:04:46.964Z,buy,3.61e-05,187.57,0.006771277
NAS/BTC,1590717941649,2020-05-29T02:05:41.649Z,buy,3.61e-05,1080.71,0.03901363100000001
NAS/BTC,1590717984894,2020-05-29T02:06:24.894Z,buy,3.61e-05,1682.96,0.06075485600000001
NAS/BTC,1590718027257,2020-05-29T02:07:07.257Z,buy,3.61e-05,722.74,0.026090914000000003
NAS/BTC,1590718099647,2020-05-29T02:08:19.647Z,sell,3.6e-05,1232.17,0.04435812
NAS/BTC,1590718100031,2020-05-29T02:08:20.031Z,sell,3.6e-05,885.0,0.03186
NAS/BTC,1590718111696,2020-05-29T02:08:31.696Z,buy,3.6e-05,618.76,0.02227536
NAS/BTC,1590718111696,2020-05-29T02:08:31.696Z,sell,3.6e-05,1096.02,0.03945672
NAS/BTC,1590718148394,2020-05-29T02:09:08.394Z,buy,3.6e-05,2.78,0.00010007999999999999
NAS/BTC,1590718188161,2020-05-29T02:09:48.161Z,buy,3.6e-05,265.73,0.009566280000000002
NAS/BTC,1590718188175,2020-05-29T02:09:48.175Z,buy,3.6e-05,243.0,0.008748
NAS/BTC,1590718191160,2020-05-29T02:09:51.160Z,buy,3.6e-05,589.95,0.021238200000000002
NAS/BTC,1590718191163,2020-05-29T02:09:51.163Z,sell,3.6e-05,606.48,0.02183328
NAS/BTC,1590718243221,2020-05-29T02:10:43.221Z,sell,3.59e-05,499.38,0.017927742
NAS/BTC,1590718243226,2020-05-29T02:10:43.226Z,buy,3.59e-05,1375.39,0.049376501
NAS/BTC,1590718286680,2020-05-29T02:11:26.680Z,sell,3.59e-05,976.46,0.035054914
NAS/BTC,1590718322162,2020-05-29T02:12:02.162Z,sell,3.59e-05,251.5,0.00902885
NAS/BTC,1590718364732,2020-05-29T02:12:44.732Z,sell,3.59e-05,355.97,0.012779323
NAS/BTC,1590718403798,2020-05-29T02:13:23.798Z,buy,3.6e-05,1664.07,0.05990652
NAS/BTC,1590718448660,2020-05-29T02:14:08.660Z,sell,3.59e-05,1006.51,0.036133709
NAS/BTC,1590718538149,2020-05-29T02:15:38.149Z,sell,3.59e-05,1967.39,0.070629301
NAS/BTC,1590718564043,2020-05-29T02:16:04.043Z,sell,3.59e-05,1066.16,0.038275144000000004
NAS/BTC,1590718576256,2020-05-29T02:16:16.256Z,sell,3.59e-05,924.01,0.033171959
NAS/BTC,1590718576559,2020-05-29T02:16:16.559Z,sell,3.59e-05,701.21,0.025173439
NAS/BTC,1590718580143,2020-05-29T02:16:20.143Z,sell,3.59e-05,323.39,0.011609700999999998
NAS/BTC,1590718580275,2020-05-29T02:16:20.275Z,sell,3.59e-05,215.59,0.007739681
NAS/BTC,1590718581484,2020-05-29T02:16:21.484Z,sell,3.59e-05,143.73,0.005159906999999999
NAS/BTC,1590718581889,2020-05-29T02:16:21.889Z,sell,3.59e-05,71.86,0.002579774
NAS/BTC,1590718586687,2020-05-29T02:16:26.687Z,sell,3.59e-05,35.93,0.001289887
NAS/BTC,1590718611785,2020-05-29T02:16:51.785Z,sell,3.59e-05,739.67,0.026554152999999997
NAS/BTC,1590718655873,2020-05-29T02:17:35.873Z,sell,3.59e-05,99.81,0.003583179
NAS/BTC,1590718655873,2020-05-29T02:17:35.873Z,buy,3.59e-05,928.67,0.033339253
NAS/BTC,1590718720938,2020-05-29T02:18:40.938Z,sell,3.59e-05,842.59,0.030248981
NAS/BTC,1590718761258,2020-05-29T02:19:21.258Z,sell,3.59e-05,1168.51,0.041949508999999996
NAS/BTC,1590718761258,2020-05-29T02:19:21.258Z,sell,3.59e-05,1168.51,0.041949508999999996
NAS/BTC,1590718826685,2020-05-29T02:20:26.685Z,sell,3.59e-05,205.16,0.007365244
NAS/BTC,1590718879804,2020-05-29T02:21:19.804Z,sell,3.59e-05,229.53,0.008240127
NAS/BTC,1590718916155,2020-05-29T02:21:56.155Z,sell,3.59e-05,1373.71,0.049316188999999996
NAS/BTC,1590718997707,2020-05-29T02:23:17.707Z,sell,3.59e-05,413.97,0.014861523
NAS/BTC,1590719037657,2020-05-29T02:23:57.657Z,sell,3.59e-05,368.53,0.013230226999999999
NAS/BTC,1590719070704,2020-05-29T02:24:30.704Z,sell,3.59e-05,964.91,0.034640268999999994
NAS/BTC,1590719070712,2020-05-29T02:24:30.712Z,buy,3.59e-05,130.83,0.004696797
NAS/BTC,1590719129817,2020-05-29T02:25:29.817Z,sell,3.59e-05,998.81,0.035857279
NAS/BTC,1590719129817,2020-05-29T02:25:29.817Z,buy,3.59e-05,628.78,0.022573201999999997
NAS/BTC,1590719174683,2020-05-29T02:26:14.683Z,sell,3.59e-05,351.47,0.012617773
NAS/BTC,1590719254654,2020-05-29T02:27:34.654Z,sell,3.59e-05,1002.32,0.035983288
NAS/BTC,1590719254656,2020-05-29T02:27:34.656Z,buy,3.59e-05,866.31,0.031100529
NAS/BTC,1590719310220,2020-05-29T02:28:30.220Z,sell,3.59e-05,1002.32,0.035983288
NAS/BTC,1590719310225,2020-05-29T02:28:30.225Z,buy,3.59e-05,967.24,0.034723916
NAS/BTC,1590719347507,2020-05-29T02:29:07.507Z,sell,3.59e-05,1569.57,0.056347562999999996
NAS/BTC,1590719437193,2020-05-29T02:30:37.193Z,sell,3.59e-05,1002.32,0.035983288
NAS/BTC,1590719437315,2020-05-29T02:30:37.315Z,buy,3.59e-05,63.57,0.002282163
NAS/BTC,1590719437364,2020-05-29T02:30:37.364Z,buy,3.59e-05,81.64,0.002930876
NAS/BTC,1590719481908,2020-05-29T02:31:21.908Z,sell,3.59e-05,1051.88,0.037762492
NAS/BTC,1590719535674,2020-05-29T02:32:15.674Z,sell,3.59e-05,1147.53,0.041196327
NAS/BTC,1590719535858,2020-05-29T02:32:15.858Z,buy,3.59e-05,1658.72,0.059548048
NAS/BTC,1590719535865,2020-05-29T02:32:15.865Z,buy,3.59e-05,20.26,0.000727334
NAS/BTC,1590719562614,2020-05-29T02:32:42.614Z,buy,3.59e-05,10.13,0.000363667
NAS/BTC,1590719565374,2020-05-29T02:32:45.374Z,buy,3.59e-05,7.6,0.00027284
NAS/BTC,1590719565477,2020-05-29T02:32:45.477Z,buy,3.59e-05,7.6,0.00027284
NAS/BTC,1590719565686,2020-05-29T02:32:45.686Z,buy,3.59e-05,7.6,0.00027284
NAS/BTC,1590719575682,2020-05-29T02:32:55.682Z,buy,3.59e-05,7.6,0.00027284
NAS/BTC,1590719616819,2020-05-29T02:33:36.819Z,buy,3.59e-05,204.74,0.007350166
NAS/BTC,1590719616825,2020-05-29T02:33:36.825Z,buy,3.59e-05,202.24,0.0072604160000000004
NAS/BTC,1590719616850,2020-05-29T02:33:36.850Z,buy,3.59e-05,132.68,0.004763212
NAS/BTC,1590719620007,2020-05-29T02:33:40.007Z,buy,3.59e-05,266.45,0.009565555
NAS/BTC,1590719656874,2020-05-29T02:34:16.874Z,buy,3.59e-05,669.66,0.024040793999999997
NAS/BTC,1590719657052,2020-05-29T02:34:17.052Z,sell,3.59e-05,1470.66,0.052796694
NAS/BTC,1590719724682,2020-05-29T02:35:24.682Z,sell,3.59e-05,1512.5,0.05429875
NAS/BTC,1590719791367,2020-05-29T02:36:31.367Z,sell,3.59e-05,1248.54,0.044822586
NAS/BTC,1590719840354,2020-05-29T02:37:20.354Z,buy,3.6e-05,321.6,0.0115776
NAS/BTC,1590719840355,2020-05-29T02:37:20.355Z,buy,3.6e-05,149.73,0.00539028
NAS/BTC,1590719843345,2020-05-29T02:37:23.345Z,sell,3.59e-05,255.09,0.009157731
NAS/BTC,1590719870690,2020-05-29T02:37:50.690Z,sell,3.59e-05,259.11,0.009302049
NAS/BTC,1590719882368,2020-05-29T02:38:02.368Z,sell,3.59e-05,259.11,0.009302049
NAS/BTC,1590719909864,2020-05-29T02:38:29.864Z,sell,3.59e-05,259.11,0.009302049
NAS/BTC,1590719911700,2020-05-29T02:38:31.700Z,sell,3.59e-05,185.92,0.006674527999999999
NAS/BTC,1590719951017,2020-05-29T02:39:11.017Z,buy,3.6e-05,1432.78,0.05158008
NAS/BTC,1590719990649,2020-05-29T02:39:50.649Z,sell,3.6e-05,1207.6,0.0434736
NAS/BTC,1590720050852,2020-05-29T02:40:50.852Z,sell,3.6e-05,449.1,0.0161676
NAS/BTC,1590720052967,2020-05-29T02:40:52.967Z,buy,3.61e-05,1238.35,0.044704435
NAS/BTC,1590720053533,2020-05-29T02:40:53.533Z,sell,3.6e-05,1737.79,0.06256044
NAS/BTC,1590720134865,2020-05-29T02:42:14.865Z,sell,3.6e-05,1005.98,0.03621528
NAS/BTC,1590720198434,2020-05-29T02:43:18.434Z,sell,3.6e-05,344.94,0.01241784
NAS/BTC,1590720202010,2020-05-29T02:43:22.010Z,buy,3.61e-05,181.81,0.006563341
NAS/BTC,1590720220164,2020-05-29T02:43:40.164Z,buy,3.61e-05,1073.22,0.038743242000000004
NAS/BTC,1590720270698,2020-05-29T02:44:30.698Z,buy,3.61e-05,181.81,0.006563341
NAS/BTC,1590720270877,2020-05-29T02:44:30.877Z,sell,3.61e-05,162.09,0.005851449000000001
NAS/BTC,1590720280556,2020-05-29T02:44:40.556Z,buy,3.61e-05,930.12,0.033577332
NAS/BTC,1590720287386,2020-05-29T02:44:47.386Z,sell,3.61e-05,117.52,0.004242472000000001
NAS/BTC,1590720289752,2020-05-29T02:44:49.752Z,sell,3.61e-05,224.66,0.008110226
NAS/BTC,1590720292637,2020-05-29T02:44:52.637Z,sell,3.61e-05,112.33,0.004055113
NAS/BTC,1590720292946,2020-05-29T02:44:52.946Z,sell,3.61e-05,81.9,0.0029565900000000007
NAS/BTC,1590720293046,2020-05-29T02:44:53.046Z,sell,3.61e-05,30.38,0.001096718
NAS/BTC,1590720302888,2020-05-29T02:45:02.888Z,sell,3.61e-05,1020.68,0.036846548
NAS/BTC,1590720306518,2020-05-29T02:45:06.518Z,sell,3.61e-05,939.99,0.033933639
NAS/BTC,1590720348656,2020-05-29T02:45:48.656Z,sell,3.61e-05,50.18,0.0018114980000000001
NAS/BTC,1590720348660,2020-05-29T02:45:48.660Z,buy,3.61e-05,1672.93,0.06039277300000001
NAS/BTC,1590720412991,2020-05-29T02:46:52.991Z,sell,3.61e-05,191.73,0.006921453
NAS/BTC,1590720419220,2020-05-29T02:46:59.220Z,sell,3.61e-05,105.01,0.0037908610000000004
NAS/BTC,1590720453096,2020-05-29T02:47:33.096Z,sell,3.61e-05,124.4,0.00449084
NAS/BTC,1590720460910,2020-05-29T02:47:40.910Z,sell,3.61e-05,148.12,0.005347132000000001
NAS/BTC,1590720490669,2020-05-29T02:48:10.669Z,sell,3.61e-05,0.01,3.61e-07
NAS/BTC,1590720490679,2020-05-29T02:48:10.679Z,buy,3.61e-05,1844.44,0.06658428400000001
NAS/BTC,1590720558927,2020-05-29T02:49:18.927Z,sell,3.61e-05,1396.32,0.050407152000000004
NAS/BTC,1590720612871,2020-05-29T02:50:12.871Z,sell,3.61e-05,1711.73,0.061793453000000005
NAS/BTC,1590720648724,2020-05-29T02:50:48.724Z,sell,3.61e-05,1498.03,0.054078883
NAS/BTC,1590720668299,2020-05-29T02:51:08.299Z,sell,3.61e-05,2.78,0.000100358
NAS/BTC,1590720679029,2020-05-29T02:51:19.029Z,sell,3.61e-05,1222.27,0.044123947000000004
NAS/BTC,1590720766716,2020-05-29T02:52:46.716Z,sell,3.61e-05,181.53,0.006553233
NAS/BTC,1590720766807,2020-05-29T02:52:46.807Z,buy,3.61e-05,935.43,0.033769023
NAS/BTC,1590720809634,2020-05-29T02:53:29.634Z,sell,3.61e-05,1121.82,0.040497702000000003
NAS/BTC,1590720856178,2020-05-29T02:54:16.178Z,sell,3.61e-05,1832.55,0.066155055
NAS/BTC,1590720909560,2020-05-29T02:55:09.560Z,sell,3.61e-05,1071.9,0.03869559000000001
NAS/BTC,1590720968167,2020-05-29T02:56:08.167Z,sell,3.61e-05,1388.62,0.050129182
NAS/BTC,1590721006729,2020-05-29T02:56:46.729Z,sell,3.61e-05,168.79,0.006093319000000001
NAS/BTC,1590721022817,2020-05-29T02:57:02.817Z,sell,3.61e-05,899.59,0.032475199
NAS/BTC,1590721023534,2020-05-29T02:57:03.534Z,sell,3.61e-05,260.47,0.009402967000000002
NAS/BTC,1590721025484,2020-05-29T02:57:05.484Z,buy,3.61e-05,78.68,0.0028403480000000004
NAS/BTC,1590721025578,2020-05-29T02:57:05.578Z,buy,3.61e-05,18.91,0.000682651
NAS/BTC,1590721034992,2020-05-29T02:57:14.992Z,buy,3.61e-05,15.0,0.0005415000000000001
NAS/BTC,1590721037221,2020-05-29T02:57:17.221Z,sell,3.61e-05,11.5,0.00041515000000000004
NAS/BTC,1590721037226,2020-05-29T02:57:17.226Z,buy,3.61e-05,1635.67,0.05904768700000001
NAS/BTC,1590721101371,2020-05-29T02:58:21.371Z,sell,3.61e-05,193.86,0.006998346000000001
NAS/BTC,1590721132226,2020-05-29T02:58:52.226Z,sell,3.61e-05,24.27,0.0008761470000000001
NAS/BTC,1590721132354,2020-05-29T02:58:52.354Z,buy,3.61e-05,726.26,0.026217986000000002
NAS/BTC,1590721168242,2020-05-29T02:59:28.242Z,sell,3.61e-05,241.62,0.008722482
NAS/BTC,1590721206550,2020-05-29T03:00:06.550Z,sell,3.61e-05,70.73,0.0025533530000000004
NAS/BTC,1590721210178,2020-05-29T03:00:10.178Z,sell,3.61e-05,683.21,0.024663881000000002
NAS/BTC,1590721210212,2020-05-29T03:00:10.212Z,buy,3.61e-05,31.15,0.001124515
NAS/BTC,1590721210360,2020-05-29T03:00:10.360Z,buy,3.61e-05,642.42,0.023191362
NAS/BTC,1590721291044,2020-05-29T03:01:31.044Z,sell,3.61e-05,717.77,0.025911497000000002
NAS/BTC,1590721297351,2020-05-29T03:01:37.351Z,sell,3.61e-05,1613.74,0.05825601400000001
NAS/BTC,1590721330899,2020-05-29T03:02:10.899Z,sell,3.61e-05,3.41,0.00012310100000000003
NAS/BTC,1590721331085,2020-05-29T03:02:11.085Z,buy,3.61e-05,292.53,0.010560333
NAS/BTC,1590721365940,2020-05-29T03:02:45.940Z,sell,3.61e-05,3.41,0.00012310100000000003
NAS/BTC,1590721365945,2020-05-29T03:02:45.945Z,buy,3.61e-05,1556.5,0.05618965000000001
NAS/BTC,1590721415555,2020-05-29T03:03:35.555Z,sell,3.61e-05,3.41,0.00012310100000000003
NAS/BTC,1590721415556,2020-05-29T03:03:35.556Z,buy,3.61e-05,330.42,0.011928162
NAS/BTC,1590721465117,2020-05-29T03:04:25.117Z,sell,3.61e-05,3.41,0.00012310100000000003
NAS/BTC,1590721465297,2020-05-29T03:04:25.297Z,buy,3.61e-05,247.09,0.008919949000000002
NAS/BTC,1590721475894,2020-05-29T03:04:35.894Z,buy,3.61e-05,347.89,0.012558829
NAS/BTC,1590721481932,2020-05-29T03:04:41.932Z,buy,3.61e-05,416.77,0.015045397
NAS/BTC,1590721534402,2020-05-29T03:05:34.402Z,buy,3.61e-05,283.78,0.010244458
NAS/BTC,1590721548166,2020-05-29T03:05:48.166Z,sell,3.6e-05,1062.6,0.0382536
NAS/BTC,1590721582695,2020-05-29T03:06:22.695Z,buy,3.61e-05,750.39,0.027089079000000002
NAS/BTC,1590721622044,2020-05-29T03:07:02.044Z,sell,3.6e-05,895.5,0.032238
NAS/BTC,1590721639775,2020-05-29T03:07:19.775Z,sell,3.6e-05,869.2,0.031291200000000005
NAS/BTC,1590721663855,2020-05-29T03:07:43.855Z,sell,3.6e-05,1688.53,0.06078708
NAS/BTC,1590721699195,2020-05-29T03:08:19.195Z,buy,3.61e-05,341.73,0.012336453000000002
NAS/BTC,1590721739685,2020-05-29T03:08:59.685Z,sell,3.6e-05,731.17,0.026322119999999997
NAS/BTC,1590721821184,2020-05-29T03:10:21.184Z,sell,3.6e-05,1110.3,0.0399708
NAS/BTC,1590721879246,2020-05-29T03:11:19.246Z,buy,3.61e-05,296.96,0.010720256000000001
NAS/BTC,1590721915157,2020-05-29T03:11:55.157Z,buy,3.61e-05,221.71,0.008003731000000002
NAS/BTC,1590721954711,2020-05-29T03:12:34.711Z,buy,3.61e-05,274.84,0.009921724
NAS/BTC,1590721994116,2020-05-29T03:13:14.116Z,sell,3.6e-05,1478.19,0.053214840000000006
NAS/BTC,1590722038661,2020-05-29T03:13:58.661Z,buy,3.61e-05,180.65,0.006521465000000001
NAS/BTC,1590722124717,2020-05-29T03:15:24.717Z,buy,3.61e-05,186.2,0.00672182
NAS/BTC,1590722185681,2020-05-29T03:16:25.681Z,buy,3.61e-05,298.64,0.010780904000000001
NAS/BTC,1590722266161,2020-05-29T03:17:46.161Z,buy,3.61e-05,361.5,0.013050150000000002
NAS/BTC,1590722313808,2020-05-29T03:18:33.808Z,sell,3.6e-05,857.04,0.03085344
NAS/BTC,1590722313857,2020-05-29T03:18:33.857Z,sell,3.6e-05,336.99,0.01213164
NAS/BTC,1590722313868,2020-05-29T03:18:33.868Z,sell,3.6e-05,385.29,0.013870440000000001
NAS/BTC,1590722317408,2020-05-29T03:18:37.408Z,buy,3.6e-05,13.89,0.00050004
NAS/BTC,1590722328934,2020-05-29T03:18:48.934Z,sell,3.59e-05,359.35,0.012900665
NAS/BTC,1590722328934,2020-05-29T03:18:48.934Z,sell,3.59e-05,359.35,0.012900665
NAS/BTC,1590722368832,2020-05-29T03:19:28.832Z,buy,3.6e-05,0.87,3.132e-05
NAS/BTC,1590722381695,2020-05-29T03:19:41.695Z,buy,3.6e-05,1366.99,0.04921164
NAS/BTC,1590722463405,2020-05-29T03:21:03.405Z,sell,3.59e-05,967.93,0.03474868699999999
NAS/BTC,1590722544989,2020-05-29T03:22:24.989Z,sell,3.59e-05,1150.0,0.041284999999999995
NAS/BTC,1590722545013,2020-05-29T03:22:25.013Z,sell,3.59e-05,70.9,0.0025453100000000003
NAS/BTC,1590722545674,2020-05-29T03:22:25.674Z,sell,3.59e-05,230.0,0.008257
NAS/BTC,1590722546524,2020-05-29T03:22:26.524Z,sell,3.59e-05,1.25,4.4875e-05
NAS/BTC,1590722546524,2020-05-29T03:22:26.524Z,sell,3.58e-05,318.75,0.011411250000000001
NAS/BTC,1590722553202,2020-05-29T03:22:33.202Z,buy,3.59e-05,2055.33,0.07378634699999999
NAS/BTC,1590722639219,2020-05-29T03:23:59.219Z,buy,3.59e-05,1362.81,0.048924879
NAS/BTC,1590722671718,2020-05-29T03:24:31.718Z,buy,3.59e-05,48.94,0.001756946
NAS/BTC,1590722671719,2020-05-29T03:24:31.719Z,sell,3.59e-05,783.24,0.028118316
NAS/BTC,1590722743144,2020-05-29T03:25:43.144Z,buy,3.59e-05,48.94,0.001756946
NAS/BTC,1590722743252,2020-05-29T03:25:43.252Z,sell,3.59e-05,261.8,0.00939862
NAS/BTC,1590722784702,2020-05-29T03:26:24.702Z,buy,3.59e-05,241.95,0.008686004999999998
NAS/BTC,1590722840797,2020-05-29T03:27:20.797Z,buy,3.59e-05,310.74,0.011155566
NAS/BTC,1590722840797,2020-05-29T03:27:20.797Z,sell,3.59e-05,819.41,0.029416818999999997
NAS/BTC,1590722930197,2020-05-29T03:28:50.197Z,buy,3.59e-05,1636.45,0.058748555
NAS/BTC,1590723002851,2020-05-29T03:30:02.851Z,buy,3.59e-05,1110.42,0.039864078000000004
NAS/BTC,1590723033401,2020-05-29T03:30:33.401Z,buy,3.59e-05,310.74,0.011155566
NAS/BTC,1590723033609,2020-05-29T03:30:33.609Z,sell,3.59e-05,524.91,0.018844268999999997
NAS/BTC,1590723033721,2020-05-29T03:30:33.721Z,sell,3.59e-05,433.93,0.015578087
NAS/BTC,1590723033810,2020-05-29T03:30:33.810Z,sell,3.59e-05,289.29,0.010385511
NAS/BTC,1590723033909,2020-05-29T03:30:33.909Z,sell,3.59e-05,192.86,0.006923674
NAS/BTC,1590723034107,2020-05-29T03:30:34.107Z,sell,3.59e-05,128.57,0.004615663
NAS/BTC,1590723034314,2020-05-29T03:30:34.314Z,sell,3.59e-05,85.71,0.0030769889999999996
NAS/BTC,1590723034608,2020-05-29T03:30:34.608Z,sell,3.59e-05,57.14,0.002051326
NAS/BTC,1590723035013,2020-05-29T03:30:35.013Z,sell,3.59e-05,38.1,0.00136779
NAS/BTC,1590723035425,2020-05-29T03:30:35.425Z,sell,3.59e-05,25.4,0.0009118599999999999
NAS/BTC,1590723035908,2020-05-29T03:30:35.908Z,sell,3.59e-05,16.93,0.0006077869999999999
NAS/BTC,1590723039395,2020-05-29T03:30:39.395Z,sell,3.59e-05,1290.83,0.046340796999999996
NAS/BTC,1590723075127,2020-05-29T03:31:15.127Z,sell,3.59e-05,18.81,0.0006752789999999999
NAS/BTC,1590723075127,2020-05-29T03:31:15.127Z,sell,3.58e-05,281.19,0.010066602000000001
NAS/BTC,1590723079259,2020-05-29T03:31:19.259Z,sell,3.59e-05,1701.93,0.061099287
NAS/BTC,1590723105665,2020-05-29T03:31:45.665Z,buy,3.6e-05,26.96,0.0009705600000000001
NAS/BTC,1590723137678,2020-05-29T03:32:17.678Z,sell,3.59e-05,292.85,0.010513315
NAS/BTC,1590723214973,2020-05-29T03:33:34.973Z,sell,3.59e-05,312.25,0.011209775
NAS/BTC,1590723256017,2020-05-29T03:34:16.017Z,buy,3.6e-05,1621.7,0.0583812
NAS/BTC,1590723318950,2020-05-29T03:35:18.950Z,sell,3.59e-05,302.06,0.010843954
NAS/BTC,1590723321948,2020-05-29T03:35:21.948Z,sell,3.59e-05,371.9,0.013351209999999999
NAS/BTC,1590723386194,2020-05-29T03:36:26.194Z,sell,3.59e-05,1067.05,0.038307095
NAS/BTC,1590723386195,2020-05-29T03:36:26.195Z,buy,3.59e-05,383.11,0.013753649
NAS/BTC,1590723424365,2020-05-29T03:37:04.365Z,buy,3.6e-05,1841.1,0.0662796
NAS/BTC,1590723486170,2020-05-29T03:38:06.170Z,sell,3.59e-05,1788.54,0.064208586
NAS/BTC,1590723561827,2020-05-29T03:39:21.827Z,buy,3.6e-05,984.11,0.03542796
NAS/BTC,1590723645386,2020-05-29T03:40:45.386Z,buy,3.6e-05,708.01,0.02548836
NAS/BTC,1590723689355,2020-05-29T03:41:29.355Z,buy,3.6e-05,1064.73,0.03833028
NAS/BTC,1590723689368,2020-05-29T03:41:29.368Z,buy,3.6e-05,617.32,0.022223520000000004
NAS/BTC,1590723690433,2020-05-29T03:41:30.433Z,sell,3.6e-05,19.35,0.0006966
NAS/BTC,1590723727669,2020-05-29T03:42:07.669Z,sell,3.6e-05,104.53,0.0037630800000000002
NAS/BTC,1590723727676,2020-05-29T03:42:07.676Z,buy,3.6e-05,1122.68,0.040416480000000005
NAS/BTC,1590723799542,2020-05-29T03:43:19.542Z,buy,3.61e-05,308.62,0.011141182000000001
NAS/BTC,1590723838160,2020-05-29T03:43:58.160Z,buy,3.61e-05,239.94,0.008661834
NAS/BTC,1590723895062,2020-05-29T03:44:55.062Z,buy,3.61e-05,227.28,0.008204808000000001
NAS/BTC,1590723902810,2020-05-29T03:45:02.810Z,sell,3.6e-05,181.32,0.00652752
NAS/BTC,1590723934395,2020-05-29T03:45:34.395Z,sell,3.6e-05,1301.29,0.04684644
NAS/BTC,1590723975170,2020-05-29T03:46:15.170Z,buy,3.61e-05,248.68,0.008977348000000001
NAS/BTC,1590724051527,2020-05-29T03:47:31.527Z,sell,3.6e-05,60.86,0.00219096
NAS/BTC,1590724051531,2020-05-29T03:47:31.531Z,buy,3.6e-05,1268.97,0.04568292
NAS/BTC,1590724089171,2020-05-29T03:48:09.171Z,sell,3.6e-05,97.56,0.0035121600000000003
NAS/BTC,1590724089303,2020-05-29T03:48:09.303Z,buy,3.6e-05,867.4,0.0312264
NAS/BTC,1590724138861,2020-05-29T03:48:58.861Z,buy,3.61e-05,319.85,0.011546585000000002
NAS/BTC,1590724172913,2020-05-29T03:49:32.913Z,sell,3.6e-05,1011.14,0.03640104
NAS/BTC,1590724172916,2020-05-29T03:49:32.916Z,buy,3.6e-05,771.88,0.027787680000000002
NAS/BTC,1590724240704,2020-05-29T03:50:40.704Z,sell,3.6e-05,1375.03,0.04950108
NAS/BTC,1590724321179,2020-05-29T03:52:01.179Z,buy,3.61e-05,404.78,0.014612558000000001
NAS/BTC,1590724398233,2020-05-29T03:53:18.233Z,buy,3.61e-05,238.91,0.008624651
NAS/BTC,1590724449662,2020-05-29T03:54:09.662Z,sell,3.6e-05,1296.53,0.04667508
NAS/BTC,1590724507943,2020-05-29T03:55:07.943Z,buy,3.61e-05,154.65,0.005582865000000001
NAS/BTC,1590724572680,2020-05-29T03:56:12.680Z,buy,3.61e-05,400.84,0.014470324
NAS/BTC,1590724616846,2020-05-29T03:56:56.846Z,buy,3.61e-05,154.62,0.005581782
NAS/BTC,1590724678164,2020-05-29T03:57:58.164Z,buy,3.61e-05,319.7,0.01154117
NAS/BTC,1590724704302,2020-05-29T03:58:24.302Z,sell,3.6e-05,945.37,0.03403332
NAS/BTC,1590724705597,2020-05-29T03:58:25.597Z,sell,3.6e-05,496.46,0.01787256
NAS/BTC,1590724730570,2020-05-29T03:58:50.570Z,buy,3.61e-05,1857.02,0.067038422
NAS/BTC,1590724762908,2020-05-29T03:59:22.908Z,buy,3.61e-05,203.27,0.007338047000000001
NAS/BTC,1590724830416,2020-05-29T04:00:30.416Z,buy,3.61e-05,971.83,0.035083063000000005
NAS/BTC,1590724830502,2020-05-29T04:00:30.502Z,buy,3.61e-05,842.25,0.030405225000000004
NAS/BTC,1590724834195,2020-05-29T04:00:34.195Z,sell,3.6e-05,53.5,0.001926
NAS/BTC,1590724834196,2020-05-29T04:00:34.196Z,buy,3.6e-05,1488.33,0.053579879999999996
NAS/BTC,1590724900588,2020-05-29T04:01:40.588Z,sell,3.6e-05,1046.17,0.03766212
NAS/BTC,1590724973638,2020-05-29T04:02:53.638Z,sell,3.6e-05,1196.4,0.0430704
NAS/BTC,1590725044677,2020-05-29T04:04:04.677Z,buy,3.61e-05,378.06,0.013647966000000001
NAS/BTC,1590725108271,2020-05-29T04:05:08.271Z,buy,3.61e-05,1489.37,0.053766257
NAS/BTC,1590725108274,2020-05-29T04:05:08.274Z,sell,3.61e-05,234.53,0.008466533
NAS/BTC,1590725194378,2020-05-29T04:06:34.378Z,sell,3.6e-05,1759.44,0.06333984000000001
NAS/BTC,1590725224947,2020-05-29T04:07:04.947Z,buy,3.61e-05,969.99,0.035016639
NAS/BTC,1590725225120,2020-05-29T04:07:05.120Z,buy,3.61e-05,818.4,0.029544240000000003
NAS/BTC,1590725225303,2020-05-29T04:07:05.303Z,buy,3.61e-05,458.91,0.016566651
NAS/BTC,1590725225424,2020-05-29T04:07:05.424Z,buy,3.61e-05,281.73,0.010170453000000001
NAS/BTC,1590725225764,2020-05-29T04:07:05.764Z,buy,3.61e-05,255.94,0.009239434000000001
NAS/BTC,1590725236039,2020-05-29T04:07:16.039Z,sell,3.61e-05,410.86,0.014832046000000002
NAS/BTC,1590725283163,2020-05-29T04:08:03.163Z,sell,3.61e-05,234.49,0.008465089
NAS/BTC,1590725331225,2020-05-29T04:08:51.225Z,sell,3.61e-05,1613.8,0.05825818000000001
NAS/BTC,1590725354153,2020-05-29T04:09:14.153Z,sell,3.61e-05,1167.32,0.042140252
NAS/BTC,1590725354257,2020-05-29T04:09:14.257Z,sell,3.61e-05,461.01,0.016642461
NAS/BTC,1590725355877,2020-05-29T04:09:15.877Z,sell,3.6e-05,110.61,0.00398196
NAS/BTC,1590725357745,2020-05-29T04:09:17.745Z,sell,3.6e-05,27.65,0.0009954
NAS/BTC,1590725384648,2020-05-29T04:09:44.648Z,buy,3.61e-05,695.36,0.025102496000000002
NAS/BTC,1590725430208,2020-05-29T04:10:30.208Z,buy,3.61e-05,1651.1,0.059604710000000005
NAS/BTC,1590725499780,2020-05-29T04:11:39.780Z,buy,3.61e-05,407.15,0.014698115000000001
NAS/BTC,1590725508129,2020-05-29T04:11:48.129Z,buy,3.61e-05,172.81,0.006238441000000001
NAS/BTC,1590725558845,2020-05-29T04:12:38.845Z,buy,3.61e-05,1943.9,0.07017479000000001
NAS/BTC,1590725588998,2020-05-29T04:13:08.998Z,sell,3.6e-05,166.2,0.0059832
NAS/BTC,1590725634671,2020-05-29T04:13:54.671Z,sell,3.6e-05,1523.42,0.05484312
NAS/BTC,1590725666206,2020-05-29T04:14:26.206Z,buy,3.61e-05,1349.05,0.048700705000000004
NAS/BTC,1590725732973,2020-05-29T04:15:32.973Z,sell,3.6e-05,961.75,0.034623
NAS/BTC,1590725794193,2020-05-29T04:16:34.193Z,buy,3.61e-05,1908.05,0.06888060500000001
NAS/BTC,1590725794199,2020-05-29T04:16:34.199Z,sell,3.61e-05,157.78,0.005695858000000001
NAS/BTC,1590725874158,2020-05-29T04:17:54.158Z,buy,3.61e-05,1814.04,0.065486844
NAS/BTC,1590725899792,2020-05-29T04:18:19.792Z,buy,3.61e-05,55.4,0.00199994
NAS/BTC,1590725904189,2020-05-29T04:18:24.189Z,buy,3.61e-05,869.08,0.03137378800000001
NAS/BTC,1590725904300,2020-05-29T04:18:24.300Z,buy,3.61e-05,753.2,0.027190520000000003
NAS/BTC,1590725904412,2020-05-29T04:18:24.412Z,buy,3.61e-05,574.22,0.020729342
NAS/BTC,1590725904501,2020-05-29T04:18:24.501Z,buy,3.61e-05,229.24,0.008275564000000001
NAS/BTC,1590725904501,2020-05-29T04:18:24.501Z,buy,3.61e-05,229.24,0.008275564000000001
NAS/BTC,1590725959374,2020-05-29T04:19:19.374Z,sell,3.61e-05,994.08,0.035886288
NAS/BTC,1590726029686,2020-05-29T04:20:29.686Z,sell,3.61e-05,1371.38,0.04950681800000001
NAS/BTC,1590726072207,2020-05-29T04:21:12.207Z,sell,3.61e-05,146.43,0.005286123000000001
NAS/BTC,1590726073886,2020-05-29T04:21:13.886Z,buy,3.62e-05,1930.0,0.069866
NAS/BTC,1590726074700,2020-05-29T04:21:14.700Z,buy,3.62e-05,0.37,1.3394e-05
NAS/BTC,1590726074700,2020-05-29T04:21:14.700Z,buy,3.63e-05,1559.63,0.056614569000000003
NAS/BTC,1590726131178,2020-05-29T04:22:11.178Z,sell,3.62e-05,993.46,0.035963252
NAS/BTC,1590726131180,2020-05-29T04:22:11.180Z,buy,3.62e-05,948.08,0.034320496
NAS/BTC,1590726138375,2020-05-29T04:22:18.375Z,sell,3.62e-05,55.4,0.00200548
NAS/BTC,1590726142484,2020-05-29T04:22:22.484Z,buy,3.63e-05,1008.8,0.03661944
NAS/BTC,1590726142580,2020-05-29T04:22:22.580Z,buy,3.63e-05,443.26,0.016090338
NAS/BTC,1590726182733,2020-05-29T04:23:02.733Z,buy,3.64e-05,1655.0,0.060242
NAS/BTC,1590726182884,2020-05-29T04:23:02.884Z,sell,3.63e-05,10.18,0.00036953400000000003
NAS/BTC,1590726183027,2020-05-29T04:23:03.027Z,sell,3.63e-05,2.78,0.000100914
NAS/BTC,1590726188891,2020-05-29T04:23:08.891Z,buy,3.64e-05,385.51,0.014032563999999999
NAS/BTC,1590726189014,2020-05-29T04:23:09.014Z,buy,3.64e-05,257.0,0.0093548
NAS/BTC,1590726189474,2020-05-29T04:23:09.474Z,buy,3.64e-05,171.34,0.006236775999999999
NAS/BTC,1590726189597,2020-05-29T04:23:09.597Z,buy,3.64e-05,114.22,0.004157607999999999
NAS/BTC,1590726189805,2020-05-29T04:23:09.805Z,buy,3.64e-05,76.15,0.00277186
NAS/BTC,1590726189897,2020-05-29T04:23:09.897Z,buy,3.64e-05,50.77,0.001848028
NAS/BTC,1590726189994,2020-05-29T04:23:09.994Z,buy,3.64e-05,33.84,0.001231776
NAS/BTC,1590726190193,2020-05-29T04:23:10.193Z,buy,3.64e-05,22.56,0.0008211839999999999
NAS/BTC,1590726190281,2020-05-29T04:23:10.281Z,sell,3.64e-05,11.28,0.00041059199999999993
NAS/BTC,1590726190493,2020-05-29T04:23:10.493Z,buy,3.64e-05,15.05,0.00054782
NAS/BTC,1590726191942,2020-05-29T04:23:11.942Z,buy,3.64e-05,7.52,0.00027372799999999994
NAS/BTC,1590726191942,2020-05-29T04:23:11.942Z,buy,3.65e-05,129.84,0.00473916
NAS/BTC,1590726194041,2020-05-29T04:23:14.041Z,buy,3.64e-05,3.76,0.00013686399999999997
NAS/BTC,1590726194051,2020-05-29T04:23:14.051Z,sell,3.64e-05,44.37,0.0016150679999999999
NAS/BTC,1590726200185,2020-05-29T04:23:20.185Z,buy,3.64e-05,6.27,0.00022822799999999997
NAS/BTC,1590726200185,2020-05-29T04:23:20.185Z,buy,3.65e-05,478.72,0.01747328
NAS/BTC,1590726219638,2020-05-29T04:23:39.638Z,buy,3.64e-05,1189.02,0.04328032799999999
NAS/BTC,1590726227506,2020-05-29T04:23:47.506Z,buy,3.64e-05,4.13,0.00015033199999999998
NAS/BTC,1590726289715,2020-05-29T04:24:49.715Z,buy,3.64e-05,2.83,0.000103012
NAS/BTC,1590726289898,2020-05-29T04:24:49.898Z,sell,3.64e-05,1076.5,0.0391846
NAS/BTC,1590726317159,2020-05-29T04:25:17.159Z,buy,3.64e-05,4.13,0.00015033199999999998
NAS/BTC,1590726338057,2020-05-29T04:25:38.057Z,buy,3.64e-05,331.0,0.012048399999999999
NAS/BTC,1590726368422,2020-05-29T04:26:08.422Z,buy,3.64e-05,1251.04,0.045537855999999995
NAS/BTC,1590726452754,2020-05-29T04:27:32.754Z,buy,3.64e-05,395.51,0.014396563999999999
NAS/BTC,1590726491171,2020-05-29T04:28:11.171Z,buy,3.64e-05,140.68,0.005120752
NAS/BTC,1590726547972,2020-05-29T04:29:07.972Z,buy,3.64e-05,991.98,0.036108072
NAS/BTC,1590726620691,2020-05-29T04:30:20.691Z,buy,3.64e-05,212.52,0.007735728
NAS/BTC,1590726629940,2020-05-29T04:30:29.940Z,buy,3.64e-05,7.05,0.00025662
NAS/BTC,1590726687499,2020-05-29T04:31:27.499Z,buy,3.64e-05,1494.5,0.0543998
NAS/BTC,1590726738179,2020-05-29T04:32:18.179Z,buy,3.64e-05,1217.02,0.044299528
NAS/BTC,1590726812562,2020-05-29T04:33:32.562Z,buy,3.65e-05,48.13,0.001756745
NAS/BTC,1590726812660,2020-05-29T04:33:32.660Z,sell,3.65e-05,943.59,0.034441035
NAS/BTC,1590726812725,2020-05-29T04:33:32.725Z,sell,3.65e-05,69.2,0.0025258
NAS/BTC,1590726812739,2020-05-29T04:33:32.739Z,sell,3.65e-05,301.54,0.01100621
NAS/BTC,1590726812838,2020-05-29T04:33:32.838Z,buy,3.65e-05,0.79,2.8835e-05
NAS/BTC,1590726849910,2020-05-29T04:34:09.910Z,sell,3.64e-05,48.13,0.0017519319999999999
NAS/BTC,1590726849910,2020-05-29T04:34:09.910Z,sell,3.63e-05,228.59,0.008297817
NAS/BTC,1590726859279,2020-05-29T04:34:19.279Z,buy,3.64e-05,30.71,0.001117844
NAS/BTC,1590726859378,2020-05-29T04:34:19.378Z,buy,3.64e-05,17.55,0.00063882
NAS/BTC,1590726902549,2020-05-29T04:35:02.549Z,sell,3.64e-05,1953.89,0.071121596
NAS/BTC,1590726978179,2020-05-29T04:36:18.179Z,buy,3.65e-05,791.25,0.028880625
NAS/BTC,1590727019974,2020-05-29T04:36:59.974Z,buy,3.65e-05,2038.43,0.074402695
NAS/BTC,1590727057860,2020-05-29T04:37:37.860Z,sell,3.64e-05,171.69,0.006249515999999999
NAS/BTC,1590727132444,2020-05-29T04:38:52.444Z,buy,3.65e-05,1474.17,0.053807205000000004
NAS/BTC,1590727220180,2020-05-29T04:40:20.180Z,buy,3.65e-05,1737.91,0.063433715
NAS/BTC,1590727257024,2020-05-29T04:40:57.024Z,buy,3.65e-05,1942.47,0.070900155
NAS/BTC,1590727320665,2020-05-29T04:42:00.665Z,buy,3.65e-05,1043.65,0.038093225
NAS/BTC,1590727367532,2020-05-29T04:42:47.532Z,buy,3.65e-05,924.28,0.03373622
NAS/BTC,1590727399139,2020-05-29T04:43:19.139Z,buy,3.65e-05,1645.15,0.060047975
NAS/BTC,1590727427921,2020-05-29T04:43:47.921Z,buy,3.65e-05,344.16,0.012561840000000001
NAS/BTC,1590727447746,2020-05-29T04:44:07.746Z,sell,3.64e-05,14.63,0.000532532
NAS/BTC,1590727472202,2020-05-29T04:44:32.202Z,buy,3.65e-05,1055.3,0.038518449999999996
NAS/BTC,1590727698187,2020-05-29T04:48:18.187Z,sell,3.64e-05,20.0,0.0007279999999999999
NAS/BTC,1590727806666,2020-05-29T04:50:06.666Z,sell,3.64e-05,386.45,0.01406678
NAS/BTC,1590727854346,2020-05-29T04:50:54.346Z,sell,3.64e-05,192.09,0.006992076
NAS/BTC,1590727900147,2020-05-29T04:51:40.147Z,buy,3.65e-05,1394.78,0.05090947
NAS/BTC,1590727988055,2020-05-29T04:53:08.055Z,sell,3.64e-05,340.28,0.012386191999999997
NAS/BTC,1590728025713,2020-05-29T04:53:45.713Z,sell,3.64e-05,705.63,0.025684931999999997
NAS/BTC,1590728035154,2020-05-29T04:53:55.154Z,sell,3.64e-05,261.32,0.009512047999999999
NAS/BTC,1590728035157,2020-05-29T04:53:55.157Z,buy,3.64e-05,46.81,0.001703884
NAS/BTC,1590728115627,2020-05-29T04:55:15.627Z,sell,3.64e-05,1231.53,0.044827691999999995
NAS/BTC,1590728156843,2020-05-29T04:55:56.843Z,sell,3.64e-05,893.21,0.032512844
NAS/BTC,1590728225557,2020-05-29T04:57:05.557Z,sell,3.64e-05,261.32,0.009512047999999999
NAS/BTC,1590728239200,2020-05-29T04:57:19.200Z,buy,3.64e-05,1561.86,0.05685170399999999
NAS/BTC,1590728301679,2020-05-29T04:58:21.679Z,sell,3.63e-05,619.09,0.022472967000000003
NAS/BTC,1590728301682,2020-05-29T04:58:21.682Z,buy,3.63e-05,1123.4,0.040779420000000004
NAS/BTC,1590728301768,2020-05-29T04:58:21.768Z,buy,3.64e-05,282.57,0.010285547999999999
NAS/BTC,1590728305713,2020-05-29T04:58:25.713Z,sell,3.63e-05,283.63,0.010295769
NAS/BTC,1590728356314,2020-05-29T04:59:16.314Z,sell,3.63e-05,1077.69,0.039120147
NAS/BTC,1590728356320,2020-05-29T04:59:16.320Z,buy,3.63e-05,720.11,0.026139993
NAS/BTC,1590728427196,2020-05-29T05:00:27.196Z,sell,3.63e-05,1077.69,0.039120147
NAS/BTC,1590728427363,2020-05-29T05:00:27.363Z,buy,3.63e-05,91.41,0.003318183
NAS/BTC,1590728427383,2020-05-29T05:00:27.383Z,buy,3.63e-05,144.53,0.005246439
NAS/BTC,1590728467281,2020-05-29T05:01:07.281Z,buy,3.64e-05,274.09,0.009976875999999999
NAS/BTC,1590728519658,2020-05-29T05:01:59.658Z,sell,3.63e-05,1851.01,0.067191663
NAS/BTC,1590728519663,2020-05-29T05:01:59.663Z,buy,3.63e-05,47.06,0.0017082780000000001
NAS/BTC,1590728553346,2020-05-29T05:02:33.346Z,sell,3.63e-05,3.65,0.000132495
NAS/BTC,1590728604394,2020-05-29T05:03:24.394Z,buy,3.64e-05,188.46,0.006859944
NAS/BTC,1590728654356,2020-05-29T05:04:14.356Z,sell,3.63e-05,1885.63,0.06844836900000001
NAS/BTC,1590728731626,2020-05-29T05:05:31.626Z,sell,3.63e-05,1636.1,0.05939043
NAS/BTC,1590728745890,2020-05-29T05:05:45.890Z,sell,3.63e-05,1495.0,0.054268500000000004
NAS/BTC,1590728745900,2020-05-29T05:05:45.900Z,sell,3.63e-05,352.36,0.012790668000000002
NAS/BTC,1590728746703,2020-05-29T05:05:46.703Z,sell,3.62e-05,465.0,0.016833
NAS/BTC,1590728807880,2020-05-29T05:06:47.880Z,buy,3.63e-05,1579.24,0.057326412
NAS/BTC,1590728862645,2020-05-29T05:07:42.645Z,buy,3.63e-05,1030.19,0.037395897000000004
NAS/BTC,1590728862650,2020-05-29T05:07:42.650Z,sell,3.63e-05,379.92,0.013791096000000001
NAS/BTC,1590728931112,2020-05-29T05:08:51.112Z,sell,3.62e-05,784.8,0.02840976
NAS/BTC,1590728964165,2020-05-29T05:09:24.165Z,sell,3.62e-05,1727.62,0.062539844
NAS/BTC,1590728964292,2020-05-29T05:09:24.292Z,sell,3.62e-05,284.05,0.01028261
NAS/BTC,1590728990996,2020-05-29T05:09:50.996Z,sell,3.62e-05,847.66,0.030685292
NAS/BTC,1590728991491,2020-05-29T05:09:51.491Z,buy,3.62e-05,10.13,0.000366706
NAS/BTC,1590728996340,2020-05-29T05:09:56.340Z,sell,3.61e-05,172.7,0.00623447
NAS/BTC,1590729048690,2020-05-29T05:10:48.690Z,buy,3.62e-05,32.7,0.00118374
NAS/BTC,1590729048803,2020-05-29T05:10:48.803Z,buy,3.62e-05,28.55,0.00103351
NAS/BTC,1590729053515,2020-05-29T05:10:53.515Z,buy,3.62e-05,1470.63,0.053236806000000005
NAS/BTC,1590729093920,2020-05-29T05:11:33.920Z,buy,3.63e-05,1856.23,0.067381149
NAS/BTC,1590729162699,2020-05-29T05:12:42.699Z,buy,3.63e-05,298.52,0.010836276
NAS/BTC,1590729196519,2020-05-29T05:13:16.519Z,buy,3.63e-05,1457.47,0.052906161
NAS/BTC,1590729246663,2020-05-29T05:14:06.663Z,buy,3.63e-05,310.5,0.01127115
NAS/BTC,1590729322197,2020-05-29T05:15:22.197Z,buy,3.63e-05,861.43,0.031269909
NAS/BTC,1590729322551,2020-05-29T05:15:22.551Z,buy,3.63e-05,257.34,0.009341442
NAS/BTC,1590729324101,2020-05-29T05:15:24.101Z,buy,3.63e-05,712.26,0.025855038
NAS/BTC,1590729324121,2020-05-29T05:15:24.121Z,buy,3.63e-05,1250.61,0.045397143
NAS/BTC,1590729324316,2020-05-29T05:15:24.316Z,sell,3.63e-05,10.13,0.000367719
NAS/BTC,1590729356656,2020-05-29T05:15:56.656Z,buy,3.64e-05,384.7,0.014003079999999998
NAS/BTC,1590729385646,2020-05-29T05:16:25.646Z,sell,3.63e-05,696.49,0.025282587000000002
NAS/BTC,1590729386093,2020-05-29T05:16:26.093Z,sell,3.62e-05,640.0,0.023168
NAS/BTC,1590729387038,2020-05-29T05:16:27.038Z,sell,3.62e-05,1245.0,0.045069
NAS/BTC,1590729387105,2020-05-29T05:16:27.105Z,sell,3.62e-05,4.81,0.00017412199999999997
NAS/BTC,1590729388862,2020-05-29T05:16:28.862Z,sell,3.61e-05,1116.35,0.040300235000000004
NAS/BTC,1590729390605,2020-05-29T05:16:30.605Z,sell,3.62e-05,200.0,0.00724
NAS/BTC,1590729390625,2020-05-29T05:16:30.625Z,sell,3.62e-05,631.96,0.022876952
NAS/BTC,1590729397385,2020-05-29T05:16:37.385Z,sell,3.62e-05,1389.73,0.050308226
NAS/BTC,1590729408209,2020-05-29T05:16:48.209Z,sell,3.62e-05,554.63,0.020077605999999998
NAS/BTC,1590729432667,2020-05-29T05:17:12.667Z,sell,3.62e-05,1079.99,0.039095638
NAS/BTC,1590729433019,2020-05-29T05:17:13.019Z,sell,3.62e-05,369.76,0.013385312
NAS/BTC,1590729474618,2020-05-29T05:17:54.618Z,sell,3.61e-05,715.31,0.025822691000000002
NAS/BTC,1590729474653,2020-05-29T05:17:54.653Z,sell,3.61e-05,391.39,0.014129179
NAS/BTC,1590729491161,2020-05-29T05:18:11.161Z,sell,3.61e-05,164.34,0.005932674000000001
NAS/BTC,1590729494221,2020-05-29T05:18:14.221Z,buy,3.61e-05,371.76,0.013420536
NAS/BTC,1590729502183,2020-05-29T05:18:22.183Z,sell,3.61e-05,1256.44,0.045357484
NAS/BTC,1590729503220,2020-05-29T05:18:23.220Z,sell,3.61e-05,109.56,0.003955116000000001
NAS/BTC,1590729503220,2020-05-29T05:18:23.220Z,sell,3.61e-05,109.56,0.003955116000000001
NAS/BTC,1590729505404,2020-05-29T05:18:25.404Z,sell,3.61e-05,73.03,0.0026363830000000004
NAS/BTC,1590729522680,2020-05-29T05:18:42.680Z,sell,3.61e-05,48.69,0.001757709
NAS/BTC,1590729522944,2020-05-29T05:18:42.944Z,buy,3.61e-05,634.79,0.022915919
NAS/BTC,1590729567550,2020-05-29T05:19:27.550Z,sell,3.61e-05,32.46,0.001171806
NAS/BTC,1590729567550,2020-05-29T05:19:27.550Z,buy,3.61e-05,1634.3,0.058998230000000006
NAS/BTC,1590729655786,2020-05-29T05:20:55.786Z,sell,3.61e-05,1912.9,0.06905569
NAS/BTC,1590729692605,2020-05-29T05:21:32.605Z,sell,3.61e-05,68.53,0.002473933
NAS/BTC,1590729692611,2020-05-29T05:21:32.611Z,buy,3.61e-05,942.55,0.034026055
NAS/BTC,1590729741199,2020-05-29T05:22:21.199Z,sell,3.61e-05,161.64,0.005835204
NAS/BTC,1590729741364,2020-05-29T05:22:21.364Z,buy,3.61e-05,10.13,0.00036569300000000005
NAS/BTC,1590729743184,2020-05-29T05:22:23.184Z,sell,3.61e-05,6.41,0.00023140100000000003
NAS/BTC,1590729743196,2020-05-29T05:22:23.196Z,buy,3.61e-05,1354.34,0.048891674
NAS/BTC,1590729743534,2020-05-29T05:22:23.534Z,sell,3.61e-05,1176.36,0.042466596
NAS/BTC,1590729743655,2020-05-29T05:22:23.655Z,sell,3.61e-05,184.39,0.006656479
NAS/BTC,1590729743706,2020-05-29T05:22:23.706Z,sell,3.61e-05,3.21,0.00011588100000000001
NAS/BTC,1590729744390,2020-05-29T05:22:24.390Z,sell,3.6e-05,1210.0,0.04356
NAS/BTC,1590729809349,2020-05-29T05:23:29.349Z,sell,3.61e-05,3.21,0.00011588100000000001
NAS/BTC,1590729809352,2020-05-29T05:23:29.352Z,buy,3.61e-05,1438.8,0.05194068
NAS/BTC,1590729819014,2020-05-29T05:23:39.014Z,buy,3.62e-05,145.3,0.00525986
NAS/BTC,1590729847167,2020-05-29T05:24:07.167Z,sell,3.61e-05,54.94,0.0019833340000000002
NAS/BTC,1590729847171,2020-05-29T05:24:07.171Z,buy,3.61e-05,298.2,0.01076502
NAS/BTC,1590729874728,2020-05-29T05:24:34.728Z,buy,3.62e-05,1295.0,0.046879
NAS/BTC,1590729875435,2020-05-29T05:24:35.435Z,buy,3.62e-05,800.0,0.02896
NAS/BTC,1590729918781,2020-05-29T05:25:18.781Z,buy,3.62e-05,4.78,0.000173036
NAS/BTC,1590729918786,2020-05-29T05:25:18.786Z,sell,3.62e-05,1666.19,0.060316078
NAS/BTC,1590729938495,2020-05-29T05:25:38.495Z,sell,3.61e-05,136.79,0.004938119
NAS/BTC,1590729938495,2020-05-29T05:25:38.495Z,sell,3.6e-05,1618.21,0.058255560000000005
NAS/BTC,1590729941098,2020-05-29T05:25:41.098Z,sell,3.61e-05,48.67,0.0017569870000000002
NAS/BTC,1590729952176,2020-05-29T05:25:52.176Z,sell,3.61e-05,1264.45,0.045646645000000007
NAS/BTC,1590729952327,2020-05-29T05:25:52.327Z,sell,3.61e-05,657.3,0.02372853
NAS/BTC,1590729952327,2020-05-29T05:25:52.327Z,sell,3.6e-05,492.7,0.0177372
NAS/BTC,1590729953802,2020-05-29T05:25:53.802Z,sell,3.61e-05,401.48,0.014493428000000003
NAS/BTC,1590729955499,2020-05-29T05:25:55.499Z,sell,3.61e-05,69.16,0.002496676
NAS/BTC,1590729981719,2020-05-29T05:26:21.719Z,sell,3.61e-05,80.91,0.0029208510000000003
NAS/BTC,1590729984716,2020-05-29T05:26:24.716Z,sell,3.61e-05,232.86,0.008406246000000001
NAS/BTC,1590729984722,2020-05-29T05:26:24.722Z,buy,3.61e-05,171.63,0.006195843
NAS/BTC,1590729991105,2020-05-29T05:26:31.105Z,sell,3.61e-05,442.02,0.015956922000000002
NAS/BTC,1590730051313,2020-05-29T05:27:31.313Z,sell,3.61e-05,0.01,3.61e-07
NAS/BTC,1590730051313,2020-05-29T05:27:31.313Z,sell,3.6e-05,197.17,0.007098119999999999
NAS/BTC,1590730051422,2020-05-29T05:27:31.422Z,sell,3.61e-05,131.29,0.004739569
NAS/BTC,1590730051423,2020-05-29T05:27:31.423Z,sell,3.61e-05,8.16,0.000294576
NAS/BTC,1590730051458,2020-05-29T05:27:31.458Z,sell,3.6e-05,139.45,0.0050202
NAS/BTC,1590730052495,2020-05-29T05:27:32.495Z,sell,3.6e-05,46.49,0.0016736400000000001
NAS/BTC,1590730052694,2020-05-29T05:27:32.694Z,sell,3.6e-05,23.24,0.0008366399999999999
NAS/BTC,1590730054538,2020-05-29T05:27:34.538Z,sell,3.59e-05,1482.03,0.053204877
NAS/BTC,1590730054716,2020-05-29T05:27:34.716Z,sell,3.59e-05,1122.71,0.040305289
NAS/BTC,1590730054802,2020-05-29T05:27:34.802Z,sell,3.6e-05,7.75,0.000279
NAS/BTC,1590730054802,2020-05-29T05:27:34.802Z,sell,3.59e-05,965.27,0.034653193
NAS/BTC,1590730054899,2020-05-29T05:27:34.899Z,sell,3.59e-05,843.28,0.030273751999999998
NAS/BTC,1590730055104,2020-05-29T05:27:35.104Z,sell,3.59e-05,730.84,0.026237156
NAS/BTC,1590730055296,2020-05-29T05:27:35.296Z,sell,3.59e-05,633.4,0.02273906
NAS/BTC,1590730055398,2020-05-29T05:27:35.398Z,sell,3.59e-05,548.94,0.019706946
NAS/BTC,1590730055453,2020-05-29T05:27:35.453Z,sell,3.59e-05,60.56,0.002174104
NAS/BTC,1590730055553,2020-05-29T05:27:35.553Z,sell,3.59e-05,773.77,0.027778342999999997
NAS/BTC,1590730055553,2020-05-29T05:27:35.553Z,sell,3.58e-05,606.23,0.021703034000000003
NAS/BTC,1590730056301,2020-05-29T05:27:36.301Z,sell,3.58e-05,735.0,0.026313000000000003
NAS/BTC,1590730063306,2020-05-29T05:27:43.306Z,sell,3.59e-05,5.17,0.00018560299999999998
NAS/BTC,1590730063306,2020-05-29T05:27:43.306Z,sell,3.58e-05,120.37,0.004309246
NAS/BTC,1590730066651,2020-05-29T05:27:46.651Z,sell,3.59e-05,727.01,0.026099658999999997
NAS/BTC,1590730067576,2020-05-29T05:27:47.576Z,sell,3.59e-05,3.44,0.00012349599999999998
NAS/BTC,1590730067576,2020-05-29T05:27:47.576Z,sell,3.58e-05,122.1,0.0043711800000000006
NAS/BTC,1590730069234,2020-05-29T05:27:49.234Z,sell,3.58e-05,125.54,0.004494332
NAS/BTC,1590730080961,2020-05-29T05:28:00.961Z,sell,3.59e-05,2767.44,0.099351096
NAS/BTC,1590730080961,2020-05-29T05:28:00.961Z,sell,3.58e-05,667.56,0.023898648
NAS/BTC,1590730081668,2020-05-29T05:28:01.668Z,sell,3.58e-05,735.0,0.026313000000000003
NAS/BTC,1590730097698,2020-05-29T05:28:17.698Z,buy,3.59e-05,139.2,0.00499728
NAS/BTC,1590730097699,2020-05-29T05:28:17.699Z,sell,3.59e-05,203.36,0.007300624
NAS/BTC,1590730106857,2020-05-29T05:28:26.857Z,buy,3.59e-05,139.2,0.00499728
NAS/BTC,1590730160956,2020-05-29T05:29:20.956Z,buy,3.6e-05,1528.36,0.05502096
NAS/BTC,1590730215683,2020-05-29T05:30:15.683Z,sell,3.59e-05,373.12,0.013395008
NAS/BTC,1590730271043,2020-05-29T05:31:11.043Z,buy,3.6e-05,48.8,0.0017568
NAS/BTC,1590730271044,2020-05-29T05:31:11.044Z,sell,3.6e-05,734.32,0.026435520000000004
NAS/BTC,1590730281296,2020-05-29T05:31:21.296Z,sell,3.59e-05,66.75,0.002396325
NAS/BTC,1590730320161,2020-05-29T05:32:00.161Z,buy,3.6e-05,1095.5,0.039438
NAS/BTC,1590730373326,2020-05-29T05:32:53.326Z,buy,3.6e-05,48.8,0.0017568
NAS/BTC,1590730373330,2020-05-29T05:32:53.330Z,sell,3.6e-05,1048.9,0.037760400000000006
NAS/BTC,1590730427651,2020-05-29T05:33:47.651Z,sell,3.59e-05,232.18,0.008335262
NAS/BTC,1590730471889,2020-05-29T05:34:31.889Z,buy,3.6e-05,1224.15,0.0440694
NAS/BTC,1590730473470,2020-05-29T05:34:33.470Z,sell,3.59e-05,795.13,0.028545167
NAS/BTC,1590730474235,2020-05-29T05:34:34.235Z,sell,3.58e-05,37.18,0.0013310440000000002
NAS/BTC,1590730493915,2020-05-29T05:34:53.915Z,sell,3.58e-05,4.72,0.00016897600000000002
NAS/BTC,1590730499527,2020-05-29T05:34:59.527Z,sell,3.59e-05,269.81,0.009686179
NAS/BTC,1590730508630,2020-05-29T05:35:08.630Z,sell,3.59e-05,23.95,0.0008598049999999999
NAS/BTC,1590730551150,2020-05-29T05:35:51.150Z,sell,3.59e-05,1615.06,0.05798065399999999
NAS/BTC,1590730590057,2020-05-29T05:36:30.057Z,sell,3.59e-05,278.55,0.009999945
NAS/BTC,1590730627736,2020-05-29T05:37:07.736Z,sell,3.59e-05,1329.43,0.047726537
NAS/BTC,1590730717700,2020-05-29T05:38:37.700Z,buy,3.59e-05,1008.28,0.036197252
NAS/BTC,1590730759162,2020-05-29T05:39:19.162Z,buy,3.59e-05,850.1,0.030518589999999998
NAS/BTC,1590730803667,2020-05-29T05:40:03.667Z,sell,3.59e-05,1512.88,0.054312392
NAS/BTC,1590730849402,2020-05-29T05:40:49.402Z,buy,3.59e-05,1158.41,0.041586919
NAS/BTC,1590730889695,2020-05-29T05:41:29.695Z,buy,3.59e-05,1467.19,0.052672121
NAS/BTC,1590730930678,2020-05-29T05:42:10.678Z,buy,3.59e-05,1874.57,0.06729706299999999
NAS/BTC,1590731001882,2020-05-29T05:43:21.882Z,sell,3.59e-05,1482.87,0.053235032999999994
NAS/BTC,1590731011954,2020-05-29T05:43:31.954Z,sell,3.58e-05,78.37,0.002805646
NAS/BTC,1590731017126,2020-05-29T05:43:37.126Z,buy,3.59e-05,27.86,0.001000174
NAS/BTC,1590731087394,2020-05-29T05:44:47.394Z,buy,3.59e-05,1317.86,0.047311174
NAS/BTC,1590731160155,2020-05-29T05:46:00.155Z,buy,3.59e-05,205.63,0.007382117
NAS/BTC,1590731238919,2020-05-29T05:47:18.919Z,buy,3.59e-05,815.21,0.029266039
NAS/BTC,1590731298601,2020-05-29T05:48:18.601Z,sell,3.58e-05,661.72,0.023689576000000004
NAS/BTC,1590731321754,2020-05-29T05:48:41.754Z,buy,3.59e-05,8.55,0.00030694500000000004
NAS/BTC,1590731324203,2020-05-29T05:48:44.203Z,sell,3.58e-05,915.25,0.03276595
NAS/BTC,1590731396655,2020-05-29T05:49:56.655Z,sell,3.58e-05,1519.66,0.05440382800000001
NAS/BTC,1590731396660,2020-05-29T05:49:56.660Z,buy,3.58e-05,312.7,0.01119466
NAS/BTC,1590731474983,2020-05-29T05:51:14.983Z,buy,3.59e-05,934.97,0.033565423
NAS/BTC,1590731544695,2020-05-29T05:52:24.695Z,sell,3.58e-05,1437.14,0.051449612000000006
NAS/BTC,1590731577405,2020-05-29T05:52:57.405Z,buy,3.59e-05,1351.77,0.048528543
NAS/BTC,1590731640162,2020-05-29T05:54:00.162Z,sell,3.58e-05,1361.58,0.048744564000000004
NAS/BTC,1590731729192,2020-05-29T05:55:29.192Z,sell,3.58e-05,1296.78,0.046424724
NAS/BTC,1590731797696,2020-05-29T05:56:37.696Z,buy,3.59e-05,228.56,0.008205304
NAS/BTC,1590731882158,2020-05-29T05:58:02.158Z,buy,3.59e-05,321.54,0.011543286
NAS/BTC,1590731932170,2020-05-29T05:58:52.170Z,buy,3.59e-05,293.0,0.010518699999999999
