symbol,timestamp,datetime,side,price,amount,btc_volume
NAS/BTC,1643555041671,2022-01-30T15:04:01.671Z,sell,6.5e-06,147.0,0.0009555
NAS/BTC,1643555085974,2022-01-30T15:04:45.974Z,buy,6.6e-06,90.0,0.000594
NAS/BTC,1643555261759,2022-01-30T15:07:41.759Z,sell,6.5e-06,1769.0,0.0114985
NAS/BTC,1643555380235,2022-01-30T15:09:40.235Z,sell,6.5e-06,197.0,0.0012805
NAS/BTC,1643555635407,2022-01-30T15:13:55.407Z,sell,6.5e-06,118.0,0.000767
NAS/BTC,1643555973754,2022-01-30T15:19:33.754Z,buy,6.6e-06,469.0,0.0030954000000000003
NAS/BTC,1643556058520,2022-01-30T15:20:58.520Z,sell,6.5e-06,95.0,0.0006175
NAS/BTC,1643556370394,2022-01-30T15:26:10.394Z,sell,6.5e-06,123.0,0.0007995
NAS/BTC,1643556699901,2022-01-30T15:31:39.901Z,sell,6.5e-06,177.0,0.0011504999999999998
NAS/BTC,1643556950675,2022-01-30T15:35:50.675Z,sell,6.5e-06,450.0,0.0029249999999999996
NAS/BTC,1643557071699,2022-01-30T15:37:51.699Z,sell,6.5e-06,148.0,0.000962
NAS/BTC,1643557380781,2022-01-30T15:43:00.781Z,sell,6.5e-06,508.0,0.003302
NAS/BTC,1643557410408,2022-01-30T15:43:30.408Z,sell,6.5e-06,218.0,0.0014169999999999999
NAS/BTC,1643557725611,2022-01-30T15:48:45.611Z,sell,6.5e-06,439.0,0.0028534999999999997
NAS/BTC,1643557756886,2022-01-30T15:49:16.886Z,sell,6.5e-06,126.0,0.000819
NAS/BTC,1643558117995,2022-01-30T15:55:17.995Z,sell,6.5e-06,208.0,0.001352
NAS/BTC,1643558117995,2022-01-30T15:55:17.995Z,sell,6.5e-06,208.0,0.001352
NAS/BTC,1643558408807,2022-01-30T16:00:08.807Z,sell,6.5e-06,2133.0,0.013864499999999998
NAS/BTC,1643558409157,2022-01-30T16:00:09.157Z,sell,6.5e-06,2510.0,0.016315
NAS/BTC,1643558413983,2022-01-30T16:00:13.983Z,sell,6.5e-06,20.0,0.00013
NAS/BTC,1643558480308,2022-01-30T16:01:20.308Z,sell,6.5e-06,198.0,0.001287
NAS/BTC,1643558691723,2022-01-30T16:04:51.723Z,buy,6.6e-06,65.0,0.000429
NAS/BTC,1643558781982,2022-01-30T16:06:21.982Z,sell,6.5e-06,216.0,0.0014039999999999999
NAS/BTC,1643559126646,2022-01-30T16:12:06.646Z,sell,6.5e-06,161.0,0.0010465
NAS/BTC,1643559448048,2022-01-30T16:17:28.048Z,sell,6.5e-06,196.0,0.001274
NAS/BTC,1643559786699,2022-01-30T16:23:06.699Z,sell,6.5e-06,98.0,0.000637
NAS/BTC,1643560103407,2022-01-30T16:28:23.407Z,sell,6.5e-06,148.0,0.000962
NAS/BTC,1643560421725,2022-01-30T16:33:41.725Z,sell,6.5e-06,93.0,0.0006045
NAS/BTC,1643560763519,2022-01-30T16:39:23.519Z,sell,6.5e-06,183.0,0.0011895
NAS/BTC,1643560937954,2022-01-30T16:42:17.954Z,sell,6.5e-06,377.0,0.0024505
NAS/BTC,1643561160358,2022-01-30T16:46:00.358Z,sell,6.5e-06,250.0,0.001625
NAS/BTC,1643561209273,2022-01-30T16:46:49.273Z,sell,6.5e-06,113.0,0.0007344999999999999
NAS/BTC,1643561653479,2022-01-30T16:54:13.479Z,sell,6.5e-06,81.0,0.0005265
NAS/BTC,1643561653479,2022-01-30T16:54:13.479Z,sell,6.5e-06,81.0,0.0005265
NAS/BTC,1643561986479,2022-01-30T16:59:46.479Z,sell,6.5e-06,100.0,0.00065
NAS/BTC,1643562282435,2022-01-30T17:04:42.435Z,buy,6.6e-06,66.0,0.0004356
NAS/BTC,1643562318025,2022-01-30T17:05:18.025Z,sell,6.5e-06,132.0,0.0008579999999999999
NAS/BTC,1643562667191,2022-01-30T17:11:07.191Z,sell,6.5e-06,79.0,0.0005135
NAS/BTC,1643562921547,2022-01-30T17:15:21.547Z,sell,6.5e-06,106.0,0.0006889999999999999
NAS/BTC,1643563285642,2022-01-30T17:21:25.642Z,sell,6.5e-06,166.0,0.0010789999999999999
NAS/BTC,1643563574107,2022-01-30T17:26:14.107Z,sell,6.5e-06,121.0,0.0007865
NAS/BTC,1643563771527,2022-01-30T17:29:31.527Z,buy,6.6e-06,967.0,0.0063822
NAS/BTC,1643563797879,2022-01-30T17:29:57.879Z,sell,6.5e-06,17.0,0.00011049999999999999
NAS/BTC,1643563928358,2022-01-30T17:32:08.358Z,buy,6.6e-06,697.0,0.0046002000000000005
NAS/BTC,1643563970048,2022-01-30T17:32:50.048Z,sell,6.5e-06,103.0,0.0006695
NAS/BTC,1643564293760,2022-01-30T17:38:13.760Z,sell,6.5e-06,144.0,0.000936
NAS/BTC,1643564605583,2022-01-30T17:43:25.583Z,sell,6.5e-06,78.0,0.000507
NAS/BTC,1643564635218,2022-01-30T17:43:55.218Z,sell,6.5e-06,225.0,0.0014624999999999998
NAS/BTC,1643564950732,2022-01-30T17:49:10.732Z,sell,6.5e-06,218.0,0.0014169999999999999
NAS/BTC,1643565249324,2022-01-30T17:54:09.324Z,sell,6.5e-06,172.0,0.0011179999999999999
NAS/BTC,1643565249324,2022-01-30T17:54:09.324Z,sell,6.5e-06,172.0,0.0011179999999999999
NAS/BTC,1643565566836,2022-01-30T17:59:26.836Z,sell,6.5e-06,456.0,0.0029639999999999996
NAS/BTC,1643565617074,2022-01-30T18:00:17.074Z,sell,6.5e-06,84.0,0.0005459999999999999
NAS/BTC,1643565872332,2022-01-30T18:04:32.332Z,buy,6.6e-06,52.0,0.0003432
NAS/BTC,1643566035076,2022-01-30T18:07:15.076Z,sell,6.5e-06,106.0,0.0006889999999999999
NAS/BTC,1643566039254,2022-01-30T18:07:19.254Z,buy,6.6e-06,16.0,0.0001056
NAS/BTC,1643566500181,2022-01-30T18:15:00.181Z,sell,6.5e-06,167.0,0.0010854999999999999
NAS/BTC,1643566720853,2022-01-30T18:18:40.853Z,sell,6.5e-06,797.0,0.005180499999999999
NAS/BTC,1643566898510,2022-01-30T18:21:38.510Z,sell,6.5e-06,194.0,0.001261
NAS/BTC,1643567221481,2022-01-30T18:27:01.481Z,sell,6.5e-06,140.0,0.0009099999999999999
NAS/BTC,1643567498685,2022-01-30T18:31:38.685Z,sell,6.5e-06,41.0,0.00026649999999999997
NAS/BTC,1643567545568,2022-01-30T18:32:25.568Z,sell,6.5e-06,162.0,0.001053
NAS/BTC,1643567911048,2022-01-30T18:38:31.048Z,sell,6.5e-06,186.0,0.001209
NAS/BTC,1643568256294,2022-01-30T18:44:16.294Z,sell,6.5e-06,149.0,0.0009685
NAS/BTC,1643568637240,2022-01-30T18:50:37.240Z,sell,6.5e-06,54.0,0.00035099999999999997
NAS/BTC,1643568637829,2022-01-30T18:50:37.829Z,sell,6.5e-06,172.0,0.0011179999999999999
NAS/BTC,1643568811759,2022-01-30T18:53:31.759Z,buy,6.6e-06,658.0,0.0043428
NAS/BTC,1643568811759,2022-01-30T18:53:31.759Z,buy,6.7e-06,74.0,0.0004958
NAS/BTC,1643568811776,2022-01-30T18:53:31.776Z,sell,6.6e-06,391.0,0.0025806
NAS/BTC,1643568811777,2022-01-30T18:53:31.777Z,sell,6.6e-06,391.0,0.0025806
NAS/BTC,1643568811795,2022-01-30T18:53:31.795Z,sell,6.6e-06,572.0,0.0037752000000000003
NAS/BTC,1643568811795,2022-01-30T18:53:31.795Z,sell,6.5e-06,105.0,0.0006825
NAS/BTC,1643568811799,2022-01-30T18:53:31.799Z,sell,6.5e-06,179.0,0.0011634999999999998
NAS/BTC,1643568811800,2022-01-30T18:53:31.800Z,sell,6.5e-06,220.0,0.0014299999999999998
NAS/BTC,1643568811800,2022-01-30T18:53:31.800Z,sell,6.5e-06,220.0,0.0014299999999999998
NAS/BTC,1643568962594,2022-01-30T18:56:02.594Z,sell,6.5e-06,142.0,0.000923
NAS/BTC,1643569187933,2022-01-30T18:59:47.933Z,sell,6.5e-06,182.0,0.001183
NAS/BTC,1643569260798,2022-01-30T19:01:00.798Z,buy,6.6e-06,35.0,0.000231
NAS/BTC,1643569270883,2022-01-30T19:01:10.883Z,sell,6.5e-06,115.0,0.0007474999999999999
NAS/BTC,1643569466940,2022-01-30T19:04:26.940Z,sell,6.5e-06,208.0,0.001352
NAS/BTC,1643569477168,2022-01-30T19:04:37.168Z,buy,6.6e-06,66.0,0.0004356
NAS/BTC,1643569616338,2022-01-30T19:06:56.338Z,sell,6.5e-06,151.0,0.0009815
NAS/BTC,1643569643029,2022-01-30T19:07:23.029Z,sell,6.5e-06,54.0,0.00035099999999999997
NAS/BTC,1643569902716,2022-01-30T19:11:42.716Z,sell,6.5e-06,118.0,0.000767
NAS/BTC,1643570277685,2022-01-30T19:17:57.685Z,sell,6.5e-06,95.0,0.0006175
NAS/BTC,1643570598649,2022-01-30T19:23:18.649Z,sell,6.5e-06,188.0,0.001222
NAS/BTC,1643570650201,2022-01-30T19:24:10.201Z,sell,6.5e-06,1121.0,0.0072865
NAS/BTC,1643570882194,2022-01-30T19:28:02.194Z,sell,6.5e-06,110.0,0.0007149999999999999
NAS/BTC,1643571180351,2022-01-30T19:33:00.351Z,sell,6.5e-06,218.0,0.0014169999999999999
NAS/BTC,1643571571997,2022-01-30T19:39:31.997Z,sell,6.5e-06,155.0,0.0010075
NAS/BTC,1643571966615,2022-01-30T19:46:06.615Z,sell,6.5e-06,118.0,0.000767
NAS/BTC,1643572195868,2022-01-30T19:49:55.868Z,sell,6.5e-06,8295.0,0.0539175
NAS/BTC,1643572295244,2022-01-30T19:51:35.244Z,sell,6.5e-06,94.0,0.000611
NAS/BTC,1643572295244,2022-01-30T19:51:35.244Z,sell,6.5e-06,94.0,0.000611
NAS/BTC,1643572667450,2022-01-30T19:57:47.450Z,sell,6.5e-06,137.0,0.0008904999999999999
NAS/BTC,1643573033766,2022-01-30T20:03:53.766Z,sell,6.5e-06,113.0,0.0007344999999999999
NAS/BTC,1643573398490,2022-01-30T20:09:58.490Z,sell,6.5e-06,200.0,0.0013
NAS/BTC,1643573718709,2022-01-30T20:15:18.709Z,sell,6.5e-06,174.0,0.0011309999999999998
NAS/BTC,1643573725919,2022-01-30T20:15:25.919Z,sell,6.5e-06,1084.0,0.007045999999999999
NAS/BTC,1643573809445,2022-01-30T20:16:49.445Z,sell,6.5e-06,25.0,0.0001625
NAS/BTC,1643574102755,2022-01-30T20:21:42.755Z,sell,6.5e-06,108.0,0.0007019999999999999
NAS/BTC,1643574431367,2022-01-30T20:27:11.367Z,sell,6.5e-06,108.0,0.0007019999999999999
NAS/BTC,1643574822621,2022-01-30T20:33:42.621Z,sell,6.5e-06,162.0,0.001053
NAS/BTC,1643575190678,2022-01-30T20:39:50.678Z,sell,6.5e-06,92.0,0.000598
NAS/BTC,1643575572446,2022-01-30T20:46:12.446Z,sell,6.5e-06,168.0,0.0010919999999999999
NAS/BTC,1643575703266,2022-01-30T20:48:23.266Z,sell,6.5e-06,3573.0,0.0232245
NAS/BTC,1643575703266,2022-01-30T20:48:23.266Z,sell,6.5e-06,3573.0,0.0232245
NAS/BTC,1643575993196,2022-01-30T20:53:13.196Z,sell,6.5e-06,80.0,0.00052
NAS/BTC,1643576422957,2022-01-30T21:00:22.957Z,sell,6.5e-06,214.0,0.0013909999999999999
NAS/BTC,1643576664358,2022-01-30T21:04:24.358Z,buy,6.6e-06,36.0,0.0002376
NAS/BTC,1643576765912,2022-01-30T21:06:05.912Z,sell,6.5e-06,95.0,0.0006175
NAS/BTC,1643577076454,2022-01-30T21:11:16.454Z,sell,6.5e-06,115.0,0.0007474999999999999
NAS/BTC,1643577395523,2022-01-30T21:16:35.523Z,sell,6.5e-06,207.0,0.0013455
NAS/BTC,1643577670321,2022-01-30T21:21:10.321Z,sell,6.5e-06,49.0,0.0003185
NAS/BTC,1643577758991,2022-01-30T21:22:38.991Z,sell,6.5e-06,166.0,0.0010789999999999999
NAS/BTC,1643577785012,2022-01-30T21:23:05.012Z,sell,6.5e-06,298.0,0.001937
NAS/BTC,1643578095748,2022-01-30T21:28:15.748Z,sell,6.5e-06,221.0,0.0014364999999999998
NAS/BTC,1643578173005,2022-01-30T21:29:33.005Z,sell,6.5e-06,647.0,0.0042055
NAS/BTC,1643578273932,2022-01-30T21:31:13.932Z,sell,6.5e-06,84.0,0.0005459999999999999
NAS/BTC,1643578360363,2022-01-30T21:32:40.363Z,sell,6.5e-06,4920.0,0.03198
NAS/BTC,1643578360458,2022-01-30T21:32:40.458Z,sell,6.5e-06,150.0,0.000975
NAS/BTC,1643578361613,2022-01-30T21:32:41.613Z,sell,6.5e-06,204.0,0.001326
NAS/BTC,1643578383356,2022-01-30T21:33:03.356Z,sell,6.5e-06,193.0,0.0012545
NAS/BTC,1643578762969,2022-01-30T21:39:22.969Z,sell,6.5e-06,459.0,0.0029834999999999996
NAS/BTC,1643578766258,2022-01-30T21:39:26.258Z,sell,6.5e-06,113.0,0.0007344999999999999
NAS/BTC,1643578817191,2022-01-30T21:40:17.191Z,sell,6.5e-06,225.0,0.0014624999999999998
NAS/BTC,1643579143638,2022-01-30T21:45:43.638Z,sell,6.5e-06,84.0,0.0005459999999999999
NAS/BTC,1643579291577,2022-01-30T21:48:11.577Z,buy,6.6e-06,9048.0,0.0597168
NAS/BTC,1643579291577,2022-01-30T21:48:11.577Z,buy,6.6e-06,9048.0,0.0597168
NAS/BTC,1643579355374,2022-01-30T21:49:15.374Z,sell,6.5e-06,902.0,0.005862999999999999
NAS/BTC,1643579362175,2022-01-30T21:49:22.175Z,sell,6.5e-06,299.0,0.0019435
NAS/BTC,1643579362210,2022-01-30T21:49:22.210Z,sell,6.5e-06,902.0,0.005862999999999999
NAS/BTC,1643579445907,2022-01-30T21:50:45.907Z,sell,6.5e-06,85.0,0.0005524999999999999
NAS/BTC,1643579501518,2022-01-30T21:51:41.518Z,sell,6.5e-06,159.0,0.0010335
NAS/BTC,1643579562479,2022-01-30T21:52:42.479Z,sell,6.5e-06,227.0,0.0014754999999999998
NAS/BTC,1643579806788,2022-01-30T21:56:46.788Z,sell,6.5e-06,190.0,0.001235
NAS/BTC,1643580185558,2022-01-30T22:03:05.558Z,sell,6.5e-06,158.0,0.001027
NAS/BTC,1643580287903,2022-01-30T22:04:47.903Z,buy,6.6e-06,61.0,0.00040260000000000003
NAS/BTC,1643580559556,2022-01-30T22:09:19.556Z,sell,6.5e-06,194.0,0.001261
NAS/BTC,1643580677942,2022-01-30T22:11:17.942Z,sell,6.5e-06,3313.0,0.021534499999999998
NAS/BTC,1643580947961,2022-01-30T22:15:47.961Z,sell,6.5e-06,146.0,0.000949
NAS/BTC,1643581274471,2022-01-30T22:21:14.471Z,sell,6.5e-06,96.0,0.000624
NAS/BTC,1643581655868,2022-01-30T22:27:35.868Z,sell,6.5e-06,229.0,0.0014884999999999998
NAS/BTC,1643582034811,2022-01-30T22:33:54.811Z,sell,6.5e-06,158.0,0.001027
NAS/BTC,1643582391389,2022-01-30T22:39:51.389Z,sell,6.5e-06,145.0,0.0009425
NAS/BTC,1643582741711,2022-01-30T22:45:41.711Z,sell,6.5e-06,110.0,0.0007149999999999999
NAS/BTC,1643582741711,2022-01-30T22:45:41.711Z,sell,6.5e-06,110.0,0.0007149999999999999
NAS/BTC,1643583110194,2022-01-30T22:51:50.194Z,sell,6.5e-06,190.0,0.001235
NAS/BTC,1643583536886,2022-01-30T22:58:56.886Z,sell,6.5e-06,218.0,0.0014169999999999999
NAS/BTC,1643583681439,2022-01-30T23:01:21.439Z,sell,6.5e-06,47.0,0.0003055
NAS/BTC,1643583863099,2022-01-30T23:04:23.099Z,sell,6.5e-06,23.0,0.0001495
NAS/BTC,1643583984517,2022-01-30T23:06:24.517Z,sell,6.5e-06,215.0,0.0013974999999999999
NAS/BTC,1643584383827,2022-01-30T23:13:03.827Z,sell,6.5e-06,230.0,0.0014949999999999998
NAS/BTC,1643584397956,2022-01-30T23:13:17.956Z,buy,6.6e-06,27.0,0.00017820000000000002
NAS/BTC,1643584759597,2022-01-30T23:19:19.597Z,sell,6.5e-06,141.0,0.0009165
NAS/BTC,1643585099283,2022-01-30T23:24:59.283Z,sell,6.5e-06,214.0,0.0013909999999999999
NAS/BTC,1643585406760,2022-01-30T23:30:06.760Z,sell,6.5e-06,91.0,0.0005915
NAS/BTC,1643585784903,2022-01-30T23:36:24.903Z,sell,6.5e-06,167.0,0.0010854999999999999
NAS/BTC,1643585823076,2022-01-30T23:37:03.076Z,sell,6.5e-06,396.0,0.002574
NAS/BTC,1643586061139,2022-01-30T23:41:01.139Z,sell,6.5e-06,388.0,0.002522
NAS/BTC,1643586139819,2022-01-30T23:42:19.819Z,sell,6.5e-06,116.0,0.000754
NAS/BTC,1643586139819,2022-01-30T23:42:19.819Z,sell,6.5e-06,116.0,0.000754
NAS/BTC,1643586547417,2022-01-30T23:49:07.417Z,sell,6.5e-06,229.0,0.0014884999999999998
NAS/BTC,1643586850524,2022-01-30T23:54:10.524Z,sell,6.5e-06,177.0,0.0011504999999999998
NAS/BTC,1643587220977,2022-01-31T00:00:20.977Z,sell,6.5e-06,159.0,0.0010335
NAS/BTC,1643587536413,2022-01-31T00:05:36.413Z,sell,6.5e-06,156.0,0.001014
NAS/BTC,1643587703202,2022-01-31T00:08:23.202Z,buy,6.6e-06,14096.0,0.09303360000000001
NAS/BTC,1643587703202,2022-01-31T00:08:23.202Z,buy,6.7e-06,6966.0,0.046672200000000004
NAS/BTC,1643587703202,2022-01-31T00:08:23.202Z,buy,6.8e-06,8866.0,0.060288800000000003
NAS/BTC,1643587703218,2022-01-31T00:08:23.218Z,sell,6.6e-06,1934.0,0.0127644
NAS/BTC,1643587703220,2022-01-31T00:08:23.220Z,sell,6.6e-06,467.0,0.0030822000000000002
NAS/BTC,1643587703221,2022-01-31T00:08:23.221Z,sell,6.6e-06,1295.0,0.008547
NAS/BTC,1643587703235,2022-01-31T00:08:23.235Z,sell,6.5e-06,967.0,0.006285499999999999
NAS/BTC,1643587705580,2022-01-31T00:08:25.580Z,buy,6.6e-06,20.0,0.000132
NAS/BTC,1643587705643,2022-01-31T00:08:25.643Z,buy,6.6e-06,30.0,0.00019800000000000002
NAS/BTC,1643587705915,2022-01-31T00:08:25.915Z,buy,6.6e-06,16.0,0.0001056
NAS/BTC,1643587708389,2022-01-31T00:08:28.389Z,buy,6.6e-06,52.0,0.0003432
NAS/BTC,1643587881845,2022-01-31T00:11:21.845Z,sell,6.5e-06,107.0,0.0006954999999999999
NAS/BTC,1643587883236,2022-01-31T00:11:23.236Z,sell,6.5e-06,475.0,0.0030875
NAS/BTC,1643588221282,2022-01-31T00:17:01.282Z,sell,6.5e-06,70.0,0.00045499999999999995
NAS/BTC,1643588254208,2022-01-31T00:17:34.208Z,sell,6.5e-06,222.0,0.0014429999999999998
NAS/BTC,1643588590736,2022-01-31T00:23:10.736Z,buy,6.6e-06,281.0,0.0018546
NAS/BTC,1643588615063,2022-01-31T00:23:35.063Z,sell,6.5e-06,162.0,0.001053
NAS/BTC,1643588966217,2022-01-31T00:29:26.217Z,sell,6.5e-06,122.0,0.000793
NAS/BTC,1643589073968,2022-01-31T00:31:13.968Z,buy,6.6e-06,28.0,0.00018480000000000002
NAS/BTC,1643589293802,2022-01-31T00:34:53.802Z,sell,6.5e-06,134.0,0.0008709999999999999
NAS/BTC,1643589724228,2022-01-31T00:42:04.228Z,sell,6.5e-06,98.0,0.000637
NAS/BTC,1643589724228,2022-01-31T00:42:04.228Z,sell,6.5e-06,98.0,0.000637
NAS/BTC,1643589952102,2022-01-31T00:45:52.102Z,sell,6.5e-06,1471.0,0.009561499999999999
NAS/BTC,1643590074011,2022-01-31T00:47:54.011Z,sell,6.5e-06,229.0,0.0014884999999999998
NAS/BTC,1643590128305,2022-01-31T00:48:48.305Z,sell,6.5e-06,90.0,0.000585
NAS/BTC,1643590432011,2022-01-31T00:53:52.011Z,sell,6.5e-06,99.0,0.0006435
NAS/BTC,1643590752170,2022-01-31T00:59:12.170Z,sell,6.5e-06,119.0,0.0007735
NAS/BTC,1643591061535,2022-01-31T01:04:21.535Z,buy,6.6e-06,24.0,0.0001584
NAS/BTC,1643591074458,2022-01-31T01:04:34.458Z,sell,6.5e-06,128.0,0.000832
NAS/BTC,1643591091667,2022-01-31T01:04:51.667Z,buy,6.6e-06,105.0,0.000693
NAS/BTC,1643591295624,2022-01-31T01:08:15.624Z,sell,6.5e-06,446.0,0.0028989999999999997
NAS/BTC,1643591385298,2022-01-31T01:09:45.298Z,sell,6.5e-06,141.0,0.0009165
NAS/BTC,1643591573225,2022-01-31T01:12:53.225Z,buy,6.6e-06,54.0,0.00035640000000000004
NAS/BTC,1643591573532,2022-01-31T01:12:53.532Z,buy,6.6e-06,802.0,0.0052932000000000005
NAS/BTC,1643591573550,2022-01-31T01:12:53.550Z,buy,6.6e-06,269.0,0.0017754000000000001
NAS/BTC,1643591715223,2022-01-31T01:15:15.223Z,sell,6.5e-06,116.0,0.000754
NAS/BTC,1643592047594,2022-01-31T01:20:47.594Z,sell,6.5e-06,204.0,0.001326
NAS/BTC,1643592395760,2022-01-31T01:26:35.760Z,sell,6.5e-06,181.0,0.0011765
NAS/BTC,1643592682066,2022-01-31T01:31:22.066Z,sell,6.5e-06,214.0,0.0013909999999999999
NAS/BTC,1643593023761,2022-01-31T01:37:03.761Z,sell,6.5e-06,174.0,0.0011309999999999998
NAS/BTC,1643593315882,2022-01-31T01:41:55.882Z,sell,6.5e-06,163.0,0.0010595
NAS/BTC,1643593315882,2022-01-31T01:41:55.882Z,sell,6.5e-06,163.0,0.0010595
NAS/BTC,1643593344978,2022-01-31T01:42:24.978Z,sell,6.5e-06,206.0,0.001339
NAS/BTC,1643593580691,2022-01-31T01:46:20.691Z,buy,6.6e-06,46.0,0.0003036
NAS/BTC,1643593755683,2022-01-31T01:49:15.683Z,sell,6.5e-06,220.0,0.0014299999999999998
NAS/BTC,1643594057719,2022-01-31T01:54:17.719Z,sell,6.5e-06,103.0,0.0006695
NAS/BTC,1643594404191,2022-01-31T02:00:04.191Z,sell,6.5e-06,168.0,0.0010919999999999999
NAS/BTC,1643594759099,2022-01-31T02:05:59.099Z,sell,6.5e-06,141.0,0.0009165
NAS/BTC,1643595118300,2022-01-31T02:11:58.300Z,sell,6.5e-06,107.0,0.0006954999999999999
NAS/BTC,1643595468951,2022-01-31T02:17:48.951Z,sell,6.5e-06,99.0,0.0006435
NAS/BTC,1643595848057,2022-01-31T02:24:08.057Z,sell,6.5e-06,24.0,0.000156
NAS/BTC,1643595880942,2022-01-31T02:24:40.942Z,sell,6.5e-06,188.0,0.001222
NAS/BTC,1643596073319,2022-01-31T02:27:53.319Z,sell,6.5e-06,160.0,0.00104
NAS/BTC,1643596232120,2022-01-31T02:30:32.120Z,sell,6.5e-06,93.0,0.0006045
NAS/BTC,1643596580263,2022-01-31T02:36:20.263Z,sell,6.5e-06,81.0,0.0005265
NAS/BTC,1643596580263,2022-01-31T02:36:20.263Z,sell,6.5e-06,81.0,0.0005265
NAS/BTC,1643596938508,2022-01-31T02:42:18.508Z,sell,6.5e-06,175.0,0.0011374999999999998
NAS/BTC,1643597309044,2022-01-31T02:48:29.044Z,sell,6.5e-06,217.0,0.0014104999999999999
NAS/BTC,1643597712522,2022-01-31T02:55:12.522Z,sell,6.5e-06,202.0,0.001313
NAS/BTC,1643598032526,2022-01-31T03:00:32.526Z,sell,6.5e-06,87.0,0.0005654999999999999
NAS/BTC,1643598293014,2022-01-31T03:04:53.014Z,buy,6.6e-06,89.0,0.0005874000000000001
NAS/BTC,1643598358915,2022-01-31T03:05:58.915Z,sell,6.5e-06,92.0,0.000598
NAS/BTC,1643598401985,2022-01-31T03:06:41.985Z,sell,6.5e-06,279.0,0.0018134999999999998
NAS/BTC,1643598701355,2022-01-31T03:11:41.355Z,sell,6.5e-06,201.0,0.0013065
NAS/BTC,1643598979089,2022-01-31T03:16:19.089Z,sell,6.5e-06,210.0,0.001365
NAS/BTC,1643599384099,2022-01-31T03:23:04.099Z,sell,6.5e-06,81.0,0.0005265
NAS/BTC,1643599732606,2022-01-31T03:28:52.606Z,sell,6.5e-06,91.0,0.0005915
NAS/BTC,1643600048795,2022-01-31T03:34:08.795Z,sell,6.5e-06,78.0,0.000507
NAS/BTC,1643600048795,2022-01-31T03:34:08.795Z,sell,6.5e-06,78.0,0.000507
NAS/BTC,1643600436259,2022-01-31T03:40:36.259Z,sell,6.5e-06,189.0,0.0012285
NAS/BTC,1643600797053,2022-01-31T03:46:37.053Z,sell,6.5e-06,139.0,0.0009034999999999999
NAS/BTC,1643601208612,2022-01-31T03:53:28.612Z,sell,6.5e-06,215.0,0.0013974999999999999
NAS/BTC,1643601232720,2022-01-31T03:53:52.720Z,sell,6.5e-06,300.0,0.00195
NAS/BTC,1643601241315,2022-01-31T03:54:01.315Z,buy,6.6e-06,280.0,0.001848
NAS/BTC,1643601241315,2022-01-31T03:54:01.315Z,buy,6.7e-06,11.0,7.37e-05
NAS/BTC,1643601241354,2022-01-31T03:54:01.354Z,sell,6.6e-06,163.0,0.0010758
NAS/BTC,1643601241354,2022-01-31T03:54:01.354Z,sell,6.6e-06,157.0,0.0010362000000000001
NAS/BTC,1643601241357,2022-01-31T03:54:01.357Z,sell,6.6e-06,55.0,0.00036300000000000004
NAS/BTC,1643601241366,2022-01-31T03:54:01.366Z,sell,6.6e-06,73.0,0.0004818
NAS/BTC,1643601241366,2022-01-31T03:54:01.366Z,sell,6.5e-06,151.0,0.0009815
NAS/BTC,1643601560947,2022-01-31T03:59:20.947Z,sell,6.5e-06,102.0,0.000663
NAS/BTC,1643601588956,2022-01-31T03:59:48.956Z,buy,6.6e-06,611.0,0.0040326
NAS/BTC,1643601603356,2022-01-31T04:00:03.356Z,sell,6.6e-06,481.0,0.0031746
NAS/BTC,1643601603370,2022-01-31T04:00:03.370Z,sell,6.6e-06,317.0,0.0020922000000000002
NAS/BTC,1643601603370,2022-01-31T04:00:03.370Z,sell,6.5e-06,82.0,0.0005329999999999999
NAS/BTC,1643601629983,2022-01-31T04:00:29.983Z,sell,6.5e-06,21.0,0.00013649999999999998
NAS/BTC,1643601822089,2022-01-31T04:03:42.089Z,sell,6.5e-06,207.0,0.0013455
NAS/BTC,1643601849316,2022-01-31T04:04:09.316Z,sell,6.5e-06,24.0,0.000156
NAS/BTC,1643601927412,2022-01-31T04:05:27.412Z,sell,6.5e-06,166.0,0.0010789999999999999
NAS/BTC,1643602353387,2022-01-31T04:12:33.387Z,sell,6.5e-06,155.0,0.0010075
NAS/BTC,1643602704128,2022-01-31T04:18:24.128Z,sell,6.5e-06,82.0,0.0005329999999999999
NAS/BTC,1643602790479,2022-01-31T04:19:50.479Z,sell,6.5e-06,23.0,0.0001495
NAS/BTC,1643603099194,2022-01-31T04:24:59.194Z,sell,6.5e-06,87.0,0.0005654999999999999
NAS/BTC,1643603487656,2022-01-31T04:31:27.656Z,sell,6.5e-06,171.0,0.0011114999999999999
NAS/BTC,1643603487656,2022-01-31T04:31:27.656Z,sell,6.5e-06,171.0,0.0011114999999999999
NAS/BTC,1643603861318,2022-01-31T04:37:41.318Z,sell,6.5e-06,134.0,0.0008709999999999999
NAS/BTC,1643603861424,2022-01-31T04:37:41.424Z,sell,6.5e-06,80.0,0.00052
NAS/BTC,1643604309658,2022-01-31T04:45:09.658Z,sell,6.5e-06,93.0,0.0006045
NAS/BTC,1643604690004,2022-01-31T04:51:30.004Z,sell,6.5e-06,225.0,0.0014624999999999998
NAS/BTC,1643604756292,2022-01-31T04:52:36.292Z,sell,6.5e-06,60.0,0.00039
NAS/BTC,1643605063370,2022-01-31T04:57:43.370Z,sell,6.5e-06,180.0,0.00117
NAS/BTC,1643605355093,2022-01-31T05:02:35.093Z,sell,6.5e-06,96.0,0.000624
NAS/BTC,1643605467948,2022-01-31T05:04:27.948Z,buy,6.6e-06,27.0,0.00017820000000000002
NAS/BTC,1643605657643,2022-01-31T05:07:37.643Z,sell,6.5e-06,2080.0,0.013519999999999999
NAS/BTC,1643605714896,2022-01-31T05:08:34.896Z,sell,6.5e-06,230.0,0.0014949999999999998
NAS/BTC,1643606051668,2022-01-31T05:14:11.668Z,sell,6.5e-06,127.0,0.0008255
NAS/BTC,1643606422851,2022-01-31T05:20:22.851Z,sell,6.5e-06,111.0,0.0007214999999999999
NAS/BTC,1643606468656,2022-01-31T05:21:08.656Z,buy,6.6e-06,232.0,0.0015312000000000001
NAS/BTC,1643606822698,2022-01-31T05:27:02.698Z,sell,6.5e-06,222.0,0.0014429999999999998
NAS/BTC,1643606822698,2022-01-31T05:27:02.698Z,sell,6.5e-06,222.0,0.0014429999999999998
NAS/BTC,1643607139299,2022-01-31T05:32:19.299Z,sell,6.5e-06,172.0,0.0011179999999999999
NAS/BTC,1643607380407,2022-01-31T05:36:20.407Z,sell,6.5e-06,39.0,0.0002535
NAS/BTC,1643607535028,2022-01-31T05:38:55.028Z,sell,6.5e-06,128.0,0.000832
NAS/BTC,1643607923543,2022-01-31T05:45:23.543Z,sell,6.5e-06,174.0,0.0011309999999999998
NAS/BTC,1643608045042,2022-01-31T05:47:25.042Z,sell,6.5e-06,100.0,0.00065
NAS/BTC,1643608270502,2022-01-31T05:51:10.502Z,sell,6.5e-06,130.0,0.0008449999999999999
NAS/BTC,1643608688101,2022-01-31T05:58:08.101Z,sell,6.5e-06,155.0,0.0010075
NAS/BTC,1643609052441,2022-01-31T06:04:12.441Z,buy,6.6e-06,16.0,0.0001056
NAS/BTC,1643609084842,2022-01-31T06:04:44.842Z,sell,6.5e-06,184.0,0.001196
NAS/BTC,1643609386133,2022-01-31T06:09:46.133Z,sell,6.5e-06,95.0,0.0006175
NAS/BTC,1643609683022,2022-01-31T06:14:43.022Z,sell,6.5e-06,172.0,0.0011179999999999999
NAS/BTC,1643609981228,2022-01-31T06:19:41.228Z,sell,6.5e-06,194.0,0.001261
NAS/BTC,1643610380650,2022-01-31T06:26:20.650Z,sell,6.5e-06,174.0,0.0011309999999999998
NAS/BTC,1643610380650,2022-01-31T06:26:20.650Z,sell,6.5e-06,174.0,0.0011309999999999998
NAS/BTC,1643610737388,2022-01-31T06:32:17.388Z,sell,6.5e-06,79.0,0.0005135
NAS/BTC,1643611114928,2022-01-31T06:38:34.928Z,sell,6.5e-06,155.0,0.0010075
NAS/BTC,1643611453028,2022-01-31T06:44:13.028Z,sell,6.5e-06,84.0,0.0005459999999999999
NAS/BTC,1643611792064,2022-01-31T06:49:52.064Z,sell,6.5e-06,91.0,0.0005915
NAS/BTC,1643612150493,2022-01-31T06:55:50.493Z,sell,6.5e-06,36632.0,0.238108
NAS/BTC,1643612158165,2022-01-31T06:55:58.165Z,sell,6.5e-06,172.0,0.0011179999999999999
NAS/BTC,1643612285806,2022-01-31T06:58:05.806Z,sell,6.5e-06,54.0,0.00035099999999999997
NAS/BTC,1643612362835,2022-01-31T06:59:22.835Z,sell,6.5e-06,14294.0,0.092911
NAS/BTC,1643612527905,2022-01-31T07:02:07.905Z,sell,6.5e-06,112.0,0.0007279999999999999
NAS/BTC,1643612648870,2022-01-31T07:04:08.870Z,sell,6.5e-06,32.0,0.000208
NAS/BTC,1643612937247,2022-01-31T07:08:57.247Z,sell,6.5e-06,83.0,0.0005394999999999999
NAS/BTC,1643613382756,2022-01-31T07:16:22.756Z,sell,6.5e-06,115.0,0.0007474999999999999
NAS/BTC,1643613762349,2022-01-31T07:22:42.349Z,sell,6.5e-06,170.0,0.0011049999999999999
NAS/BTC,1643613762349,2022-01-31T07:22:42.349Z,sell,6.5e-06,170.0,0.0011049999999999999
NAS/BTC,1643614091672,2022-01-31T07:28:11.672Z,sell,6.5e-06,5315.0,0.034547499999999995
NAS/BTC,1643614096869,2022-01-31T07:28:16.869Z,sell,6.5e-06,5321.0,0.0345865
NAS/BTC,1643614098155,2022-01-31T07:28:18.155Z,sell,6.5e-06,5315.0,0.034547499999999995
NAS/BTC,1643614133154,2022-01-31T07:28:53.154Z,sell,6.5e-06,169.0,0.0010984999999999999
NAS/BTC,1643614446112,2022-01-31T07:34:06.112Z,sell,6.5e-06,138.0,0.0008969999999999999
NAS/BTC,1643614796406,2022-01-31T07:39:56.406Z,sell,6.5e-06,99.0,0.0006435
NAS/BTC,1643614928884,2022-01-31T07:42:08.884Z,buy,6.6e-06,60.0,0.00039600000000000003
NAS/BTC,1643614988205,2022-01-31T07:43:08.205Z,sell,6.5e-06,14593.0,0.0948545
NAS/BTC,1643615163086,2022-01-31T07:46:03.086Z,sell,6.4e-06,40.0,0.000256
NAS/BTC,1643615468094,2022-01-31T07:51:08.094Z,buy,6.5e-06,158.0,0.001027
NAS/BTC,1643615656662,2022-01-31T07:54:16.662Z,buy,6.5e-06,582.0,0.003783
NAS/BTC,1643615669929,2022-01-31T07:54:29.929Z,buy,6.5e-06,5000.0,0.0325
NAS/BTC,1643615669988,2022-01-31T07:54:29.988Z,buy,6.5e-06,61.0,0.0003965
NAS/BTC,1643615670320,2022-01-31T07:54:30.320Z,buy,6.5e-06,137.0,0.0008904999999999999
NAS/BTC,1643615670661,2022-01-31T07:54:30.661Z,buy,6.5e-06,29.0,0.0001885
NAS/BTC,1643615830050,2022-01-31T07:57:10.050Z,sell,6.5e-06,230.0,0.0014949999999999998
NAS/BTC,1643616160845,2022-01-31T08:02:40.845Z,sell,6.5e-06,100.0,0.00065
NAS/BTC,1643616227677,2022-01-31T08:03:47.677Z,sell,6.5e-06,98.0,0.000637
NAS/BTC,1643616436049,2022-01-31T08:07:16.049Z,sell,6.5e-06,669.0,0.0043485
NAS/BTC,1643616483758,2022-01-31T08:08:03.758Z,buy,6.5e-06,42.0,0.00027299999999999997
NAS/BTC,1643616557306,2022-01-31T08:09:17.306Z,buy,6.5e-06,119.0,0.0007735
NAS/BTC,1643616906681,2022-01-31T08:15:06.681Z,sell,6.5e-06,78.0,0.000507
NAS/BTC,1643617271442,2022-01-31T08:21:11.442Z,sell,6.5e-06,128.0,0.000832
NAS/BTC,1643617271442,2022-01-31T08:21:11.442Z,sell,6.5e-06,128.0,0.000832
NAS/BTC,1643617654514,2022-01-31T08:27:34.514Z,sell,6.5e-06,83.0,0.0005394999999999999
NAS/BTC,1643617943538,2022-01-31T08:32:23.538Z,sell,6.5e-06,95.0,0.0006175
NAS/BTC,1643618298305,2022-01-31T08:38:18.305Z,sell,6.5e-06,116.0,0.000754
NAS/BTC,1643618676299,2022-01-31T08:44:36.299Z,sell,6.5e-06,82.0,0.0005329999999999999
NAS/BTC,1643618987008,2022-01-31T08:49:47.008Z,sell,6.5e-06,1818.0,0.011817
NAS/BTC,1643619050971,2022-01-31T08:50:50.971Z,sell,6.5e-06,119.0,0.0007735
NAS/BTC,1643619450603,2022-01-31T08:57:30.603Z,sell,6.5e-06,208.0,0.001352
NAS/BTC,1643619848682,2022-01-31T09:04:08.682Z,sell,6.5e-06,22.0,0.00014299999999999998
NAS/BTC,1643619866319,2022-01-31T09:04:26.319Z,sell,6.5e-06,95.0,0.0006175
NAS/BTC,1643620006165,2022-01-31T09:06:46.165Z,sell,6.5e-06,499.0,0.0032435
NAS/BTC,1643620239079,2022-01-31T09:10:39.079Z,sell,6.5e-06,79.0,0.0005135
NAS/BTC,1643620568435,2022-01-31T09:16:08.435Z,sell,6.5e-06,7550.0,0.049074999999999994
NAS/BTC,1643620568441,2022-01-31T09:16:08.441Z,buy,6.5e-06,263.0,0.0017094999999999999
NAS/BTC,1643620568466,2022-01-31T09:16:08.466Z,buy,6.5e-06,468.0,0.003042
NAS/BTC,1643620572472,2022-01-31T09:16:12.472Z,buy,6.5e-06,200.0,0.0013
NAS/BTC,1643620663277,2022-01-31T09:17:43.277Z,buy,6.5e-06,224.0,0.0014559999999999998
NAS/BTC,1643620663277,2022-01-31T09:17:43.277Z,buy,6.5e-06,224.0,0.0014559999999999998
NAS/BTC,1643621031194,2022-01-31T09:23:51.194Z,buy,6.5e-06,85.0,0.0005524999999999999
NAS/BTC,1643621323576,2022-01-31T09:28:43.576Z,sell,6.4e-06,36.0,0.0002304
NAS/BTC,1643621474166,2022-01-31T09:31:14.166Z,buy,6.5e-06,84.0,0.0005459999999999999
NAS/BTC,1643621641249,2022-01-31T09:34:01.249Z,sell,6.4e-06,23.0,0.0001472
NAS/BTC,1643622017714,2022-01-31T09:40:17.714Z,buy,6.5e-06,108.0,0.0007019999999999999
NAS/BTC,1643622449774,2022-01-31T09:47:29.774Z,sell,6.4e-06,20.0,0.000128
NAS/BTC,1643622767308,2022-01-31T09:52:47.308Z,sell,6.4e-06,38.0,0.0002432
NAS/BTC,1643623150838,2022-01-31T09:59:10.838Z,buy,6.5e-06,125.0,0.0008125
NAS/BTC,1643623398024,2022-01-31T10:03:18.024Z,buy,6.5e-06,20.0,0.00013
NAS/BTC,1643623444955,2022-01-31T10:04:04.955Z,sell,6.4e-06,26.0,0.00016639999999999998
NAS/BTC,1643623566496,2022-01-31T10:06:06.496Z,sell,6.4e-06,39.0,0.0002496
NAS/BTC,1643623883865,2022-01-31T10:11:23.865Z,buy,6.5e-06,222.0,0.0014429999999999998
NAS/BTC,1643624179596,2022-01-31T10:16:19.596Z,buy,6.5e-06,28.0,0.00018199999999999998
NAS/BTC,1643624179596,2022-01-31T10:16:19.596Z,buy,6.5e-06,28.0,0.00018199999999999998
NAS/BTC,1643624290542,2022-01-31T10:18:10.542Z,sell,6.4e-06,32.0,0.0002048
NAS/BTC,1643624662694,2022-01-31T10:24:22.694Z,buy,6.5e-06,99.0,0.0006435
NAS/BTC,1643624986602,2022-01-31T10:29:46.602Z,buy,6.5e-06,118.0,0.000767
NAS/BTC,1643625323455,2022-01-31T10:35:23.455Z,buy,6.5e-06,177.0,0.0011504999999999998
NAS/BTC,1643625497606,2022-01-31T10:38:17.606Z,buy,6.5e-06,383.0,0.0024895
NAS/BTC,1643625636967,2022-01-31T10:40:36.967Z,sell,6.4e-06,27.0,0.0001728
NAS/BTC,1643625977045,2022-01-31T10:46:17.045Z,sell,6.4e-06,41.0,0.0002624
NAS/BTC,1643626338706,2022-01-31T10:52:18.706Z,buy,6.5e-06,130.0,0.0008449999999999999
NAS/BTC,1643626735231,2022-01-31T10:58:55.231Z,buy,6.5e-06,170.0,0.0011049999999999999
NAS/BTC,1643627079708,2022-01-31T11:04:39.708Z,buy,6.5e-06,141.0,0.0009165
NAS/BTC,1643627427337,2022-01-31T11:10:27.337Z,buy,6.5e-06,105.0,0.0006825
NAS/BTC,1643627699049,2022-01-31T11:14:59.049Z,buy,6.5e-06,134.0,0.0008709999999999999
NAS/BTC,1643627699049,2022-01-31T11:14:59.049Z,buy,6.5e-06,134.0,0.0008709999999999999
NAS/BTC,1643628023766,2022-01-31T11:20:23.766Z,sell,6.4e-06,38.0,0.0002432
NAS/BTC,1643628471817,2022-01-31T11:27:51.817Z,buy,6.5e-06,194.0,0.001261
NAS/BTC,1643628901628,2022-01-31T11:35:01.628Z,sell,6.4e-06,39.0,0.0002496
NAS/BTC,1643628901761,2022-01-31T11:35:01.761Z,sell,6.4e-06,401.0,0.0025664
NAS/BTC,1643629206351,2022-01-31T11:40:06.351Z,buy,6.5e-06,120.0,0.00078
NAS/BTC,1643629467173,2022-01-31T11:44:27.173Z,sell,6.4e-06,215.0,0.0013759999999999998
NAS/BTC,1643629614361,2022-01-31T11:46:54.361Z,sell,6.4e-06,44.0,0.0002816
NAS/BTC,1643629990907,2022-01-31T11:53:10.907Z,buy,6.5e-06,83.0,0.0005394999999999999
NAS/BTC,1643630297693,2022-01-31T11:58:17.693Z,buy,6.5e-06,533.0,0.0034644999999999997
NAS/BTC,1643630353983,2022-01-31T11:59:13.983Z,buy,6.5e-06,167.0,0.0010854999999999999
NAS/BTC,1643630732724,2022-01-31T12:05:32.724Z,buy,6.5e-06,119.0,0.0007735
NAS/BTC,1643630799136,2022-01-31T12:06:39.136Z,buy,6.5e-06,48.0,0.000312
NAS/BTC,1643631068091,2022-01-31T12:11:08.091Z,buy,6.5e-06,99.0,0.0006435
NAS/BTC,1643631068091,2022-01-31T12:11:08.091Z,buy,6.5e-06,99.0,0.0006435
NAS/BTC,1643631386225,2022-01-31T12:16:26.225Z,buy,6.5e-06,126.0,0.000819
NAS/BTC,1643631705384,2022-01-31T12:21:45.384Z,buy,6.5e-06,207.0,0.0013455
NAS/BTC,1643631730290,2022-01-31T12:22:10.290Z,buy,6.5e-06,208.0,0.001352
NAS/BTC,1643632111683,2022-01-31T12:28:31.683Z,buy,6.5e-06,82.0,0.0005329999999999999
NAS/BTC,1643632394305,2022-01-31T12:33:14.305Z,buy,6.5e-06,30.0,0.000195
NAS/BTC,1643632449881,2022-01-31T12:34:09.881Z,buy,6.5e-06,156.0,0.001014
NAS/BTC,1643632768781,2022-01-31T12:39:28.781Z,sell,6.4e-06,45.0,0.000288
NAS/BTC,1643632877303,2022-01-31T12:41:17.303Z,buy,6.5e-06,78.0,0.000507
NAS/BTC,1643633211836,2022-01-31T12:46:51.836Z,sell,6.4e-06,150.0,0.0009599999999999999
NAS/BTC,1643633270936,2022-01-31T12:47:50.936Z,sell,6.4e-06,44.0,0.0002816
NAS/BTC,1643633710187,2022-01-31T12:55:10.187Z,sell,6.4e-06,25.0,0.00015999999999999999
NAS/BTC,1643633712348,2022-01-31T12:55:12.348Z,sell,6.4e-06,568.0,0.0036352
NAS/BTC,1643633930407,2022-01-31T12:58:50.407Z,sell,6.4e-06,100.0,0.0006399999999999999
NAS/BTC,1643634035856,2022-01-31T13:00:35.856Z,sell,6.4e-06,46.0,0.0002944
NAS/BTC,1643634267765,2022-01-31T13:04:27.765Z,buy,6.5e-06,34.0,0.00022099999999999998
NAS/BTC,1643634441682,2022-01-31T13:07:21.682Z,buy,6.5e-06,174.0,0.0011309999999999998
NAS/BTC,1643634441682,2022-01-31T13:07:21.682Z,buy,6.5e-06,174.0,0.0011309999999999998
NAS/BTC,1643634783583,2022-01-31T13:13:03.583Z,sell,6.4e-06,1030.0,0.006592
NAS/BTC,1643634904569,2022-01-31T13:15:04.569Z,buy,6.5e-06,226.0,0.0014689999999999998
NAS/BTC,1643635275628,2022-01-31T13:21:15.628Z,buy,6.5e-06,90.0,0.000585
NAS/BTC,1643635682129,2022-01-31T13:28:02.129Z,buy,6.5e-06,229.0,0.0014884999999999998
NAS/BTC,1643636005109,2022-01-31T13:33:25.109Z,sell,6.4e-06,22.0,0.0001408
NAS/BTC,1643636255478,2022-01-31T13:37:35.478Z,sell,6.4e-06,312.0,0.0019968
NAS/BTC,1643636400123,2022-01-31T13:40:00.123Z,buy,6.5e-06,223.0,0.0014494999999999998
NAS/BTC,1643636810674,2022-01-31T13:46:50.674Z,buy,6.5e-06,96.0,0.000624
NAS/BTC,1643637137677,2022-01-31T13:52:17.677Z,buy,6.5e-06,101.0,0.0006565
NAS/BTC,1643637471868,2022-01-31T13:57:51.868Z,buy,6.5e-06,175.0,0.0011374999999999998
NAS/BTC,1643637857206,2022-01-31T14:04:17.206Z,buy,6.5e-06,177.0,0.0011504999999999998
NAS/BTC,1643637857206,2022-01-31T14:04:17.206Z,buy,6.5e-06,177.0,0.0011504999999999998
NAS/BTC,1643638277331,2022-01-31T14:11:17.331Z,buy,6.5e-06,162.0,0.001053
NAS/BTC,1643638635302,2022-01-31T14:17:15.302Z,sell,6.4e-06,30.0,0.000192
NAS/BTC,1643638934494,2022-01-31T14:22:14.494Z,sell,6.4e-06,33.0,0.00021119999999999998
NAS/BTC,1643639342237,2022-01-31T14:29:02.237Z,buy,6.5e-06,101.0,0.0006565
NAS/BTC,1643639346961,2022-01-31T14:29:06.961Z,sell,6.4e-06,30.0,0.000192
NAS/BTC,1643639718666,2022-01-31T14:35:18.666Z,sell,6.4e-06,44.0,0.0002816
NAS/BTC,1643640118257,2022-01-31T14:41:58.257Z,buy,6.5e-06,150.0,0.000975
NAS/BTC,1643640455745,2022-01-31T14:47:35.745Z,sell,6.4e-06,41.0,0.0002624
NAS/BTC,1643640766139,2022-01-31T14:52:46.139Z,buy,6.5e-06,229.0,0.0014884999999999998
NAS/BTC,1643641084720,2022-01-31T14:58:04.720Z,sell,6.4e-06,17.0,0.00010879999999999999
NAS/BTC,1643641417509,2022-01-31T15:03:37.509Z,buy,6.5e-06,178.0,0.0011569999999999998
NAS/BTC,1643641424805,2022-01-31T15:03:44.805Z,buy,6.5e-06,16.0,0.000104
NAS/BTC,1643641424805,2022-01-31T15:03:44.805Z,buy,6.5e-06,16.0,0.000104
NAS/BTC,1643641480435,2022-01-31T15:04:40.435Z,buy,6.5e-06,49.0,0.0003185
NAS/BTC,1643641782264,2022-01-31T15:09:42.264Z,buy,6.5e-06,132.0,0.0008579999999999999
NAS/BTC,1643642131247,2022-01-31T15:15:31.247Z,buy,6.5e-06,116.0,0.000754
NAS/BTC,1643642179540,2022-01-31T15:16:19.540Z,buy,6.5e-06,58.0,0.000377
NAS/BTC,1643642308283,2022-01-31T15:18:28.283Z,buy,6.5e-06,307.0,0.0019955
NAS/BTC,1643642338808,2022-01-31T15:18:58.808Z,buy,6.5e-06,58.0,0.000377
NAS/BTC,1643642339449,2022-01-31T15:18:59.449Z,sell,6.4e-06,58.0,0.00037119999999999997
NAS/BTC,1643642393307,2022-01-31T15:19:53.307Z,buy,6.5e-06,1395.0,0.0090675
NAS/BTC,1643642393307,2022-01-31T15:19:53.307Z,buy,6.6e-06,834.0,0.0055044000000000004
NAS/BTC,1643642529645,2022-01-31T15:22:09.645Z,sell,6.5e-06,169.0,0.0010984999999999999
NAS/BTC,1643642636623,2022-01-31T15:23:56.623Z,sell,6.5e-06,31.0,0.0002015
NAS/BTC,1643642662370,2022-01-31T15:24:22.370Z,sell,6.5e-06,484.0,0.003146
NAS/BTC,1643642662460,2022-01-31T15:24:22.460Z,sell,6.5e-06,303.0,0.0019695
NAS/BTC,1643642757177,2022-01-31T15:25:57.177Z,sell,6.5e-06,186.0,0.001209
NAS/BTC,1643642757724,2022-01-31T15:25:57.724Z,sell,6.5e-06,4685.0,0.030452499999999997
NAS/BTC,1643642867511,2022-01-31T15:27:47.511Z,sell,6.5e-06,77.0,0.0005005
NAS/BTC,1643643286690,2022-01-31T15:34:46.690Z,sell,6.5e-06,78.0,0.000507
NAS/BTC,1643643459862,2022-01-31T15:37:39.862Z,sell,6.5e-06,146.0,0.000949
NAS/BTC,1643643699152,2022-01-31T15:41:39.152Z,sell,6.4e-06,30.0,0.000192
NAS/BTC,1643643980494,2022-01-31T15:46:20.494Z,buy,6.5e-06,77.0,0.0005005
NAS/BTC,1643644026905,2022-01-31T15:47:06.905Z,buy,6.5e-06,177.0,0.0011504999999999998
NAS/BTC,1643644338357,2022-01-31T15:52:18.357Z,buy,6.5e-06,118.0,0.000767
NAS/BTC,1643644706785,2022-01-31T15:58:26.785Z,buy,6.5e-06,147.0,0.0009555
NAS/BTC,1643644781889,2022-01-31T15:59:41.889Z,buy,6.5e-06,721.0,0.0046865
NAS/BTC,1643644781889,2022-01-31T15:59:41.889Z,buy,6.5e-06,721.0,0.0046865
NAS/BTC,1643645061859,2022-01-31T16:04:21.859Z,sell,6.5e-06,121.0,0.0007865
NAS/BTC,1643645091231,2022-01-31T16:04:51.231Z,buy,6.6e-06,47.0,0.0003102
NAS/BTC,1643645108992,2022-01-31T16:05:08.992Z,buy,6.6e-06,39.0,0.0002574
NAS/BTC,1643645160116,2022-01-31T16:06:00.116Z,sell,6.5e-06,34.0,0.00022099999999999998
NAS/BTC,1643645333052,2022-01-31T16:08:53.052Z,sell,6.5e-06,44.0,0.00028599999999999996
NAS/BTC,1643645373328,2022-01-31T16:09:33.328Z,sell,6.5e-06,322.0,0.002093
NAS/BTC,1643645448335,2022-01-31T16:10:48.335Z,sell,6.5e-06,103.0,0.0006695
NAS/BTC,1643645720166,2022-01-31T16:15:20.166Z,sell,6.5e-06,3715.0,0.0241475
NAS/BTC,1643645720593,2022-01-31T16:15:20.593Z,sell,6.5e-06,231.0,0.0015015
NAS/BTC,1643645720593,2022-01-31T16:15:20.593Z,sell,6.5e-06,567.0,0.0036855
NAS/BTC,1643645720593,2022-01-31T16:15:20.593Z,sell,6.4e-06,231.0,0.0014784
NAS/BTC,1643645797507,2022-01-31T16:16:37.507Z,sell,6.4e-06,24477.0,0.15665279999999998
NAS/BTC,1643645805272,2022-01-31T16:16:45.272Z,buy,6.5e-06,133.0,0.0008644999999999999
NAS/BTC,1643646062678,2022-01-31T16:21:02.678Z,buy,6.5e-06,82.0,0.0005329999999999999
NAS/BTC,1643646352213,2022-01-31T16:25:52.213Z,buy,6.5e-06,16.0,0.000104
NAS/BTC,1643646442689,2022-01-31T16:27:22.689Z,sell,6.4e-06,28.0,0.0001792
NAS/BTC,1643646592589,2022-01-31T16:29:52.589Z,sell,6.4e-06,72.0,0.0004608
NAS/BTC,1643646826073,2022-01-31T16:33:46.073Z,buy,6.5e-06,129.0,0.0008384999999999999
NAS/BTC,1643647185972,2022-01-31T16:39:45.972Z,buy,6.5e-06,97.0,0.0006305
NAS/BTC,1643647476632,2022-01-31T16:44:36.632Z,sell,6.4e-06,20.0,0.000128
NAS/BTC,1643647792610,2022-01-31T16:49:52.610Z,buy,6.5e-06,170.0,0.0011049999999999999
NAS/BTC,1643648085377,2022-01-31T16:54:45.377Z,sell,6.4e-06,1463.0,0.0093632
NAS/BTC,1643648191223,2022-01-31T16:56:31.223Z,sell,6.4e-06,45.0,0.000288
NAS/BTC,1643648191223,2022-01-31T16:56:31.223Z,sell,6.4e-06,45.0,0.000288
NAS/BTC,1643648503247,2022-01-31T17:01:43.247Z,buy,6.5e-06,124.0,0.000806
NAS/BTC,1643648563632,2022-01-31T17:02:43.632Z,buy,6.5e-06,157.0,0.0010205
NAS/BTC,1643648678287,2022-01-31T17:04:38.287Z,buy,6.5e-06,31.0,0.0002015
NAS/BTC,1643648761387,2022-01-31T17:06:01.387Z,buy,6.5e-06,30.0,0.000195
NAS/BTC,1643648891637,2022-01-31T17:08:11.637Z,sell,6.4e-06,30.0,0.000192
NAS/BTC,1643649315930,2022-01-31T17:15:15.930Z,buy,6.5e-06,175.0,0.0011374999999999998
NAS/BTC,1643649551192,2022-01-31T17:19:11.192Z,buy,6.5e-06,1650.0,0.010725
NAS/BTC,1643649551198,2022-01-31T17:19:11.198Z,sell,6.5e-06,3333.0,0.0216645
NAS/BTC,1643649551198,2022-01-31T17:19:11.198Z,sell,6.5e-06,3333.0,0.0216645
NAS/BTC,1643649551204,2022-01-31T17:19:11.204Z,sell,6.5e-06,209.0,0.0013585
NAS/BTC,1643649551219,2022-01-31T17:19:11.219Z,sell,6.5e-06,1196.0,0.007774
NAS/BTC,1643649551226,2022-01-31T17:19:11.226Z,sell,6.5e-06,362.0,0.002353
NAS/BTC,1643649551242,2022-01-31T17:19:11.242Z,sell,6.5e-06,696.0,0.004523999999999999
NAS/BTC,1643649551246,2022-01-31T17:19:11.246Z,sell,6.5e-06,646.0,0.004199
NAS/BTC,1643649551266,2022-01-31T17:19:11.266Z,sell,6.5e-06,5940.0,0.03861
NAS/BTC,1643649551332,2022-01-31T17:19:11.332Z,sell,6.5e-06,5940.0,0.03861
NAS/BTC,1643649657849,2022-01-31T17:20:57.849Z,sell,6.5e-06,84.0,0.0005459999999999999
NAS/BTC,1643649814199,2022-01-31T17:23:34.199Z,buy,6.6e-06,113.0,0.0007458
NAS/BTC,1643649939326,2022-01-31T17:25:39.326Z,sell,6.5e-06,2226.0,0.014469
NAS/BTC,1643649999927,2022-01-31T17:26:39.927Z,sell,6.5e-06,99.0,0.0006435
NAS/BTC,1643650424989,2022-01-31T17:33:44.989Z,sell,6.5e-06,221.0,0.0014364999999999998
NAS/BTC,1643650527794,2022-01-31T17:35:27.794Z,sell,6.5e-06,238.0,0.001547
NAS/BTC,1643650730874,2022-01-31T17:38:50.874Z,sell,6.5e-06,155.0,0.0010075
NAS/BTC,1643650973923,2022-01-31T17:42:53.923Z,sell,6.5e-06,29.0,0.0001885
NAS/BTC,1643651076214,2022-01-31T17:44:36.214Z,sell,6.5e-06,154.0,0.001001
NAS/BTC,1643651087950,2022-01-31T17:44:47.950Z,sell,6.5e-06,3064.0,0.019916
NAS/BTC,1643651520786,2022-01-31T17:52:00.786Z,sell,6.5e-06,230.0,0.0014949999999999998
NAS/BTC,1643651617635,2022-01-31T17:53:37.635Z,sell,6.5e-06,348.0,0.0022619999999999997
NAS/BTC,1643651617635,2022-01-31T17:53:37.635Z,sell,6.5e-06,348.0,0.0022619999999999997
NAS/BTC,1643651848696,2022-01-31T17:57:28.696Z,sell,6.5e-06,1737.0,0.011290499999999998
NAS/BTC,1643651925329,2022-01-31T17:58:45.329Z,sell,6.5e-06,110.0,0.0007149999999999999
NAS/BTC,1643652002611,2022-01-31T18:00:02.611Z,buy,6.6e-06,439.0,0.0028974
NAS/BTC,1643652122566,2022-01-31T18:02:02.566Z,buy,6.6e-06,1342.0,0.0088572
NAS/BTC,1643652225743,2022-01-31T18:03:45.743Z,sell,6.5e-06,101.0,0.0006565
NAS/BTC,1643652361697,2022-01-31T18:06:01.697Z,sell,6.5e-06,189.0,0.0012285
NAS/BTC,1643652534401,2022-01-31T18:08:54.401Z,sell,6.5e-06,3171.0,0.020611499999999998
NAS/BTC,1643652756352,2022-01-31T18:12:36.352Z,sell,6.5e-06,127.0,0.0008255
NAS/BTC,1643652923114,2022-01-31T18:15:23.114Z,sell,6.5e-06,895.0,0.0058175
NAS/BTC,1643653164321,2022-01-31T18:19:24.321Z,sell,6.5e-06,97.0,0.0006305
NAS/BTC,1643653534738,2022-01-31T18:25:34.738Z,sell,6.5e-06,173.0,0.0011244999999999998
NAS/BTC,1643653743296,2022-01-31T18:29:03.296Z,sell,6.5e-06,4984.0,0.032396
NAS/BTC,1643653835110,2022-01-31T18:30:35.110Z,sell,6.5e-06,39.0,0.0002535
NAS/BTC,1643653873045,2022-01-31T18:31:13.045Z,sell,6.5e-06,1029.0,0.0066885
NAS/BTC,1643653891808,2022-01-31T18:31:31.808Z,sell,6.5e-06,4988.0,0.032422
NAS/BTC,1643653901263,2022-01-31T18:31:41.263Z,sell,6.5e-06,161.0,0.0010465
NAS/BTC,1643653914619,2022-01-31T18:31:54.619Z,sell,6.5e-06,308.0,0.002002
NAS/BTC,1643653914690,2022-01-31T18:31:54.690Z,sell,6.5e-06,406.0,0.002639
NAS/BTC,1643653915438,2022-01-31T18:31:55.438Z,sell,6.5e-06,520.0,0.0033799999999999998
NAS/BTC,1643653915497,2022-01-31T18:31:55.497Z,sell,6.5e-06,122.0,0.000793
NAS/BTC,1643654214767,2022-01-31T18:36:54.767Z,sell,6.5e-06,248.0,0.001612
NAS/BTC,1643654250318,2022-01-31T18:37:30.318Z,sell,6.5e-06,108.0,0.0007019999999999999
NAS/BTC,1643654598707,2022-01-31T18:43:18.707Z,sell,6.5e-06,208.0,0.001352
NAS/BTC,1643655009697,2022-01-31T18:50:09.697Z,sell,6.5e-06,96.0,0.000624
NAS/BTC,1643655009697,2022-01-31T18:50:09.697Z,sell,6.5e-06,96.0,0.000624
NAS/BTC,1643655237495,2022-01-31T18:53:57.495Z,sell,6.5e-06,212.0,0.0013779999999999999
NAS/BTC,1643655337323,2022-01-31T18:55:37.323Z,sell,6.5e-06,1557.0,0.0101205
NAS/BTC,1643655573046,2022-01-31T18:59:33.046Z,sell,6.5e-06,188.0,0.001222
NAS/BTC,1643655576308,2022-01-31T18:59:36.308Z,sell,6.5e-06,279.0,0.0018134999999999998
NAS/BTC,1643655576584,2022-01-31T18:59:36.584Z,sell,6.5e-06,519.0,0.0033734999999999998
NAS/BTC,1643655576763,2022-01-31T18:59:36.763Z,sell,6.5e-06,519.0,0.0033734999999999998
NAS/BTC,1643655576900,2022-01-31T18:59:36.900Z,sell,6.5e-06,518.0,0.0033669999999999998
NAS/BTC,1643655580174,2022-01-31T18:59:40.174Z,sell,6.5e-06,519.0,0.0033734999999999998
NAS/BTC,1643655597432,2022-01-31T18:59:57.432Z,sell,6.5e-06,519.0,0.0033734999999999998
NAS/BTC,1643655597489,2022-01-31T18:59:57.489Z,sell,6.5e-06,520.0,0.0033799999999999998
NAS/BTC,1643655598286,2022-01-31T18:59:58.286Z,sell,6.5e-06,485.0,0.0031525
NAS/BTC,1643655598336,2022-01-31T18:59:58.336Z,sell,6.5e-06,519.0,0.0033734999999999998
NAS/BTC,1643655598399,2022-01-31T18:59:58.399Z,sell,6.5e-06,520.0,0.0033799999999999998
NAS/BTC,1643655852241,2022-01-31T19:04:12.241Z,sell,6.5e-06,40.0,0.00026
NAS/BTC,1643655924694,2022-01-31T19:05:24.694Z,sell,6.5e-06,194.0,0.001261
NAS/BTC,1643656234270,2022-01-31T19:10:34.270Z,sell,6.5e-06,194.0,0.001261
NAS/BTC,1643656619411,2022-01-31T19:16:59.411Z,sell,6.5e-06,199.0,0.0012935
NAS/BTC,1643656695233,2022-01-31T19:18:15.233Z,buy,6.6e-06,97.0,0.0006402000000000001
NAS/BTC,1643656998953,2022-01-31T19:23:18.953Z,sell,6.5e-06,228.0,0.0014819999999999998
NAS/BTC,1643657286702,2022-01-31T19:28:06.702Z,sell,6.5e-06,91.0,0.0005915
NAS/BTC,1643657624994,2022-01-31T19:33:44.994Z,sell,6.5e-06,3966.0,0.025779
NAS/BTC,1643657625043,2022-01-31T19:33:45.043Z,sell,6.5e-06,3966.0,0.025779
NAS/BTC,1643657625259,2022-01-31T19:33:45.259Z,sell,6.5e-06,2052.0,0.013338
NAS/BTC,1643657637134,2022-01-31T19:33:57.134Z,sell,6.5e-06,227.0,0.0014754999999999998
NAS/BTC,1643657917893,2022-01-31T19:38:37.893Z,sell,6.5e-06,165.0,0.0010724999999999999
NAS/BTC,1643657997105,2022-01-31T19:39:57.105Z,sell,6.5e-06,93.0,0.0006045
NAS/BTC,1643658051089,2022-01-31T19:40:51.089Z,sell,6.5e-06,1178.0,0.007657
NAS/BTC,1643658369960,2022-01-31T19:46:09.960Z,sell,6.5e-06,132.0,0.0008579999999999999
NAS/BTC,1643658412903,2022-01-31T19:46:52.903Z,sell,6.5e-06,64.0,0.000416
NAS/BTC,1643658412903,2022-01-31T19:46:52.903Z,sell,6.5e-06,64.0,0.000416
NAS/BTC,1643658723542,2022-01-31T19:52:03.542Z,sell,6.5e-06,106.0,0.0006889999999999999
NAS/BTC,1643658741795,2022-01-31T19:52:21.795Z,sell,6.5e-06,189.0,0.0012285
NAS/BTC,1643658881265,2022-01-31T19:54:41.265Z,buy,6.6e-06,361.0,0.0023826
NAS/BTC,1643659122283,2022-01-31T19:58:42.283Z,sell,6.5e-06,211.0,0.0013714999999999999
NAS/BTC,1643659491043,2022-01-31T20:04:51.043Z,sell,6.5e-06,223.0,0.0014494999999999998
NAS/BTC,1643659777028,2022-01-31T20:09:37.028Z,sell,6.5e-06,4039.0,0.0262535
NAS/BTC,1643659806953,2022-01-31T20:10:06.953Z,sell,6.5e-06,198.0,0.001287
NAS/BTC,1643660204723,2022-01-31T20:16:44.723Z,sell,6.5e-06,212.0,0.0013779999999999999
NAS/BTC,1643660515116,2022-01-31T20:21:55.116Z,sell,6.5e-06,224.0,0.0014559999999999998
NAS/BTC,1643660857696,2022-01-31T20:27:37.696Z,sell,6.5e-06,134.0,0.0008709999999999999
NAS/BTC,1643661195163,2022-01-31T20:33:15.163Z,sell,6.5e-06,156.0,0.001014
NAS/BTC,1643661592369,2022-01-31T20:39:52.369Z,sell,6.5e-06,120.0,0.00078
NAS/BTC,1643661972078,2022-01-31T20:46:12.078Z,sell,6.5e-06,154.0,0.001001
NAS/BTC,1643661972078,2022-01-31T20:46:12.078Z,sell,6.5e-06,154.0,0.001001
NAS/BTC,1643662313495,2022-01-31T20:51:53.495Z,sell,6.5e-06,191.0,0.0012415
NAS/BTC,1643662683951,2022-01-31T20:58:03.951Z,sell,6.5e-06,80.0,0.00052
NAS/BTC,1643663042870,2022-01-31T21:04:02.870Z,sell,6.5e-06,166.0,0.0010789999999999999
NAS/BTC,1643663110173,2022-01-31T21:05:10.173Z,buy,6.6e-06,179.0,0.0011814
NAS/BTC,1643663448376,2022-01-31T21:10:48.376Z,sell,6.5e-06,104.0,0.000676
NAS/BTC,1643663704136,2022-01-31T21:15:04.136Z,sell,6.5e-06,230.0,0.0014949999999999998
NAS/BTC,1643663980837,2022-01-31T21:19:40.837Z,sell,6.5e-06,173.0,0.0011244999999999998
NAS/BTC,1643664308953,2022-01-31T21:25:08.953Z,sell,6.5e-06,218.0,0.0014169999999999999
NAS/BTC,1643664668062,2022-01-31T21:31:08.062Z,sell,6.5e-06,207.0,0.0013455
NAS/BTC,1643664963275,2022-01-31T21:36:03.275Z,sell,6.5e-06,113.0,0.0007344999999999999
NAS/BTC,1643664968439,2022-01-31T21:36:08.439Z,sell,6.5e-06,4910.0,0.031915
NAS/BTC,1643665295466,2022-01-31T21:41:35.466Z,sell,6.5e-06,82.0,0.0005329999999999999
NAS/BTC,1643665295466,2022-01-31T21:41:35.466Z,sell,6.5e-06,82.0,0.0005329999999999999
NAS/BTC,1643665625544,2022-01-31T21:47:05.544Z,sell,6.5e-06,115.0,0.0007474999999999999
NAS/BTC,1643665681365,2022-01-31T21:48:01.365Z,sell,6.5e-06,1150.0,0.007475
NAS/BTC,1643665904423,2022-01-31T21:51:44.423Z,buy,6.6e-06,116.0,0.0007656000000000001
NAS/BTC,1643666045507,2022-01-31T21:54:05.507Z,sell,6.5e-06,140.0,0.0009099999999999999
NAS/BTC,1643666422854,2022-01-31T22:00:22.854Z,sell,6.5e-06,181.0,0.0011765
NAS/BTC,1643666687119,2022-01-31T22:04:47.119Z,buy,6.6e-06,57.0,0.00037620000000000004
NAS/BTC,1643666784996,2022-01-31T22:06:24.996Z,sell,6.5e-06,222.0,0.0014429999999999998
NAS/BTC,1643667128195,2022-01-31T22:12:08.195Z,sell,6.5e-06,137.0,0.0008904999999999999
NAS/BTC,1643667444986,2022-01-31T22:17:24.986Z,sell,6.5e-06,82.0,0.0005329999999999999
NAS/BTC,1643667767409,2022-01-31T22:22:47.409Z,sell,6.5e-06,127.0,0.0008255
NAS/BTC,1643668132496,2022-01-31T22:28:52.496Z,sell,6.5e-06,175.0,0.0011374999999999998
NAS/BTC,1643668532247,2022-01-31T22:35:32.247Z,sell,6.5e-06,218.0,0.0014169999999999999
NAS/BTC,1643668843047,2022-01-31T22:40:43.047Z,sell,6.5e-06,88.0,0.0005719999999999999
NAS/BTC,1643668843047,2022-01-31T22:40:43.047Z,sell,6.5e-06,88.0,0.0005719999999999999
NAS/BTC,1643669231895,2022-01-31T22:47:11.895Z,sell,6.5e-06,139.0,0.0009034999999999999
NAS/BTC,1643669645158,2022-01-31T22:54:05.158Z,sell,6.5e-06,120.0,0.00078
NAS/BTC,1643670031228,2022-01-31T23:00:31.228Z,sell,6.5e-06,129.0,0.0008384999999999999
NAS/BTC,1643670401562,2022-01-31T23:06:41.562Z,sell,6.5e-06,220.0,0.0014299999999999998
NAS/BTC,1643670430647,2022-01-31T23:07:10.647Z,sell,6.5e-06,130.0,0.0008449999999999999
NAS/BTC,1643670701381,2022-01-31T23:11:41.381Z,sell,6.5e-06,137.0,0.0008904999999999999
NAS/BTC,1643671045995,2022-01-31T23:17:25.995Z,sell,6.5e-06,77.0,0.0005005
NAS/BTC,1643671388188,2022-01-31T23:23:08.188Z,sell,6.5e-06,102.0,0.000663
NAS/BTC,1643671751239,2022-01-31T23:29:11.239Z,sell,6.5e-06,226.0,0.0014689999999999998
NAS/BTC,1643672024841,2022-01-31T23:33:44.841Z,buy,6.6e-06,100.0,0.00066
NAS/BTC,1643672093273,2022-01-31T23:34:53.273Z,sell,6.5e-06,142.0,0.000923
NAS/BTC,1643672093273,2022-01-31T23:34:53.273Z,sell,6.5e-06,142.0,0.000923
NAS/BTC,1643672539154,2022-01-31T23:42:19.154Z,sell,6.5e-06,107.0,0.0006954999999999999
NAS/BTC,1643672945028,2022-01-31T23:49:05.028Z,sell,6.5e-06,129.0,0.0008384999999999999
NAS/BTC,1643672955508,2022-01-31T23:49:15.508Z,buy,6.6e-06,100.0,0.00066
NAS/BTC,1643673258896,2022-01-31T23:54:18.896Z,sell,6.5e-06,155.0,0.0010075
NAS/BTC,1643673263895,2022-01-31T23:54:23.895Z,sell,6.5e-06,1731.0,0.0112515
NAS/BTC,1643673655523,2022-02-01T00:00:55.523Z,sell,6.5e-06,134.0,0.0008709999999999999
NAS/BTC,1643673955241,2022-02-01T00:05:55.241Z,sell,6.5e-06,176.0,0.0011439999999999998
NAS/BTC,1643674339947,2022-02-01T00:12:19.947Z,sell,6.5e-06,192.0,0.001248
NAS/BTC,1643674688185,2022-02-01T00:18:08.185Z,sell,6.5e-06,103.0,0.0006695
NAS/BTC,1643675054984,2022-02-01T00:24:14.984Z,sell,6.5e-06,113.0,0.0007344999999999999
NAS/BTC,1643675076718,2022-02-01T00:24:36.718Z,sell,6.5e-06,452.0,0.0029379999999999996
NAS/BTC,1643675392023,2022-02-01T00:29:52.023Z,sell,6.5e-06,163.0,0.0010595
NAS/BTC,1643675392023,2022-02-01T00:29:52.023Z,sell,6.5e-06,163.0,0.0010595
NAS/BTC,1643675743198,2022-02-01T00:35:43.198Z,sell,6.5e-06,173.0,0.0011244999999999998
NAS/BTC,1643675771585,2022-02-01T00:36:11.585Z,sell,6.5e-06,20.0,0.00013
NAS/BTC,1643676011828,2022-02-01T00:40:11.828Z,sell,6.5e-06,130.0,0.0008449999999999999
NAS/BTC,1643676386278,2022-02-01T00:46:26.278Z,sell,6.5e-06,152.0,0.000988
NAS/BTC,1643676813716,2022-02-01T00:53:33.716Z,sell,6.5e-06,77.0,0.0005005
NAS/BTC,1643676913116,2022-02-01T00:55:13.116Z,buy,6.6e-06,10010.0,0.066066
NAS/BTC,1643677170488,2022-02-01T00:59:30.488Z,sell,6.5e-06,127.0,0.0008255
NAS/BTC,1643677487195,2022-02-01T01:04:47.195Z,buy,6.6e-06,64.0,0.0004224
NAS/BTC,1643677526477,2022-02-01T01:05:26.477Z,sell,6.5e-06,194.0,0.001261
NAS/BTC,1643677851112,2022-02-01T01:10:51.112Z,sell,6.5e-06,133.0,0.0008644999999999999
NAS/BTC,1643678137706,2022-02-01T01:15:37.706Z,buy,6.6e-06,97.0,0.0006402000000000001
NAS/BTC,1643678170497,2022-02-01T01:16:10.497Z,sell,6.5e-06,95.0,0.0006175
NAS/BTC,1643678316404,2022-02-01T01:18:36.404Z,buy,6.6e-06,393.0,0.0025938000000000003
NAS/BTC,1643678468956,2022-02-01T01:21:08.956Z,sell,6.5e-06,82.0,0.0005329999999999999
NAS/BTC,1643678537238,2022-02-01T01:22:17.238Z,buy,6.6e-06,2772.0,0.0182952
NAS/BTC,1643678623219,2022-02-01T01:23:43.219Z,buy,6.6e-06,4161.0,0.0274626
NAS/BTC,1643678687134,2022-02-01T01:24:47.134Z,buy,6.6e-06,3121.0,0.0205986
NAS/BTC,1643678829829,2022-02-01T01:27:09.829Z,sell,6.5e-06,226.0,0.0014689999999999998
NAS/BTC,1643678832464,2022-02-01T01:27:12.464Z,buy,6.6e-06,62.0,0.0004092
NAS/BTC,1643678962913,2022-02-01T01:29:22.913Z,buy,6.6e-06,25.0,0.000165
NAS/BTC,1643678962913,2022-02-01T01:29:22.913Z,buy,6.6e-06,25.0,0.000165
NAS/BTC,1643679181633,2022-02-01T01:33:01.633Z,sell,6.5e-06,181.0,0.0011765
NAS/BTC,1643679339287,2022-02-01T01:35:39.287Z,buy,6.6e-06,1683.0,0.011107800000000001
NAS/BTC,1643679579422,2022-02-01T01:39:39.422Z,sell,6.5e-06,160.0,0.00104
NAS/BTC,1643679661703,2022-02-01T01:41:01.703Z,buy,6.6e-06,562.0,0.0037092
NAS/BTC,1643679788985,2022-02-01T01:43:08.985Z,buy,6.6e-06,105.0,0.000693
NAS/BTC,1643679789011,2022-02-01T01:43:09.011Z,sell,6.6e-06,383.0,0.0025278
NAS/BTC,1643679789018,2022-02-01T01:43:09.018Z,sell,6.6e-06,212.0,0.0013992
NAS/BTC,1643679807691,2022-02-01T01:43:27.691Z,sell,6.6e-06,315.0,0.002079
NAS/BTC,1643679845309,2022-02-01T01:44:05.309Z,sell,6.6e-06,147.0,0.0009702000000000001
NAS/BTC,1643679904551,2022-02-01T01:45:04.551Z,sell,6.6e-06,131.0,0.0008646000000000001
NAS/BTC,1643679910735,2022-02-01T01:45:10.735Z,sell,6.6e-06,55.0,0.00036300000000000004
NAS/BTC,1643679960021,2022-02-01T01:46:00.021Z,sell,6.6e-06,873.0,0.0057618
NAS/BTC,1643680231260,2022-02-01T01:50:31.260Z,sell,6.6e-06,94.0,0.0006204
NAS/BTC,1643680231282,2022-02-01T01:50:31.282Z,sell,6.6e-06,285.0,0.001881
NAS/BTC,1643680294165,2022-02-01T01:51:34.165Z,sell,6.6e-06,1612.0,0.0106392
NAS/BTC,1643680294165,2022-02-01T01:51:34.165Z,sell,6.5e-06,331.0,0.0021514999999999998
NAS/BTC,1643680443985,2022-02-01T01:54:03.985Z,sell,6.6e-06,798.0,0.0052668
NAS/BTC,1643680443985,2022-02-01T01:54:03.985Z,sell,6.5e-06,295.0,0.0019175
NAS/BTC,1643680694639,2022-02-01T01:58:14.639Z,sell,6.5e-06,55.0,0.00035749999999999996
NAS/BTC,1643680696840,2022-02-01T01:58:16.840Z,sell,6.5e-06,109.0,0.0007084999999999999
NAS/BTC,1643680980289,2022-02-01T02:03:00.289Z,sell,6.5e-06,100.0,0.00065
NAS/BTC,1643681087340,2022-02-01T02:04:47.340Z,buy,6.6e-06,72.0,0.0004752
NAS/BTC,1643681301606,2022-02-01T02:08:21.606Z,sell,6.5e-06,203.0,0.0013195
NAS/BTC,1643681614036,2022-02-01T02:13:34.036Z,sell,6.5e-06,205.0,0.0013325
NAS/BTC,1643681779252,2022-02-01T02:16:19.252Z,sell,6.5e-06,42.0,0.00027299999999999997
NAS/BTC,1643681907055,2022-02-01T02:18:27.055Z,sell,6.5e-06,177.0,0.0011504999999999998
NAS/BTC,1643682218642,2022-02-01T02:23:38.642Z,sell,6.5e-06,150.0,0.000975
NAS/BTC,1643682256941,2022-02-01T02:24:16.941Z,sell,6.5e-06,3032.0,0.019708
NAS/BTC,1643682364114,2022-02-01T02:26:04.114Z,sell,6.5e-06,469.0,0.0030485
NAS/BTC,1643682364114,2022-02-01T02:26:04.114Z,sell,6.5e-06,469.0,0.0030485
NAS/BTC,1643682572512,2022-02-01T02:29:32.512Z,sell,6.5e-06,154.0,0.001001
NAS/BTC,1643682896024,2022-02-01T02:34:56.024Z,sell,6.5e-06,118.0,0.000767
NAS/BTC,1643683171135,2022-02-01T02:39:31.135Z,buy,6.6e-06,374.0,0.0024684
NAS/BTC,1643683241320,2022-02-01T02:40:41.320Z,sell,6.5e-06,187.0,0.0012155
NAS/BTC,1643683638748,2022-02-01T02:47:18.748Z,sell,6.5e-06,198.0,0.001287
NAS/BTC,1643683649426,2022-02-01T02:47:29.426Z,sell,6.5e-06,4060.0,0.026389999999999997
NAS/BTC,1643683653010,2022-02-01T02:47:33.010Z,sell,6.5e-06,3046.0,0.019798999999999997
NAS/BTC,1643683794360,2022-02-01T02:49:54.360Z,sell,6.5e-06,1015.0,0.006597499999999999
NAS/BTC,1643683925781,2022-02-01T02:52:05.781Z,sell,6.5e-06,290.0,0.001885
NAS/BTC,1643683929536,2022-02-01T02:52:09.536Z,sell,6.5e-06,70.0,0.00045499999999999995
NAS/BTC,1643683955539,2022-02-01T02:52:35.539Z,sell,6.5e-06,78.0,0.000507
NAS/BTC,1643684319844,2022-02-01T02:58:39.844Z,sell,6.5e-06,82.0,0.0005329999999999999
NAS/BTC,1643684644637,2022-02-01T03:04:04.637Z,sell,6.5e-06,98.0,0.000637
NAS/BTC,1643684656104,2022-02-01T03:04:16.104Z,sell,6.5e-06,26.0,0.000169
NAS/BTC,1643684942465,2022-02-01T03:09:02.465Z,buy,6.6e-06,255.0,0.001683
NAS/BTC,1643684949503,2022-02-01T03:09:09.503Z,buy,6.6e-06,16.0,0.0001056
NAS/BTC,1643684984609,2022-02-01T03:09:44.609Z,sell,6.5e-06,145.0,0.0009425
NAS/BTC,1643685321511,2022-02-01T03:15:21.511Z,sell,6.5e-06,157.0,0.0010205
NAS/BTC,1643685659440,2022-02-01T03:20:59.440Z,sell,6.5e-06,143.0,0.0009295
NAS/BTC,1643685659440,2022-02-01T03:20:59.440Z,sell,6.5e-06,143.0,0.0009295
NAS/BTC,1643686010559,2022-02-01T03:26:50.559Z,sell,6.5e-06,146.0,0.000949
NAS/BTC,1643686437091,2022-02-01T03:33:57.091Z,sell,6.5e-06,84.0,0.0005459999999999999
NAS/BTC,1643686896944,2022-02-01T03:41:36.944Z,sell,6.5e-06,131.0,0.0008514999999999999
NAS/BTC,1643687264222,2022-02-01T03:47:44.222Z,sell,6.5e-06,98.0,0.000637
NAS/BTC,1643687620580,2022-02-01T03:53:40.580Z,sell,6.5e-06,159.0,0.0010335
NAS/BTC,1643688050256,2022-02-01T04:00:50.256Z,sell,6.5e-06,137.0,0.0008904999999999999
NAS/BTC,1643688466929,2022-02-01T04:07:46.929Z,sell,6.5e-06,128.0,0.000832
NAS/BTC,1643688882876,2022-02-01T04:14:42.876Z,sell,6.5e-06,159.0,0.0010335
NAS/BTC,1643689166167,2022-02-01T04:19:26.167Z,sell,6.5e-06,150.0,0.000975
NAS/BTC,1643689166167,2022-02-01T04:19:26.167Z,sell,6.5e-06,150.0,0.000975
NAS/BTC,1643689555558,2022-02-01T04:25:55.558Z,sell,6.5e-06,117.0,0.0007605
NAS/BTC,1643689920295,2022-02-01T04:32:00.295Z,sell,6.5e-06,202.0,0.001313
NAS/BTC,1643690376304,2022-02-01T04:39:36.304Z,sell,6.5e-06,137.0,0.0008904999999999999
NAS/BTC,1643690757419,2022-02-01T04:45:57.419Z,sell,6.5e-06,82.0,0.0005329999999999999
NAS/BTC,1643691113144,2022-02-01T04:51:53.144Z,sell,6.5e-06,155.0,0.0010075
NAS/BTC,1643691376706,2022-02-01T04:56:16.706Z,sell,6.5e-06,148.0,0.000962
NAS/BTC,1643691756887,2022-02-01T05:02:36.887Z,sell,6.5e-06,145.0,0.0009425
NAS/BTC,1643691809600,2022-02-01T05:03:29.600Z,sell,6.5e-06,32069.0,0.20844849999999998
NAS/BTC,1643691809602,2022-02-01T05:03:29.602Z,sell,6.5e-06,514.0,0.003341
NAS/BTC,1643691809623,2022-02-01T05:03:29.623Z,sell,6.5e-06,1095.0,0.0071175
NAS/BTC,1643691881318,2022-02-01T05:04:41.318Z,buy,6.6e-06,87.0,0.0005742000000000001
NAS/BTC,1643692148168,2022-02-01T05:09:08.168Z,sell,6.5e-06,213.0,0.0013844999999999999
NAS/BTC,1643692231997,2022-02-01T05:10:31.997Z,sell,6.5e-06,16.0,0.000104
NAS/BTC,1643692537957,2022-02-01T05:15:37.957Z,sell,6.5e-06,178.0,0.0011569999999999998
NAS/BTC,1643692537957,2022-02-01T05:15:37.957Z,sell,6.5e-06,178.0,0.0011569999999999998
NAS/BTC,1643692822888,2022-02-01T05:20:22.888Z,sell,6.5e-06,93.0,0.0006045
NAS/BTC,1643693013035,2022-02-01T05:23:33.035Z,buy,6.6e-06,226.0,0.0014916
NAS/BTC,1643693134304,2022-02-01T05:25:34.304Z,sell,6.5e-06,135.0,0.0008774999999999999
NAS/BTC,1643693445933,2022-02-01T05:30:45.933Z,sell,6.5e-06,104.0,0.000676
NAS/BTC,1643693805951,2022-02-01T05:36:45.951Z,sell,6.5e-06,92.0,0.000598
NAS/BTC,1643694092295,2022-02-01T05:41:32.295Z,sell,6.5e-06,198.0,0.001287
NAS/BTC,1643694452395,2022-02-01T05:47:32.395Z,sell,6.5e-06,138.0,0.0008969999999999999
NAS/BTC,1643694869729,2022-02-01T05:54:29.729Z,sell,6.5e-06,107.0,0.0006954999999999999
NAS/BTC,1643695189032,2022-02-01T05:59:49.032Z,sell,6.5e-06,165.0,0.0010724999999999999
NAS/BTC,1643695489185,2022-02-01T06:04:49.185Z,buy,6.6e-06,56.0,0.00036960000000000004
NAS/BTC,1643695597968,2022-02-01T06:06:37.968Z,buy,6.6e-06,55.0,0.00036300000000000004
NAS/BTC,1643695599035,2022-02-01T06:06:39.035Z,sell,6.5e-06,171.0,0.0011114999999999999
NAS/BTC,1643695673710,2022-02-01T06:07:53.710Z,buy,6.6e-06,426.0,0.0028116
NAS/BTC,1643695936290,2022-02-01T06:12:16.290Z,sell,6.5e-06,130.0,0.0008449999999999999
NAS/BTC,1643695936290,2022-02-01T06:12:16.290Z,sell,6.5e-06,130.0,0.0008449999999999999
NAS/BTC,1643696294694,2022-02-01T06:18:14.694Z,sell,6.5e-06,181.0,0.0011765
NAS/BTC,1643696611274,2022-02-01T06:23:31.274Z,sell,6.5e-06,180.0,0.00117
NAS/BTC,1643696960434,2022-02-01T06:29:20.434Z,sell,6.5e-06,108.0,0.0007019999999999999
NAS/BTC,1643697322075,2022-02-01T06:35:22.075Z,sell,6.5e-06,220.0,0.0014299999999999998
NAS/BTC,1643697615744,2022-02-01T06:40:15.744Z,sell,6.5e-06,92.0,0.000598
NAS/BTC,1643697647428,2022-02-01T06:40:47.428Z,sell,6.5e-06,218.0,0.0014169999999999999
NAS/BTC,1643698027375,2022-02-01T06:47:07.375Z,sell,6.5e-06,154.0,0.001001
NAS/BTC,1643698317466,2022-02-01T06:51:57.466Z,sell,6.5e-06,84.0,0.0005459999999999999
NAS/BTC,1643698740144,2022-02-01T06:59:00.144Z,sell,6.5e-06,114.0,0.0007409999999999999
NAS/BTC,1643699060909,2022-02-01T07:04:20.909Z,buy,6.6e-06,21.0,0.0001386
NAS/BTC,1643699079272,2022-02-01T07:04:39.272Z,sell,6.5e-06,333.0,0.0021644999999999998
NAS/BTC,1643699103350,2022-02-01T07:05:03.350Z,sell,6.5e-06,271.0,0.0017614999999999998
NAS/BTC,1643699140470,2022-02-01T07:05:40.470Z,sell,6.5e-06,127.0,0.0008255
NAS/BTC,1643699428478,2022-02-01T07:10:28.478Z,sell,6.5e-06,156.0,0.001014
NAS/BTC,1643699428478,2022-02-01T07:10:28.478Z,sell,6.5e-06,156.0,0.001014
NAS/BTC,1643699729890,2022-02-01T07:15:29.890Z,sell,6.5e-06,178.0,0.0011569999999999998
NAS/BTC,1643700153662,2022-02-01T07:22:33.662Z,sell,6.5e-06,132.0,0.0008579999999999999
NAS/BTC,1643700525398,2022-02-01T07:28:45.398Z,sell,6.5e-06,179.0,0.0011634999999999998
NAS/BTC,1643700732315,2022-02-01T07:32:12.315Z,buy,6.6e-06,787.0,0.0051942
NAS/BTC,1643700874714,2022-02-01T07:34:34.714Z,sell,6.5e-06,182.0,0.001183
NAS/BTC,1643700898454,2022-02-01T07:34:58.454Z,buy,6.6e-06,788.0,0.0052008
NAS/BTC,1643701208267,2022-02-01T07:40:08.267Z,sell,6.5e-06,227.0,0.0014754999999999998
NAS/BTC,1643701597418,2022-02-01T07:46:37.418Z,sell,6.5e-06,164.0,0.0010659999999999999
NAS/BTC,1643701935375,2022-02-01T07:52:15.375Z,sell,6.5e-06,215.0,0.0013974999999999999
NAS/BTC,1643701968833,2022-02-01T07:52:48.833Z,buy,6.6e-06,666.0,0.0043956
NAS/BTC,1643701968833,2022-02-01T07:52:48.833Z,buy,6.7e-06,508.0,0.0034036
NAS/BTC,1643701968952,2022-02-01T07:52:48.952Z,buy,6.6e-06,393.0,0.0025938000000000003
NAS/BTC,1643701968952,2022-02-01T07:52:48.952Z,buy,6.6e-06,157.0,0.0010362000000000001
NAS/BTC,1643702241583,2022-02-01T07:57:21.583Z,sell,6.5e-06,147.0,0.0009555
NAS/BTC,1643702574973,2022-02-01T08:02:54.973Z,sell,6.5e-06,122.0,0.000793
NAS/BTC,1643702695045,2022-02-01T08:04:55.045Z,buy,6.6e-06,132.0,0.0008712
NAS/BTC,1643702951232,2022-02-01T08:09:11.232Z,sell,6.5e-06,139.0,0.0009034999999999999
NAS/BTC,1643702951232,2022-02-01T08:09:11.232Z,sell,6.5e-06,139.0,0.0009034999999999999
NAS/BTC,1643703359809,2022-02-01T08:15:59.809Z,sell,6.5e-06,202.0,0.001313
NAS/BTC,1643703799227,2022-02-01T08:23:19.227Z,sell,6.5e-06,147.0,0.0009555
NAS/BTC,1643704128292,2022-02-01T08:28:48.292Z,sell,6.5e-06,78.0,0.000507
NAS/BTC,1643704490923,2022-02-01T08:34:50.923Z,sell,6.5e-06,139.0,0.0009034999999999999
NAS/BTC,1643704919092,2022-02-01T08:41:59.092Z,sell,6.5e-06,154.0,0.001001
NAS/BTC,1643705060445,2022-02-01T08:44:20.445Z,sell,6.5e-06,19.0,0.0001235
NAS/BTC,1643705309283,2022-02-01T08:48:29.283Z,sell,6.5e-06,220.0,0.0014299999999999998
NAS/BTC,1643705686861,2022-02-01T08:54:46.861Z,sell,6.5e-06,99.0,0.0006435
NAS/BTC,1643705902274,2022-02-01T08:58:22.274Z,sell,6.5e-06,160.0,0.00104
NAS/BTC,1643705902331,2022-02-01T08:58:22.331Z,sell,6.5e-06,2450.0,0.015924999999999998
NAS/BTC,1643705904195,2022-02-01T08:58:24.195Z,sell,6.5e-06,760.0,0.00494
NAS/BTC,1643705909788,2022-02-01T08:58:29.788Z,sell,6.5e-06,3960.0,0.02574
NAS/BTC,1643705915318,2022-02-01T08:58:35.318Z,sell,6.5e-06,5010.0,0.032565
NAS/BTC,1643705942561,2022-02-01T08:59:02.561Z,buy,6.6e-06,418.0,0.0027588
NAS/BTC,1643705942634,2022-02-01T08:59:02.634Z,sell,6.6e-06,328.0,0.0021648
NAS/BTC,1643705942635,2022-02-01T08:59:02.635Z,sell,6.6e-06,328.0,0.0021648
NAS/BTC,1643705942637,2022-02-01T08:59:02.637Z,sell,6.6e-06,181.0,0.0011946
NAS/BTC,1643705942648,2022-02-01T08:59:02.648Z,sell,6.6e-06,77.0,0.0005082
NAS/BTC,1643705942726,2022-02-01T08:59:02.726Z,sell,6.6e-06,393.0,0.0025938000000000003
NAS/BTC,1643705943673,2022-02-01T08:59:03.673Z,sell,6.6e-06,10.0,6.6e-05
NAS/BTC,1643705943673,2022-02-01T08:59:03.673Z,sell,6.5e-06,372.0,0.002418
NAS/BTC,1643706103977,2022-02-01T09:01:43.977Z,sell,6.5e-06,131.0,0.0008514999999999999
NAS/BTC,1643706304664,2022-02-01T09:05:04.664Z,buy,6.6e-06,69.0,0.0004554
NAS/BTC,1643706493032,2022-02-01T09:08:13.032Z,sell,6.5e-06,87.0,0.0005654999999999999
NAS/BTC,1643706493032,2022-02-01T09:08:13.032Z,sell,6.5e-06,87.0,0.0005654999999999999
NAS/BTC,1643706758233,2022-02-01T09:12:38.233Z,sell,6.5e-06,765.0,0.0049724999999999995
NAS/BTC,1643706758254,2022-02-01T09:12:38.254Z,sell,6.5e-06,395.0,0.0025675
NAS/BTC,1643706863258,2022-02-01T09:14:23.258Z,sell,6.5e-06,579.0,0.0037635
NAS/BTC,1643706951402,2022-02-01T09:15:51.402Z,sell,6.5e-06,222.0,0.0014429999999999998
NAS/BTC,1643706951411,2022-02-01T09:15:51.411Z,sell,6.5e-06,1176.0,0.007644
NAS/BTC,1643707162952,2022-02-01T09:19:22.952Z,sell,6.5e-06,1080.0,0.007019999999999999
NAS/BTC,1643707209250,2022-02-01T09:20:09.250Z,buy,6.6e-06,6109.0,0.040319400000000005
NAS/BTC,1643707209255,2022-02-01T09:20:09.255Z,sell,6.6e-06,1369.0,0.0090354
NAS/BTC,1643707209280,2022-02-01T09:20:09.280Z,sell,6.5e-06,684.0,0.004445999999999999
NAS/BTC,1643707209379,2022-02-01T09:20:09.379Z,sell,6.5e-06,1159.0,0.007533499999999999
NAS/BTC,1643707209594,2022-02-01T09:20:09.594Z,sell,6.5e-06,457.0,0.0029704999999999996
NAS/BTC,1643707210289,2022-02-01T09:20:10.289Z,sell,6.5e-06,1313.0,0.008534499999999999
NAS/BTC,1643707213296,2022-02-01T09:20:13.296Z,sell,6.5e-06,437.0,0.0028404999999999997
NAS/BTC,1643707242072,2022-02-01T09:20:42.072Z,sell,6.5e-06,198.0,0.001287
NAS/BTC,1643707576455,2022-02-01T09:26:16.455Z,sell,6.5e-06,83.0,0.0005394999999999999
NAS/BTC,1643707918568,2022-02-01T09:31:58.568Z,sell,6.5e-06,7470.0,0.048554999999999994
NAS/BTC,1643707949688,2022-02-01T09:32:29.688Z,sell,6.5e-06,190.0,0.001235
NAS/BTC,1643708300725,2022-02-01T09:38:20.725Z,sell,6.5e-06,186.0,0.001209
NAS/BTC,1643708604277,2022-02-01T09:43:24.277Z,sell,6.5e-06,164.0,0.0010659999999999999
NAS/BTC,1643708606522,2022-02-01T09:43:26.522Z,sell,6.5e-06,100.0,0.00065
NAS/BTC,1643709019164,2022-02-01T09:50:19.164Z,sell,6.5e-06,203.0,0.0013195
NAS/BTC,1643709482837,2022-02-01T09:58:02.837Z,sell,6.5e-06,228.0,0.0014819999999999998
NAS/BTC,1643709595882,2022-02-01T09:59:55.882Z,sell,6.5e-06,1469.0,0.0095485
NAS/BTC,1643709709125,2022-02-01T10:01:49.125Z,sell,6.5e-06,5120.0,0.03328
NAS/BTC,1643709710528,2022-02-01T10:01:50.528Z,sell,6.5e-06,7619.0,0.0495235
NAS/BTC,1643709710537,2022-02-01T10:01:50.537Z,sell,6.5e-06,2374.0,0.015430999999999999
NAS/BTC,1643709861221,2022-02-01T10:04:21.221Z,buy,6.6e-06,16.0,0.0001056
NAS/BTC,1643709887976,2022-02-01T10:04:47.976Z,buy,6.6e-06,20.0,0.000132
NAS/BTC,1643709910330,2022-02-01T10:05:10.330Z,sell,6.5e-06,227.0,0.0014754999999999998
NAS/BTC,1643709910330,2022-02-01T10:05:10.330Z,sell,6.5e-06,227.0,0.0014754999999999998
NAS/BTC,1643710340614,2022-02-01T10:12:20.614Z,sell,6.5e-06,159.0,0.0010335
NAS/BTC,1643710423996,2022-02-01T10:13:43.996Z,buy,6.6e-06,32788.0,0.2164008
NAS/BTC,1643710424004,2022-02-01T10:13:44.004Z,sell,6.6e-06,6932.0,0.045751200000000006
NAS/BTC,1643710424013,2022-02-01T10:13:44.013Z,sell,6.6e-06,98.0,0.0006468
NAS/BTC,1643710424037,2022-02-01T10:13:44.037Z,sell,6.6e-06,10000.0,0.066
NAS/BTC,1643710424037,2022-02-01T10:13:44.037Z,sell,6.6e-06,7286.0,0.0480876
NAS/BTC,1643710424045,2022-02-01T10:13:44.045Z,sell,6.6e-06,931.0,0.0061446
NAS/BTC,1643710424046,2022-02-01T10:13:44.046Z,sell,6.6e-06,17659.0,0.11654940000000001
NAS/BTC,1643710424057,2022-02-01T10:13:44.057Z,sell,6.6e-06,5369.0,0.0354354
NAS/BTC,1643710424199,2022-02-01T10:13:44.199Z,sell,6.6e-06,354.0,0.0023364
NAS/BTC,1643710424233,2022-02-01T10:13:44.233Z,buy,6.7e-06,2270.0,0.015209
NAS/BTC,1643710424275,2022-02-01T10:13:44.275Z,sell,6.6e-06,175.0,0.001155
NAS/BTC,1643710424388,2022-02-01T10:13:44.388Z,buy,6.7e-06,120.0,0.000804
NAS/BTC,1643710424409,2022-02-01T10:13:44.409Z,buy,6.7e-06,2020.0,0.013534000000000001
NAS/BTC,1643710424432,2022-02-01T10:13:44.432Z,buy,6.7e-06,1010.0,0.0067670000000000004
NAS/BTC,1643710440994,2022-02-01T10:14:00.994Z,sell,6.6e-06,736.0,0.0048576
NAS/BTC,1643710447191,2022-02-01T10:14:07.191Z,sell,6.6e-06,20.0,0.000132
NAS/BTC,1643710469072,2022-02-01T10:14:29.072Z,sell,6.6e-06,48.0,0.0003168
NAS/BTC,1643710473151,2022-02-01T10:14:33.151Z,sell,6.6e-06,386.0,0.0025476
NAS/BTC,1643710605977,2022-02-01T10:16:45.977Z,sell,6.6e-06,1938.0,0.012790800000000001
NAS/BTC,1643710721215,2022-02-01T10:18:41.215Z,buy,6.7e-06,34.0,0.0002278
NAS/BTC,1643711122318,2022-02-01T10:25:22.318Z,buy,6.7e-06,83.0,0.0005561
NAS/BTC,1643711477763,2022-02-01T10:31:17.763Z,sell,6.6e-06,136.0,0.0008976
NAS/BTC,1643711508547,2022-02-01T10:31:48.547Z,buy,6.7e-06,166.0,0.0011122
NAS/BTC,1643711771330,2022-02-01T10:36:11.330Z,sell,6.6e-06,1110.0,0.007326
NAS/BTC,1643711889743,2022-02-01T10:38:09.743Z,buy,6.7e-06,143.0,0.0009581
NAS/BTC,1643712165436,2022-02-01T10:42:45.436Z,sell,6.6e-06,1250.0,0.00825
NAS/BTC,1643712287347,2022-02-01T10:44:47.347Z,buy,6.7e-06,220.0,0.001474
NAS/BTC,1643712542839,2022-02-01T10:49:02.839Z,sell,6.6e-06,519.0,0.0034254000000000003
NAS/BTC,1643712654319,2022-02-01T10:50:54.319Z,buy,6.7e-06,31.0,0.0002077
NAS/BTC,1643712875043,2022-02-01T10:54:35.043Z,sell,6.6e-06,338.0,0.0022308000000000002
NAS/BTC,1643712913025,2022-02-01T10:55:13.025Z,sell,6.6e-06,16000.0,0.1056
NAS/BTC,1643712963410,2022-02-01T10:56:03.410Z,buy,6.7e-06,26.0,0.0001742
NAS/BTC,1643713327431,2022-02-01T11:02:07.431Z,sell,6.6e-06,342.0,0.0022572
NAS/BTC,1643713364175,2022-02-01T11:02:44.175Z,buy,6.7e-06,206.0,0.0013802
NAS/BTC,1643713414377,2022-02-01T11:03:34.377Z,sell,6.6e-06,567.0,0.0037422
NAS/BTC,1643713414377,2022-02-01T11:03:34.377Z,sell,6.6e-06,567.0,0.0037422
NAS/BTC,1643713512012,2022-02-01T11:05:12.012Z,sell,6.6e-06,1270.0,0.008382
NAS/BTC,1643713601620,2022-02-01T11:06:41.620Z,buy,6.7e-06,45.0,0.0003015
NAS/BTC,1643713757488,2022-02-01T11:09:17.488Z,sell,6.6e-06,98.0,0.0006468
NAS/BTC,1643713896528,2022-02-01T11:11:36.528Z,sell,6.6e-06,19.0,0.0001254
NAS/BTC,1643714150436,2022-02-01T11:15:50.436Z,sell,6.6e-06,176.0,0.0011616
NAS/BTC,1643714218923,2022-02-01T11:16:58.923Z,sell,6.6e-06,1260.0,0.008316
NAS/BTC,1643714485266,2022-02-01T11:21:25.266Z,buy,6.7e-06,32.0,0.0002144
NAS/BTC,1643714518757,2022-02-01T11:21:58.757Z,sell,6.6e-06,570.0,0.003762
NAS/BTC,1643714581536,2022-02-01T11:23:01.536Z,sell,6.6e-06,8293.0,0.054733800000000006
NAS/BTC,1643714581905,2022-02-01T11:23:01.905Z,buy,6.6e-06,69.0,0.0004554
NAS/BTC,1643714867898,2022-02-01T11:27:47.898Z,sell,6.5e-06,223.0,0.0014494999999999998
NAS/BTC,1643714926955,2022-02-01T11:28:46.955Z,buy,6.6e-06,33.0,0.0002178
NAS/BTC,1643715024538,2022-02-01T11:30:24.538Z,buy,6.6e-06,92.0,0.0006072
NAS/BTC,1643715046590,2022-02-01T11:30:46.590Z,buy,6.6e-06,85.0,0.000561
NAS/BTC,1643715053102,2022-02-01T11:30:53.102Z,buy,6.6e-06,40.0,0.000264
NAS/BTC,1643715124385,2022-02-01T11:32:04.385Z,sell,6.5e-06,160.0,0.00104
NAS/BTC,1643715536179,2022-02-01T11:38:56.179Z,sell,6.5e-06,165.0,0.0010724999999999999
NAS/BTC,1643715725761,2022-02-01T11:42:05.761Z,buy,6.6e-06,32.0,0.0002112
NAS/BTC,1643715825840,2022-02-01T11:43:45.840Z,buy,6.6e-06,50.0,0.00033
NAS/BTC,1643715894972,2022-02-01T11:44:54.972Z,sell,6.5e-06,85.0,0.0005524999999999999
NAS/BTC,1643716330267,2022-02-01T11:52:10.267Z,sell,6.5e-06,84.0,0.0005459999999999999
NAS/BTC,1643716507263,2022-02-01T11:55:07.263Z,sell,6.5e-06,105.0,0.0006825
NAS/BTC,1643716519402,2022-02-01T11:55:19.402Z,buy,6.6e-06,1115.0,0.007359
NAS/BTC,1643716540024,2022-02-01T11:55:40.024Z,buy,6.6e-06,17926.0,0.1183116
NAS/BTC,1643716540030,2022-02-01T11:55:40.030Z,sell,6.6e-06,484.0,0.0031944
NAS/BTC,1643716540032,2022-02-01T11:55:40.032Z,sell,6.6e-06,484.0,0.0031944
NAS/BTC,1643716540035,2022-02-01T11:55:40.035Z,sell,6.6e-06,269.0,0.0017754000000000001
NAS/BTC,1643716540058,2022-02-01T11:55:40.058Z,sell,6.6e-06,557.0,0.0036762
NAS/BTC,1643716551548,2022-02-01T11:55:51.548Z,sell,6.6e-06,266.0,0.0017556000000000002
NAS/BTC,1643716555278,2022-02-01T11:55:55.278Z,sell,6.6e-06,103.0,0.0006798
NAS/BTC,1643716555423,2022-02-01T11:55:55.423Z,sell,6.6e-06,103.0,0.0006798
NAS/BTC,1643716555598,2022-02-01T11:55:55.598Z,sell,6.6e-06,103.0,0.0006798
NAS/BTC,1643716555744,2022-02-01T11:55:55.744Z,sell,6.6e-06,102.0,0.0006732
NAS/BTC,1643716555877,2022-02-01T11:55:55.877Z,sell,6.6e-06,102.0,0.0006732
NAS/BTC,1643716556029,2022-02-01T11:55:56.029Z,sell,6.6e-06,102.0,0.0006732
NAS/BTC,1643716556110,2022-02-01T11:55:56.110Z,sell,6.6e-06,225.0,0.001485
NAS/BTC,1643716556854,2022-02-01T11:55:56.854Z,sell,6.6e-06,5140.0,0.033924
NAS/BTC,1643716563283,2022-02-01T11:56:03.283Z,sell,6.6e-06,199.0,0.0013134000000000002
NAS/BTC,1643716616378,2022-02-01T11:56:56.378Z,sell,6.6e-06,202.0,0.0013332
NAS/BTC,1643716630179,2022-02-01T11:57:10.179Z,sell,6.6e-06,16.0,0.0001056
NAS/BTC,1643716704246,2022-02-01T11:58:24.246Z,sell,6.6e-06,418.0,0.0027588
NAS/BTC,1643716707415,2022-02-01T11:58:27.415Z,buy,6.7e-06,22.0,0.0001474
NAS/BTC,1643716767706,2022-02-01T11:59:27.706Z,sell,6.6e-06,200.0,0.00132
NAS/BTC,1643716767709,2022-02-01T11:59:27.709Z,sell,6.6e-06,200.0,0.00132
NAS/BTC,1643716767739,2022-02-01T11:59:27.739Z,sell,6.6e-06,202.0,0.0013332
NAS/BTC,1643716862097,2022-02-01T12:01:02.097Z,sell,6.6e-06,3030.0,0.019998000000000002
NAS/BTC,1643716866089,2022-02-01T12:01:06.089Z,sell,6.6e-06,1966.0,0.0129756
NAS/BTC,1643716977513,2022-02-01T12:02:57.513Z,sell,6.6e-06,1020.0,0.006732
NAS/BTC,1643717010148,2022-02-01T12:03:30.148Z,sell,6.6e-06,199.0,0.0013134000000000002
NAS/BTC,1643717010148,2022-02-01T12:03:30.148Z,sell,6.6e-06,199.0,0.0013134000000000002
NAS/BTC,1643717068585,2022-02-01T12:04:28.585Z,buy,6.7e-06,29.0,0.0001943
NAS/BTC,1643717076557,2022-02-01T12:04:36.557Z,sell,6.6e-06,100.0,0.00066
NAS/BTC,1643717080054,2022-02-01T12:04:40.054Z,buy,6.7e-06,59.0,0.0003953
NAS/BTC,1643717163380,2022-02-01T12:06:03.380Z,sell,6.6e-06,1230.0,0.008118
NAS/BTC,1643717262324,2022-02-01T12:07:42.324Z,sell,6.6e-06,19.0,0.0001254
NAS/BTC,1643717307424,2022-02-01T12:08:27.424Z,sell,6.6e-06,810.0,0.005346
NAS/BTC,1643717413258,2022-02-01T12:10:13.258Z,buy,6.7e-06,186.0,0.0012462
NAS/BTC,1643717670020,2022-02-01T12:14:30.020Z,sell,6.6e-06,6936.0,0.0457776
NAS/BTC,1643717683077,2022-02-01T12:14:43.077Z,sell,6.6e-06,1000.0,0.0066
NAS/BTC,1643717822251,2022-02-01T12:17:02.251Z,sell,6.6e-06,153.0,0.0010098000000000002
NAS/BTC,1643717853325,2022-02-01T12:17:33.325Z,sell,6.6e-06,504.0,0.0033264
NAS/BTC,1643717935530,2022-02-01T12:18:55.530Z,sell,6.6e-06,1060.0,0.0069960000000000005
NAS/BTC,1643718050773,2022-02-01T12:20:50.773Z,buy,6.7e-06,89.0,0.0005963
NAS/BTC,1643718149473,2022-02-01T12:22:29.473Z,sell,6.6e-06,1280.0,0.008448
NAS/BTC,1643718202796,2022-02-01T12:23:22.796Z,buy,6.7e-06,1291.0,0.0086497
NAS/BTC,1643718202894,2022-02-01T12:23:22.894Z,sell,6.6e-06,119.0,0.0007854
NAS/BTC,1643718301009,2022-02-01T12:25:01.009Z,buy,6.7e-06,242.0,0.0016214
NAS/BTC,1643718313535,2022-02-01T12:25:13.535Z,buy,6.7e-06,1178.0,0.0078926
NAS/BTC,1643718393246,2022-02-01T12:26:33.246Z,sell,6.6e-06,800.0,0.00528
NAS/BTC,1643718395720,2022-02-01T12:26:35.720Z,buy,6.7e-06,175.0,0.0011725
NAS/BTC,1643718408456,2022-02-01T12:26:48.456Z,buy,6.7e-06,44.0,0.0002948
NAS/BTC,1643718491866,2022-02-01T12:28:11.866Z,sell,6.6e-06,120.0,0.0007920000000000001
NAS/BTC,1643718500517,2022-02-01T12:28:20.517Z,buy,6.7e-06,152.0,0.0010184
NAS/BTC,1643718721927,2022-02-01T12:32:01.927Z,sell,6.6e-06,1090.0,0.007194000000000001
NAS/BTC,1643718786232,2022-02-01T12:33:06.232Z,buy,6.7e-06,210.0,0.001407
NAS/BTC,1643719000897,2022-02-01T12:36:40.897Z,buy,6.7e-06,31479.0,0.2109093
NAS/BTC,1643719000904,2022-02-01T12:36:40.904Z,sell,6.7e-06,6493.0,0.0435031
NAS/BTC,1643719000912,2022-02-01T12:36:40.912Z,sell,6.7e-06,128.0,0.0008576
NAS/BTC,1643719000929,2022-02-01T12:36:40.929Z,sell,6.7e-06,5000.0,0.0335
NAS/BTC,1643719000952,2022-02-01T12:36:40.952Z,sell,6.7e-06,5730.0,0.038391
NAS/BTC,1643719000963,2022-02-01T12:36:40.963Z,sell,6.7e-06,1489.0,0.0099763
NAS/BTC,1643719000990,2022-02-01T12:36:40.990Z,sell,6.7e-06,1879.0,0.012589300000000001
NAS/BTC,1643719001114,2022-02-01T12:36:41.114Z,sell,6.7e-06,552.0,0.0036984
NAS/BTC,1643719001242,2022-02-01T12:36:41.242Z,sell,6.7e-06,458.0,0.0030686000000000003
NAS/BTC,1643719001365,2022-02-01T12:36:41.365Z,sell,6.7e-06,52.0,0.0003484
NAS/BTC,1643719001539,2022-02-01T12:36:41.539Z,sell,6.7e-06,974.0,0.0065258
NAS/BTC,1643719002402,2022-02-01T12:36:42.402Z,sell,6.7e-06,251.0,0.0016817
NAS/BTC,1643719003344,2022-02-01T12:36:43.344Z,sell,6.7e-06,1320.0,0.008844000000000001
NAS/BTC,1643719004152,2022-02-01T12:36:44.152Z,sell,6.7e-06,189.0,0.0012663000000000002
NAS/BTC,1643719011176,2022-02-01T12:36:51.176Z,sell,6.7e-06,251.0,0.0016817
NAS/BTC,1643719018177,2022-02-01T12:36:58.177Z,sell,6.7e-06,4004.0,0.0268268
NAS/BTC,1643719032082,2022-02-01T12:37:12.082Z,sell,6.7e-06,1724.0,0.0115508
NAS/BTC,1643719037666,2022-02-01T12:37:17.666Z,sell,6.7e-06,177.0,0.0011859000000000001
NAS/BTC,1643719157873,2022-02-01T12:39:17.873Z,sell,6.7e-06,103.0,0.0006901
NAS/BTC,1643719539309,2022-02-01T12:45:39.309Z,sell,6.7e-06,170.0,0.001139
NAS/BTC,1643719632000,2022-02-01T12:47:12.000Z,buy,6.8e-06,11750.0,0.0799
NAS/BTC,1643719868493,2022-02-01T12:51:08.493Z,buy,6.8e-06,490.0,0.003332
NAS/BTC,1643719931697,2022-02-01T12:52:11.697Z,sell,6.7e-06,88.0,0.0005896
NAS/BTC,1643719945449,2022-02-01T12:52:25.449Z,sell,6.7e-06,48.0,0.0003216
NAS/BTC,1643720010065,2022-02-01T12:53:30.065Z,sell,6.7e-06,3349.0,0.0224383
NAS/BTC,1643720265138,2022-02-01T12:57:45.138Z,sell,6.7e-06,14.0,9.38e-05
NAS/BTC,1643720279751,2022-02-01T12:57:59.751Z,sell,6.7e-06,105.0,0.0007035
NAS/BTC,1643720279751,2022-02-01T12:57:59.751Z,sell,6.7e-06,105.0,0.0007035
NAS/BTC,1643720644585,2022-02-01T13:04:04.585Z,buy,6.8e-06,16.0,0.0001088
NAS/BTC,1643720669458,2022-02-01T13:04:29.458Z,sell,6.7e-06,19.0,0.0001273
NAS/BTC,1643720795039,2022-02-01T13:06:35.039Z,sell,6.7e-06,328.0,0.0021976
NAS/BTC,1643720869845,2022-02-01T13:07:49.845Z,sell,6.7e-06,188.0,0.0012596
NAS/BTC,1643721079140,2022-02-01T13:11:19.140Z,sell,6.7e-06,197.0,0.0013199000000000002
NAS/BTC,1643721243130,2022-02-01T13:14:03.130Z,buy,6.8e-06,255.0,0.001734
NAS/BTC,1643721245438,2022-02-01T13:14:05.438Z,buy,6.8e-06,16.0,0.0001088
NAS/BTC,1643721247766,2022-02-01T13:14:07.766Z,buy,6.8e-06,1379.0,0.0093772
NAS/BTC,1643721256061,2022-02-01T13:14:16.061Z,buy,6.8e-06,1911.0,0.0129948
NAS/BTC,1643721256520,2022-02-01T13:14:16.520Z,buy,6.8e-06,127.0,0.0008636000000000001
NAS/BTC,1643721256798,2022-02-01T13:14:16.798Z,buy,6.8e-06,810.0,0.005508
NAS/BTC,1643721264942,2022-02-01T13:14:24.942Z,buy,6.8e-06,441.0,0.0029988000000000003
NAS/BTC,1643721270325,2022-02-01T13:14:30.325Z,buy,6.8e-06,117.0,0.0007956
NAS/BTC,1643721273277,2022-02-01T13:14:33.277Z,buy,6.8e-06,310.0,0.002108
NAS/BTC,1643721273660,2022-02-01T13:14:33.660Z,buy,6.8e-06,213.0,0.0014484
NAS/BTC,1643721279729,2022-02-01T13:14:39.729Z,buy,6.8e-06,220.0,0.001496
NAS/BTC,1643721279759,2022-02-01T13:14:39.759Z,buy,6.8e-06,311.0,0.0021148
NAS/BTC,1643721283321,2022-02-01T13:14:43.321Z,buy,6.8e-06,315.0,0.0021420000000000002
NAS/BTC,1643721285159,2022-02-01T13:14:45.159Z,buy,6.8e-06,82.0,0.0005576
NAS/BTC,1643721289203,2022-02-01T13:14:49.203Z,buy,6.8e-06,808.0,0.0054944
NAS/BTC,1643721290851,2022-02-01T13:14:50.851Z,buy,6.8e-06,40.0,0.000272
NAS/BTC,1643721292015,2022-02-01T13:14:52.015Z,buy,6.8e-06,527.0,0.0035836
NAS/BTC,1643721299012,2022-02-01T13:14:59.012Z,buy,6.8e-06,112.0,0.0007616
NAS/BTC,1643721301887,2022-02-01T13:15:01.887Z,buy,6.8e-06,80.0,0.000544
NAS/BTC,1643721306510,2022-02-01T13:15:06.510Z,buy,6.8e-06,111.0,0.0007548
NAS/BTC,1643721339061,2022-02-01T13:15:39.061Z,buy,6.8e-06,235.0,0.001598
NAS/BTC,1643721370418,2022-02-01T13:16:10.418Z,buy,6.8e-06,122.0,0.0008296
NAS/BTC,1643721372975,2022-02-01T13:16:12.975Z,buy,6.8e-06,187.0,0.0012716000000000001
NAS/BTC,1643721398923,2022-02-01T13:16:38.923Z,buy,6.8e-06,168.0,0.0011424
NAS/BTC,1643721402541,2022-02-01T13:16:42.541Z,buy,6.8e-06,60.0,0.000408
NAS/BTC,1643721412671,2022-02-01T13:16:52.671Z,buy,6.8e-06,147.0,0.0009996
NAS/BTC,1643721424895,2022-02-01T13:17:04.895Z,buy,6.8e-06,161.0,0.0010948
NAS/BTC,1643721428194,2022-02-01T13:17:08.194Z,buy,6.8e-06,1000.0,0.0068000000000000005
NAS/BTC,1643721429060,2022-02-01T13:17:09.060Z,buy,6.8e-06,42.0,0.0002856
NAS/BTC,1643721442205,2022-02-01T13:17:22.205Z,sell,6.7e-06,221.0,0.0014807000000000002
NAS/BTC,1643721452267,2022-02-01T13:17:32.267Z,buy,6.8e-06,2553.0,0.0173604
NAS/BTC,1643721464143,2022-02-01T13:17:44.143Z,buy,6.8e-06,278.0,0.0018904
NAS/BTC,1643721468959,2022-02-01T13:17:48.959Z,buy,6.8e-06,17.0,0.0001156
NAS/BTC,1643721470045,2022-02-01T13:17:50.045Z,buy,6.8e-06,1470.0,0.009996
NAS/BTC,1643721515944,2022-02-01T13:18:35.944Z,buy,6.8e-06,50.0,0.00034
NAS/BTC,1643721523555,2022-02-01T13:18:43.555Z,buy,6.8e-06,294.0,0.0019992
NAS/BTC,1643721526246,2022-02-01T13:18:46.246Z,buy,6.8e-06,92.0,0.0006256
NAS/BTC,1643721533011,2022-02-01T13:18:53.011Z,buy,6.8e-06,88.0,0.0005984
NAS/BTC,1643721548867,2022-02-01T13:19:08.867Z,buy,6.8e-06,171.0,0.0011628
NAS/BTC,1643721554559,2022-02-01T13:19:14.559Z,buy,6.8e-06,441.0,0.0029988000000000003
NAS/BTC,1643721554578,2022-02-01T13:19:14.578Z,buy,6.8e-06,79.0,0.0005372
NAS/BTC,1643721556215,2022-02-01T13:19:16.215Z,buy,6.8e-06,461.0,0.0031348
NAS/BTC,1643721576172,2022-02-01T13:19:36.172Z,buy,6.8e-06,1901.0,0.0129268
NAS/BTC,1643721580623,2022-02-01T13:19:40.623Z,buy,6.8e-06,200.0,0.00136
NAS/BTC,1643721592806,2022-02-01T13:19:52.806Z,buy,6.8e-06,352.0,0.0023936
NAS/BTC,1643721697010,2022-02-01T13:21:37.010Z,buy,6.8e-06,62.0,0.0004216
NAS/BTC,1643721716384,2022-02-01T13:21:56.384Z,buy,6.8e-06,176.0,0.0011968
NAS/BTC,1643721722902,2022-02-01T13:22:02.902Z,buy,6.8e-06,346.0,0.0023528
NAS/BTC,1643721744287,2022-02-01T13:22:24.287Z,buy,6.8e-06,4059.0,0.0276012
NAS/BTC,1643721785143,2022-02-01T13:23:05.143Z,buy,6.8e-06,33.0,0.0002244
NAS/BTC,1643721796037,2022-02-01T13:23:16.037Z,sell,6.7e-06,189.0,0.0012663000000000002
NAS/BTC,1643721811376,2022-02-01T13:23:31.376Z,buy,6.8e-06,303.0,0.0020604
NAS/BTC,1643721846257,2022-02-01T13:24:06.257Z,buy,6.8e-06,367.0,0.0024956
NAS/BTC,1643721846761,2022-02-01T13:24:06.761Z,buy,6.8e-06,147.0,0.0009996
NAS/BTC,1643721899587,2022-02-01T13:24:59.587Z,buy,6.8e-06,103.0,0.0007004
NAS/BTC,1643721919892,2022-02-01T13:25:19.892Z,buy,6.8e-06,72.0,0.0004896
NAS/BTC,1643721963912,2022-02-01T13:26:03.912Z,buy,6.8e-06,64.0,0.0004352
NAS/BTC,1643722031458,2022-02-01T13:27:11.458Z,buy,6.8e-06,2334.0,0.015871200000000002
NAS/BTC,1643722135837,2022-02-01T13:28:55.837Z,sell,6.7e-06,499.0,0.0033433
NAS/BTC,1643722142292,2022-02-01T13:29:02.292Z,sell,6.7e-06,1062.0,0.0071154
NAS/BTC,1643722199116,2022-02-01T13:29:59.116Z,sell,6.7e-06,27.0,0.0001809
NAS/BTC,1643722285587,2022-02-01T13:31:25.587Z,buy,6.8e-06,775.0,0.00527
NAS/BTC,1643722320203,2022-02-01T13:32:00.203Z,sell,6.7e-06,1273.0,0.0085291
NAS/BTC,1643722360527,2022-02-01T13:32:40.527Z,buy,6.8e-06,107.0,0.0007276
NAS/BTC,1643722418613,2022-02-01T13:33:38.613Z,sell,6.7e-06,170.0,0.001139
NAS/BTC,1643722510315,2022-02-01T13:35:10.315Z,sell,6.7e-06,9050.0,0.060635
NAS/BTC,1643722510405,2022-02-01T13:35:10.405Z,sell,6.7e-06,9375.0,0.06281250000000001
NAS/BTC,1643722510406,2022-02-01T13:35:10.406Z,sell,6.7e-06,2436.0,0.0163212
NAS/BTC,1643722510447,2022-02-01T13:35:10.447Z,sell,6.7e-06,2732.0,0.018304400000000002
NAS/BTC,1643722516209,2022-02-01T13:35:16.209Z,sell,6.6e-06,84.0,0.0005544
NAS/BTC,1643722516698,2022-02-01T13:35:16.698Z,sell,6.6e-06,6958.0,0.0459228
NAS/BTC,1643722519837,2022-02-01T13:35:19.837Z,buy,6.7e-06,529.0,0.0035443000000000002
NAS/BTC,1643722521838,2022-02-01T13:35:21.838Z,buy,6.7e-06,158.0,0.0010586
NAS/BTC,1643722550291,2022-02-01T13:35:50.291Z,buy,6.7e-06,162.0,0.0010854
NAS/BTC,1643722627566,2022-02-01T13:37:07.566Z,buy,6.7e-06,21.0,0.0001407
NAS/BTC,1643722713029,2022-02-01T13:38:33.029Z,buy,6.7e-06,75.0,0.0005025
NAS/BTC,1643722753488,2022-02-01T13:39:13.488Z,buy,6.7e-06,479.0,0.0032093
NAS/BTC,1643722793294,2022-02-01T13:39:53.294Z,buy,6.7e-06,36.0,0.0002412
NAS/BTC,1643722828259,2022-02-01T13:40:28.259Z,buy,6.7e-06,1088.0,0.0072896
NAS/BTC,1643722892625,2022-02-01T13:41:32.625Z,buy,6.7e-06,640.0,0.004288
NAS/BTC,1643722902626,2022-02-01T13:41:42.626Z,sell,6.6e-06,404.0,0.0026664
NAS/BTC,1643722913721,2022-02-01T13:41:53.721Z,buy,6.7e-06,205.0,0.0013735000000000002
NAS/BTC,1643722919931,2022-02-01T13:41:59.931Z,buy,6.7e-06,867.0,0.0058089000000000005
NAS/BTC,1643722951207,2022-02-01T13:42:31.207Z,buy,6.7e-06,3129.0,0.0209643
NAS/BTC,1643722998291,2022-02-01T13:43:18.291Z,buy,6.7e-06,868.0,0.005815600000000001
NAS/BTC,1643723052113,2022-02-01T13:44:12.113Z,buy,6.7e-06,238.0,0.0015946
NAS/BTC,1643723087295,2022-02-01T13:44:47.295Z,buy,6.7e-06,874.0,0.0058558
NAS/BTC,1643723093438,2022-02-01T13:44:53.438Z,buy,6.7e-06,67.0,0.0004489
NAS/BTC,1643723096866,2022-02-01T13:44:56.866Z,buy,6.7e-06,656.0,0.0043952
NAS/BTC,1643723135701,2022-02-01T13:45:35.701Z,buy,6.7e-06,74.0,0.0004958
NAS/BTC,1643723155210,2022-02-01T13:45:55.210Z,buy,6.7e-06,490.0,0.0032830000000000003
NAS/BTC,1643723238671,2022-02-01T13:47:18.671Z,buy,6.7e-06,15.0,0.0001005
NAS/BTC,1643723295605,2022-02-01T13:48:15.605Z,buy,6.7e-06,1331.0,0.0089177
NAS/BTC,1643723373066,2022-02-01T13:49:33.066Z,sell,6.6e-06,19.0,0.0001254
NAS/BTC,1643723394281,2022-02-01T13:49:54.281Z,buy,6.7e-06,197.0,0.0013199000000000002
NAS/BTC,1643723440689,2022-02-01T13:50:40.689Z,buy,6.7e-06,53.0,0.0003551
NAS/BTC,1643723493457,2022-02-01T13:51:33.457Z,sell,6.6e-06,34.0,0.0002244
NAS/BTC,1643723509506,2022-02-01T13:51:49.506Z,sell,6.6e-06,490.0,0.0032340000000000003
NAS/BTC,1643723527989,2022-02-01T13:52:07.989Z,sell,6.6e-06,282.0,0.0018612000000000001
NAS/BTC,1643723661240,2022-02-01T13:54:21.240Z,buy,6.7e-06,129.0,0.0008643
NAS/BTC,1643723711599,2022-02-01T13:55:11.599Z,sell,6.6e-06,15.0,9.900000000000001e-05
NAS/BTC,1643723766037,2022-02-01T13:56:06.037Z,buy,6.7e-06,133.0,0.0008911
NAS/BTC,1643723874487,2022-02-01T13:57:54.487Z,sell,6.6e-06,338.0,0.0022308000000000002
NAS/BTC,1643723874487,2022-02-01T13:57:54.487Z,sell,6.6e-06,338.0,0.0022308000000000002
NAS/BTC,1643723946101,2022-02-01T13:59:06.101Z,sell,6.6e-06,195.0,0.0012870000000000002
NAS/BTC,1643724018697,2022-02-01T14:00:18.697Z,buy,6.7e-06,746.0,0.0049982
NAS/BTC,1643724087384,2022-02-01T14:01:27.384Z,buy,6.7e-06,39.0,0.0002613
NAS/BTC,1643724157666,2022-02-01T14:02:37.666Z,buy,6.7e-06,194.0,0.0012998
NAS/BTC,1643724296070,2022-02-01T14:04:56.070Z,buy,6.7e-06,156.0,0.0010452
NAS/BTC,1643724353767,2022-02-01T14:05:53.767Z,sell,6.6e-06,30.0,0.00019800000000000002
NAS/BTC,1643724419196,2022-02-01T14:06:59.196Z,buy,6.7e-06,109.0,0.0007303
NAS/BTC,1643724502729,2022-02-01T14:08:22.729Z,buy,6.7e-06,2127.0,0.0142509
NAS/BTC,1643724502924,2022-02-01T14:08:22.924Z,sell,6.7e-06,798.0,0.0053466
NAS/BTC,1643724502924,2022-02-01T14:08:22.924Z,sell,6.7e-06,798.0,0.0053466
NAS/BTC,1643724502924,2022-02-01T14:08:22.924Z,sell,6.7e-06,798.0,0.0053466
NAS/BTC,1643724502930,2022-02-01T14:08:22.930Z,sell,6.7e-06,338.0,0.0022646000000000003
NAS/BTC,1643724502932,2022-02-01T14:08:22.932Z,sell,6.6e-06,488.0,0.0032208000000000002
NAS/BTC,1643724502943,2022-02-01T14:08:22.943Z,sell,6.6e-06,399.0,0.0026334
NAS/BTC,1643724504181,2022-02-01T14:08:24.181Z,sell,6.6e-06,331.0,0.0021846
NAS/BTC,1643724504186,2022-02-01T14:08:24.186Z,sell,6.6e-06,331.0,0.0021846
NAS/BTC,1643724504188,2022-02-01T14:08:24.188Z,sell,6.6e-06,331.0,0.0021846
NAS/BTC,1643724506230,2022-02-01T14:08:26.230Z,sell,6.6e-06,332.0,0.0021912
NAS/BTC,1643724545241,2022-02-01T14:09:05.241Z,buy,6.7e-06,2394.0,0.0160398
NAS/BTC,1643724545241,2022-02-01T14:09:05.241Z,buy,6.8e-06,20511.0,0.1394748
NAS/BTC,1643724545241,2022-02-01T14:09:05.241Z,buy,6.9e-06,19952.0,0.1376688
NAS/BTC,1643724545263,2022-02-01T14:09:05.263Z,sell,6.7e-06,2152.0,0.014418400000000001
NAS/BTC,1643724545268,2022-02-01T14:09:05.268Z,sell,6.7e-06,361.0,0.0024187
NAS/BTC,1643724545278,2022-02-01T14:09:05.278Z,sell,6.7e-06,153.0,0.0010251000000000001
NAS/BTC,1643724545278,2022-02-01T14:09:05.278Z,sell,6.6e-06,246.0,0.0016236
NAS/BTC,1643724545294,2022-02-01T14:09:05.294Z,sell,6.7e-06,130.0,0.000871
NAS/BTC,1643724545294,2022-02-01T14:09:05.294Z,sell,6.7e-06,89.0,0.0005963
NAS/BTC,1643724545319,2022-02-01T14:09:05.319Z,sell,6.7e-06,168.0,0.0011256
NAS/BTC,1643724545466,2022-02-01T14:09:05.466Z,sell,6.7e-06,88.0,0.0005896
NAS/BTC,1643724545571,2022-02-01T14:09:05.571Z,sell,6.7e-06,247.0,0.0016549
NAS/BTC,1643724545577,2022-02-01T14:09:05.577Z,sell,6.7e-06,29.0,0.0001943
NAS/BTC,1643724545888,2022-02-01T14:09:05.888Z,sell,6.7e-06,28.0,0.0001876
NAS/BTC,1643724545899,2022-02-01T14:09:05.899Z,sell,6.7e-06,112.0,0.0007504
NAS/BTC,1643724545911,2022-02-01T14:09:05.911Z,sell,6.7e-06,28.0,0.0001876
NAS/BTC,1643724546447,2022-02-01T14:09:06.447Z,sell,6.7e-06,72.0,0.0004824
NAS/BTC,1643724546527,2022-02-01T14:09:06.527Z,sell,6.7e-06,109.0,0.0007303
NAS/BTC,1643724546527,2022-02-01T14:09:06.527Z,sell,6.6e-06,428.0,0.0028248
NAS/BTC,1643724546839,2022-02-01T14:09:06.839Z,sell,6.7e-06,63.0,0.0004221
NAS/BTC,1643724546872,2022-02-01T14:09:06.872Z,sell,6.7e-06,185.0,0.0012395000000000002
NAS/BTC,1643724546880,2022-02-01T14:09:06.880Z,sell,6.7e-06,22.0,0.0001474
NAS/BTC,1643724547035,2022-02-01T14:09:07.035Z,buy,6.8e-06,20.0,0.000136
NAS/BTC,1643724547214,2022-02-01T14:09:07.214Z,buy,6.8e-06,16.0,0.0001088
NAS/BTC,1643724547467,2022-02-01T14:09:07.467Z,sell,6.7e-06,248.0,0.0016616
NAS/BTC,1643724547537,2022-02-01T14:09:07.537Z,sell,6.7e-06,53.0,0.0003551
NAS/BTC,1643724547537,2022-02-01T14:09:07.537Z,sell,6.6e-06,19.0,0.0001254
NAS/BTC,1643724547684,2022-02-01T14:09:07.684Z,sell,6.7e-06,157.0,0.0010519000000000001
NAS/BTC,1643724547811,2022-02-01T14:09:07.811Z,sell,6.7e-06,221.0,0.0014807000000000002
NAS/BTC,1643724547980,2022-02-01T14:09:07.980Z,sell,6.7e-06,607.0,0.0040669
NAS/BTC,1643724548399,2022-02-01T14:09:08.399Z,sell,6.7e-06,163.0,0.0010921
NAS/BTC,1643724548430,2022-02-01T14:09:08.430Z,buy,6.8e-06,148.0,0.0010064
NAS/BTC,1643724548450,2022-02-01T14:09:08.450Z,sell,6.7e-06,88.0,0.0005896
NAS/BTC,1643724548468,2022-02-01T14:09:08.468Z,sell,6.7e-06,236.0,0.0015812
NAS/BTC,1643724548606,2022-02-01T14:09:08.606Z,sell,6.7e-06,88.0,0.0005896
NAS/BTC,1643724548752,2022-02-01T14:09:08.752Z,sell,6.7e-06,52.0,0.0003484
NAS/BTC,1643724548791,2022-02-01T14:09:08.791Z,buy,6.8e-06,30.0,0.000204
NAS/BTC,1643724548928,2022-02-01T14:09:08.928Z,sell,6.7e-06,36.0,0.0002412
NAS/BTC,1643724549047,2022-02-01T14:09:09.047Z,sell,6.7e-06,99.0,0.0006633
NAS/BTC,1643724549097,2022-02-01T14:09:09.097Z,sell,6.7e-06,108.0,0.0007236
NAS/BTC,1643724549556,2022-02-01T14:09:09.556Z,sell,6.7e-06,195.0,0.0013065
NAS/BTC,1643724550621,2022-02-01T14:09:10.621Z,sell,6.7e-06,30.0,0.000201
NAS/BTC,1643724550621,2022-02-01T14:09:10.621Z,sell,6.6e-06,57.0,0.00037620000000000004
NAS/BTC,1643724550643,2022-02-01T14:09:10.643Z,sell,6.6e-06,174.0,0.0011484000000000002
NAS/BTC,1643724551025,2022-02-01T14:09:11.025Z,sell,6.7e-06,115.0,0.0007705
NAS/BTC,1643724551199,2022-02-01T14:09:11.199Z,sell,6.7e-06,124.0,0.0008308
NAS/BTC,1643724551419,2022-02-01T14:09:11.419Z,buy,6.8e-06,51.0,0.0003468
NAS/BTC,1643724575749,2022-02-01T14:09:35.749Z,buy,6.8e-06,13859.0,0.0942412
NAS/BTC,1643724575749,2022-02-01T14:09:35.749Z,buy,6.9e-06,43851.0,0.3025719
NAS/BTC,1643724575749,2022-02-01T14:09:35.749Z,buy,7e-06,13718.0,0.096026
NAS/BTC,1643724575772,2022-02-01T14:09:35.772Z,sell,6.7e-06,99.0,0.0006633
NAS/BTC,1643724576001,2022-02-01T14:09:36.001Z,buy,6.8e-06,150.0,0.00102
NAS/BTC,1643724577366,2022-02-01T14:09:37.366Z,buy,6.8e-06,16.0,0.0001088
NAS/BTC,1643724577447,2022-02-01T14:09:37.447Z,buy,6.8e-06,148.0,0.0010064
NAS/BTC,1643724577871,2022-02-01T14:09:37.871Z,buy,6.8e-06,20.0,0.000136
NAS/BTC,1643724578659,2022-02-01T14:09:38.659Z,buy,6.8e-06,30.0,0.000204
NAS/BTC,1643724580994,2022-02-01T14:09:40.994Z,buy,6.8e-06,51.0,0.0003468
NAS/BTC,1643724586927,2022-02-01T14:09:46.927Z,buy,6.8e-06,126.0,0.0008568
NAS/BTC,1643724591462,2022-02-01T14:09:51.462Z,buy,6.8e-06,4459.0,0.0303212
NAS/BTC,1643724591462,2022-02-01T14:09:51.462Z,buy,6.9e-06,3104.0,0.0214176
NAS/BTC,1643724591462,2022-02-01T14:09:51.462Z,buy,7e-06,121008.0,0.847056
NAS/BTC,1643724591498,2022-02-01T14:09:51.498Z,sell,6.8e-06,100.0,0.00068
NAS/BTC,1643724591509,2022-02-01T14:09:51.509Z,sell,6.8e-06,160.0,0.001088
NAS/BTC,1643724591511,2022-02-01T14:09:51.511Z,sell,6.8e-06,49.0,0.0003332
NAS/BTC,1643724592254,2022-02-01T14:09:52.254Z,buy,6.8e-06,58.0,0.0003944
NAS/BTC,1643724592383,2022-02-01T14:09:52.383Z,buy,6.8e-06,116.0,0.0007888
NAS/BTC,1643724592883,2022-02-01T14:09:52.883Z,buy,6.8e-06,148.0,0.0010064
NAS/BTC,1643724594187,2022-02-01T14:09:54.187Z,buy,6.8e-06,30.0,0.000204
NAS/BTC,1643724594407,2022-02-01T14:09:54.407Z,buy,6.8e-06,16.0,0.0001088
NAS/BTC,1643724594493,2022-02-01T14:09:54.493Z,buy,6.8e-06,30.0,0.000204
NAS/BTC,1643724594570,2022-02-01T14:09:54.570Z,buy,6.8e-06,20.0,0.000136
NAS/BTC,1643724594572,2022-02-01T14:09:54.572Z,buy,6.8e-06,16.0,0.0001088
NAS/BTC,1643724594733,2022-02-01T14:09:54.733Z,buy,6.8e-06,16.0,0.0001088
NAS/BTC,1643724595071,2022-02-01T14:09:55.071Z,buy,6.8e-06,20.0,0.000136
NAS/BTC,1643724595380,2022-02-01T14:09:55.380Z,buy,6.8e-06,51.0,0.0003468
NAS/BTC,1643724596130,2022-02-01T14:09:56.130Z,buy,6.8e-06,50.0,0.00034
NAS/BTC,1643724596861,2022-02-01T14:09:56.861Z,buy,6.8e-06,3811.0,0.0259148
NAS/BTC,1643724597871,2022-02-01T14:09:57.871Z,sell,6.8e-06,21.0,0.0001428
NAS/BTC,1643724618375,2022-02-01T14:10:18.375Z,sell,6.8e-06,75.0,0.00051
NAS/BTC,1643724618375,2022-02-01T14:10:18.375Z,sell,6.7e-06,225.0,0.0015075000000000002
NAS/BTC,1643724702943,2022-02-01T14:11:42.943Z,sell,6.7e-06,31.0,0.0002077
NAS/BTC,1643724737394,2022-02-01T14:12:17.394Z,sell,6.7e-06,31.0,0.0002077
NAS/BTC,1643724737525,2022-02-01T14:12:17.525Z,sell,6.7e-06,31.0,0.0002077
NAS/BTC,1643724737540,2022-02-01T14:12:17.540Z,sell,6.7e-06,111.0,0.0007437
NAS/BTC,1643724737613,2022-02-01T14:12:17.613Z,sell,6.7e-06,31.0,0.0002077
NAS/BTC,1643724759667,2022-02-01T14:12:39.667Z,buy,6.8e-06,17.0,0.0001156
NAS/BTC,1643724794269,2022-02-01T14:13:14.269Z,buy,6.9e-06,44.0,0.0003036
NAS/BTC,1643724794825,2022-02-01T14:13:14.825Z,sell,6.8e-06,1632.0,0.0110976
NAS/BTC,1643724794851,2022-02-01T14:13:14.851Z,sell,6.8e-06,302.0,0.0020536
NAS/BTC,1643724796508,2022-02-01T14:13:16.508Z,buy,6.8e-06,27.0,0.0001836
NAS/BTC,1643724822551,2022-02-01T14:13:42.551Z,sell,6.7e-06,34.0,0.0002278
NAS/BTC,1643724985701,2022-02-01T14:16:25.701Z,buy,6.8e-06,56.0,0.0003808
NAS/BTC,1643725036864,2022-02-01T14:17:16.864Z,buy,6.8e-06,121.0,0.0008228
NAS/BTC,1643725036864,2022-02-01T14:17:16.864Z,buy,6.9e-06,1763.0,0.0121647
NAS/BTC,1643725036864,2022-02-01T14:17:16.864Z,buy,7e-06,1058.0,0.007406
NAS/BTC,1643725036885,2022-02-01T14:17:16.885Z,sell,6.8e-06,360.0,0.002448
NAS/BTC,1643725036885,2022-02-01T14:17:16.885Z,sell,6.8e-06,360.0,0.002448
NAS/BTC,1643725036888,2022-02-01T14:17:16.888Z,sell,6.8e-06,59.0,0.0004012
NAS/BTC,1643725036894,2022-02-01T14:17:16.894Z,sell,6.8e-06,98.0,0.0006664
NAS/BTC,1643725037030,2022-02-01T14:17:17.030Z,sell,6.8e-06,461.0,0.0031348
NAS/BTC,1643725037470,2022-02-01T14:17:17.470Z,sell,6.8e-06,150.0,0.00102
NAS/BTC,1643725038072,2022-02-01T14:17:18.072Z,sell,6.8e-06,328.0,0.0022304
NAS/BTC,1643725038101,2022-02-01T14:17:18.101Z,sell,6.8e-06,319.0,0.0021692
NAS/BTC,1643725038233,2022-02-01T14:17:18.233Z,sell,6.8e-06,228.0,0.0015504
NAS/BTC,1643725038498,2022-02-01T14:17:18.498Z,buy,6.9e-06,145.0,0.0010005
NAS/BTC,1643725039097,2022-02-01T14:17:19.097Z,sell,6.8e-06,608.0,0.0041344
NAS/BTC,1643725052281,2022-02-01T14:17:32.281Z,sell,6.8e-06,279.0,0.0018972
NAS/BTC,1643725054331,2022-02-01T14:17:34.331Z,sell,6.8e-06,330.0,0.002244
NAS/BTC,1643725100191,2022-02-01T14:18:20.191Z,sell,6.8e-06,496.0,0.0033728
NAS/BTC,1643725154223,2022-02-01T14:19:14.223Z,sell,6.8e-06,98.0,0.0006664
NAS/BTC,1643725194133,2022-02-01T14:19:54.133Z,sell,6.8e-06,224.0,0.0015232
NAS/BTC,1643725229298,2022-02-01T14:20:29.298Z,buy,6.9e-06,183.0,0.0012627
NAS/BTC,1643725344347,2022-02-01T14:22:24.347Z,buy,6.9e-06,2402.0,0.0165738
NAS/BTC,1643725344352,2022-02-01T14:22:24.352Z,sell,6.9e-06,1162.0,0.0080178
NAS/BTC,1643725344360,2022-02-01T14:22:24.360Z,sell,6.9e-06,75.0,0.0005175
NAS/BTC,1643725344912,2022-02-01T14:22:24.912Z,sell,6.9e-06,49.0,0.0003381
NAS/BTC,1643725344945,2022-02-01T14:22:24.945Z,sell,6.9e-06,30.0,0.000207
NAS/BTC,1643725344945,2022-02-01T14:22:24.945Z,sell,6.8e-06,1.0,6.8e-06
NAS/BTC,1643725344959,2022-02-01T14:22:24.959Z,sell,6.8e-06,27.0,0.0001836
NAS/BTC,1643725345185,2022-02-01T14:22:25.185Z,sell,6.8e-06,102.0,0.0006936
NAS/BTC,1643725346333,2022-02-01T14:22:26.333Z,sell,6.8e-06,1340.0,0.009112
NAS/BTC,1643725346339,2022-02-01T14:22:26.339Z,sell,6.8e-06,108.0,0.0007344
NAS/BTC,1643725346360,2022-02-01T14:22:26.360Z,sell,6.8e-06,1510.0,0.010268
NAS/BTC,1643725346378,2022-02-01T14:22:26.378Z,sell,6.8e-06,466.0,0.0031688000000000003
NAS/BTC,1643725346378,2022-02-01T14:22:26.378Z,sell,6.7e-06,58.0,0.0003886
NAS/BTC,1643725346383,2022-02-01T14:22:26.383Z,sell,6.7e-06,68.0,0.0004556
NAS/BTC,1643725346386,2022-02-01T14:22:26.386Z,sell,6.7e-06,732.0,0.0049044
NAS/BTC,1643725346391,2022-02-01T14:22:26.391Z,sell,6.8e-06,196.0,0.0013328
NAS/BTC,1643725346404,2022-02-01T14:22:26.404Z,sell,6.8e-06,854.0,0.0058072
NAS/BTC,1643725346406,2022-02-01T14:22:26.406Z,sell,6.8e-06,610.0,0.004148
NAS/BTC,1643725346765,2022-02-01T14:22:26.765Z,sell,6.8e-06,98.0,0.0006664
NAS/BTC,1643725347531,2022-02-01T14:22:27.531Z,sell,6.8e-06,106.0,0.0007208000000000001
NAS/BTC,1643725347903,2022-02-01T14:22:27.903Z,sell,6.8e-06,106.0,0.0007208000000000001
NAS/BTC,1643725348511,2022-02-01T14:22:28.511Z,sell,6.8e-06,20.0,0.000136
NAS/BTC,1643725348835,2022-02-01T14:22:28.835Z,sell,6.8e-06,30.0,0.000204
NAS/BTC,1643725349010,2022-02-01T14:22:29.010Z,sell,6.8e-06,12.0,8.16e-05
NAS/BTC,1643725363748,2022-02-01T14:22:43.748Z,buy,6.8e-06,44.0,0.0002992
NAS/BTC,1643725435011,2022-02-01T14:23:55.011Z,buy,6.8e-06,11.0,7.48e-05
NAS/BTC,1643725435011,2022-02-01T14:23:55.011Z,buy,6.9e-06,643.0,0.0044367
NAS/BTC,1643725435027,2022-02-01T14:23:55.027Z,buy,6.8e-06,543.0,0.0036924
NAS/BTC,1643725435027,2022-02-01T14:23:55.027Z,buy,6.9e-06,90.0,0.000621
NAS/BTC,1643725484665,2022-02-01T14:24:44.665Z,sell,6.8e-06,198.0,0.0013464
NAS/BTC,1643725486251,2022-02-01T14:24:46.251Z,sell,6.8e-06,3519.0,0.0239292
NAS/BTC,1643725548385,2022-02-01T14:25:48.385Z,buy,6.9e-06,97.0,0.0006693
NAS/BTC,1643725569271,2022-02-01T14:26:09.271Z,buy,6.9e-06,1160.0,0.008004
NAS/BTC,1643725569283,2022-02-01T14:26:09.283Z,buy,7e-06,1024.0,0.007168
NAS/BTC,1643725569312,2022-02-01T14:26:09.312Z,buy,6.9e-06,148.0,0.0010212
NAS/BTC,1643725569330,2022-02-01T14:26:09.330Z,buy,6.9e-06,223.0,0.0015387
NAS/BTC,1643725572440,2022-02-01T14:26:12.440Z,buy,6.9e-06,44.0,0.0003036
NAS/BTC,1643725579773,2022-02-01T14:26:19.773Z,buy,6.9e-06,255.0,0.0017595
NAS/BTC,1643725619611,2022-02-01T14:26:59.611Z,buy,6.9e-06,178.0,0.0012282
NAS/BTC,1643725760184,2022-02-01T14:29:20.184Z,buy,6.9e-06,836.0,0.0057684
NAS/BTC,1643725835630,2022-02-01T14:30:35.630Z,buy,6.9e-06,683.0,0.0047127
NAS/BTC,1643725835639,2022-02-01T14:30:35.639Z,sell,6.9e-06,121.0,0.0008349
NAS/BTC,1643725835640,2022-02-01T14:30:35.640Z,sell,6.9e-06,631.0,0.0043539
NAS/BTC,1643725835640,2022-02-01T14:30:35.640Z,sell,6.9e-06,631.0,0.0043539
NAS/BTC,1643725863502,2022-02-01T14:31:03.502Z,sell,6.9e-06,58.0,0.0004002
NAS/BTC,1643725879841,2022-02-01T14:31:19.841Z,sell,6.9e-06,220.0,0.001518
NAS/BTC,1643725895342,2022-02-01T14:31:35.342Z,buy,7e-06,3983.0,0.027881
NAS/BTC,1643725946069,2022-02-01T14:32:26.069Z,buy,7e-06,148.0,0.001036
NAS/BTC,1643725949358,2022-02-01T14:32:29.358Z,buy,7e-06,691.0,0.004837
NAS/BTC,1643726004624,2022-02-01T14:33:24.624Z,sell,6.9e-06,21.0,0.0001449
NAS/BTC,1643726011396,2022-02-01T14:33:31.396Z,buy,7e-06,11455.0,0.08018499999999999
NAS/BTC,1643726011396,2022-02-01T14:33:31.396Z,buy,7.1e-06,6350.0,0.045085
NAS/BTC,1643726011412,2022-02-01T14:33:31.412Z,buy,7e-06,643.0,0.004501
NAS/BTC,1643726011412,2022-02-01T14:33:31.412Z,buy,7.1e-06,15.0,0.0001065
NAS/BTC,1643726011423,2022-02-01T14:33:31.423Z,buy,7.1e-06,630.0,0.0044729999999999995
NAS/BTC,1643726011473,2022-02-01T14:33:31.473Z,buy,7.1e-06,18.0,0.0001278
NAS/BTC,1643726011516,2022-02-01T14:33:31.516Z,sell,7e-06,3249.0,0.022743
NAS/BTC,1643726011520,2022-02-01T14:33:31.520Z,sell,7e-06,447.0,0.003129
NAS/BTC,1643726012051,2022-02-01T14:33:32.051Z,buy,7e-06,102.0,0.000714
