symbol,timestamp,datetime,side,price,amount,btc_volume
NAS/BTC,1636729205420,2021-11-12T15:00:05.420Z,buy,8.2e-06,102.0,0.0008364
NAS/BTC,1636729247135,2021-11-12T15:00:47.135Z,sell,8.1e-06,83.0,0.0006723
NAS/BTC,1636729282585,2021-11-12T15:01:22.585Z,sell,8.1e-06,100.0,0.0008100000000000001
NAS/BTC,1636729296198,2021-11-12T15:01:36.198Z,buy,8.2e-06,25.0,0.000205
NAS/BTC,1636729310998,2021-11-12T15:01:50.998Z,sell,8.1e-06,326.0,0.0026406000000000003
NAS/BTC,1636729372165,2021-11-12T15:02:52.165Z,sell,8.1e-06,33.0,0.0002673
NAS/BTC,1636729375430,2021-11-12T15:02:55.430Z,sell,8.1e-06,92.0,0.0007452
NAS/BTC,1636729437538,2021-11-12T15:03:57.538Z,sell,8.1e-06,85.0,0.0006885
NAS/BTC,1636729488061,2021-11-12T15:04:48.061Z,sell,8.1e-06,13.0,0.00010530000000000001
NAS/BTC,1636729526236,2021-11-12T15:05:26.236Z,sell,8.1e-06,306.0,0.0024786
NAS/BTC,1636729581340,2021-11-12T15:06:21.340Z,buy,8.2e-06,5.0,4.0999999999999994e-05
NAS/BTC,1636729595618,2021-11-12T15:06:35.618Z,sell,8.1e-06,61.0,0.0004941
NAS/BTC,1636729600231,2021-11-12T15:06:40.231Z,sell,8.1e-06,838.0,0.0067878
NAS/BTC,1636729622133,2021-11-12T15:07:02.133Z,buy,8.2e-06,1462.0,0.0119884
NAS/BTC,1636729659589,2021-11-12T15:07:39.589Z,buy,8.2e-06,660.0,0.005411999999999999
NAS/BTC,1636729667837,2021-11-12T15:07:47.837Z,sell,8.1e-06,545.0,0.0044145
NAS/BTC,1636729730419,2021-11-12T15:08:50.419Z,sell,8.1e-06,749.0,0.0060669
NAS/BTC,1636729760171,2021-11-12T15:09:20.171Z,sell,8.1e-06,256.0,0.0020736
NAS/BTC,1636729798773,2021-11-12T15:09:58.773Z,sell,8.1e-06,807.0,0.0065367
NAS/BTC,1636729886032,2021-11-12T15:11:26.032Z,sell,8.1e-06,356.0,0.0028836
NAS/BTC,1636729948839,2021-11-12T15:12:28.839Z,sell,8.1e-06,149.0,0.0012069000000000001
NAS/BTC,1636730017188,2021-11-12T15:13:37.188Z,sell,8.1e-06,599.0,0.0048519
NAS/BTC,1636730093863,2021-11-12T15:14:53.863Z,sell,8.1e-06,420.0,0.003402
NAS/BTC,1636730156829,2021-11-12T15:15:56.829Z,sell,8.1e-06,399.0,0.0032319000000000002
NAS/BTC,1636730218428,2021-11-12T15:16:58.428Z,sell,8.1e-06,728.0,0.005896800000000001
NAS/BTC,1636730306261,2021-11-12T15:18:26.261Z,sell,8.1e-06,337.0,0.0027297000000000003
NAS/BTC,1636730329237,2021-11-12T15:18:49.237Z,buy,8.2e-06,179.0,0.0014677999999999998
NAS/BTC,1636730355539,2021-11-12T15:19:15.539Z,sell,8.1e-06,291.0,0.0023571
NAS/BTC,1636730382873,2021-11-12T15:19:42.873Z,sell,8.1e-06,879.0,0.0071199
NAS/BTC,1636730395730,2021-11-12T15:19:55.730Z,sell,8.1e-06,133.0,0.0010773
NAS/BTC,1636730414708,2021-11-12T15:20:14.708Z,buy,8.2e-06,593.0,0.0048626
NAS/BTC,1636730479012,2021-11-12T15:21:19.012Z,sell,8.1e-06,724.0,0.0058644000000000005
NAS/BTC,1636730556092,2021-11-12T15:22:36.092Z,sell,8.1e-06,123.0,0.0009963
NAS/BTC,1636730620725,2021-11-12T15:23:40.725Z,sell,8.1e-06,829.0,0.0067149
NAS/BTC,1636730684935,2021-11-12T15:24:44.935Z,sell,8.1e-06,140.0,0.001134
NAS/BTC,1636730689182,2021-11-12T15:24:49.182Z,buy,8.2e-06,544.0,0.0044608
NAS/BTC,1636730697237,2021-11-12T15:24:57.237Z,sell,8.1e-06,800.0,0.0064800000000000005
NAS/BTC,1636730768627,2021-11-12T15:26:08.627Z,sell,8.1e-06,380.0,0.003078
NAS/BTC,1636730848937,2021-11-12T15:27:28.937Z,sell,8.1e-06,16.0,0.0001296
NAS/BTC,1636730851468,2021-11-12T15:27:31.468Z,buy,8.2e-06,371.0,0.0030421999999999997
NAS/BTC,1636730906736,2021-11-12T15:28:26.736Z,buy,8.2e-06,37.0,0.0003034
NAS/BTC,1636730924194,2021-11-12T15:28:44.194Z,sell,8.1e-06,101.0,0.0008181
NAS/BTC,1636730932774,2021-11-12T15:28:52.774Z,sell,8.1e-06,50.0,0.00040500000000000003
NAS/BTC,1636730984744,2021-11-12T15:29:44.744Z,buy,8.2e-06,510.0,0.004182
NAS/BTC,1636731026161,2021-11-12T15:30:26.161Z,buy,8.2e-06,187.0,0.0015333999999999999
NAS/BTC,1636731029445,2021-11-12T15:30:29.445Z,sell,8.1e-06,47.0,0.00038070000000000004
NAS/BTC,1636731049278,2021-11-12T15:30:49.278Z,sell,8.1e-06,66.0,0.0005346
NAS/BTC,1636731103676,2021-11-12T15:31:43.676Z,sell,8.1e-06,10000.0,0.081
NAS/BTC,1636731135055,2021-11-12T15:32:15.055Z,buy,8.2e-06,486.0,0.0039851999999999995
NAS/BTC,1636731152905,2021-11-12T15:32:32.905Z,buy,8.2e-06,1219.0,0.009995799999999999
NAS/BTC,1636731186785,2021-11-12T15:33:06.785Z,buy,8.2e-06,1907.0,0.0156374
NAS/BTC,1636731206346,2021-11-12T15:33:26.346Z,buy,8.2e-06,770.0,0.006313999999999999
NAS/BTC,1636731268218,2021-11-12T15:34:28.218Z,sell,8.1e-06,97.0,0.0007857000000000001
NAS/BTC,1636731272349,2021-11-12T15:34:32.349Z,buy,8.2e-06,113.0,0.0009266
NAS/BTC,1636731331753,2021-11-12T15:35:31.753Z,buy,8.2e-06,384.0,0.0031487999999999998
NAS/BTC,1636731392096,2021-11-12T15:36:32.096Z,buy,8.2e-06,488.0,0.0040016
NAS/BTC,1636731459587,2021-11-12T15:37:39.587Z,buy,8.2e-06,382.0,0.0031323999999999996
NAS/BTC,1636731520749,2021-11-12T15:38:40.749Z,sell,8.1e-06,117.0,0.0009477
NAS/BTC,1636731581326,2021-11-12T15:39:41.326Z,buy,8.2e-06,346.0,0.0028372
NAS/BTC,1636731649537,2021-11-12T15:40:49.537Z,buy,8.2e-06,321.0,0.0026322
NAS/BTC,1636731702514,2021-11-12T15:41:42.514Z,buy,8.2e-06,192.0,0.0015743999999999999
NAS/BTC,1636731735635,2021-11-12T15:42:15.635Z,sell,8.1e-06,150.0,0.0012150000000000002
NAS/BTC,1636731798422,2021-11-12T15:43:18.422Z,sell,8.1e-06,108.0,0.0008748
NAS/BTC,1636731860894,2021-11-12T15:44:20.894Z,buy,8.2e-06,499.0,0.0040918
NAS/BTC,1636731949196,2021-11-12T15:45:49.196Z,sell,8.1e-06,117.0,0.0009477
NAS/BTC,1636732014942,2021-11-12T15:46:54.942Z,buy,8.2e-06,447.0,0.0036653999999999996
NAS/BTC,1636732101576,2021-11-12T15:48:21.576Z,sell,8.1e-06,58.0,0.00046980000000000004
NAS/BTC,1636732116816,2021-11-12T15:48:36.816Z,buy,8.2e-06,15.0,0.00012299999999999998
NAS/BTC,1636732173773,2021-11-12T15:49:33.773Z,buy,8.2e-06,414.0,0.0033948
NAS/BTC,1636732175547,2021-11-12T15:49:35.547Z,sell,8.1e-06,25.0,0.00020250000000000002
NAS/BTC,1636732247480,2021-11-12T15:50:47.480Z,sell,8.1e-06,78.0,0.0006318000000000001
NAS/BTC,1636732276370,2021-11-12T15:51:16.370Z,sell,8.1e-06,100.0,0.0008100000000000001
NAS/BTC,1636732323554,2021-11-12T15:52:03.554Z,buy,8.2e-06,800.0,0.00656
NAS/BTC,1636732334423,2021-11-12T15:52:14.423Z,buy,8.2e-06,16.0,0.0001312
NAS/BTC,1636732348585,2021-11-12T15:52:28.585Z,buy,8.2e-06,60.0,0.0004919999999999999
NAS/BTC,1636732407491,2021-11-12T15:53:27.491Z,buy,8.2e-06,818.0,0.006707599999999999
NAS/BTC,1636732408436,2021-11-12T15:53:28.436Z,sell,8.1e-06,267.0,0.0021627
NAS/BTC,1636732467762,2021-11-12T15:54:27.762Z,buy,8.2e-06,434.0,0.0035587999999999996
NAS/BTC,1636732545439,2021-11-12T15:55:45.439Z,buy,8.2e-06,517.0,0.0042394
NAS/BTC,1636732619073,2021-11-12T15:56:59.073Z,buy,8.2e-06,634.0,0.0051988
NAS/BTC,1636732645231,2021-11-12T15:57:25.231Z,sell,8.1e-06,25.0,0.00020250000000000002
NAS/BTC,1636732708117,2021-11-12T15:58:28.117Z,sell,8.1e-06,143.0,0.0011583000000000001
NAS/BTC,1636732776035,2021-11-12T15:59:36.035Z,sell,8.1e-06,63.0,0.0005103
NAS/BTC,1636732776035,2021-11-12T15:59:36.035Z,sell,8.1e-06,63.0,0.0005103
NAS/BTC,1636732847493,2021-11-12T16:00:47.493Z,sell,8.1e-06,664.0,0.0053784
NAS/BTC,1636732850235,2021-11-12T16:00:50.235Z,sell,8.1e-06,1905.0,0.015430500000000002
NAS/BTC,1636732853806,2021-11-12T16:00:53.806Z,sell,8.1e-06,5429.0,0.043974900000000004
NAS/BTC,1636732861428,2021-11-12T16:01:01.428Z,sell,8.1e-06,79.0,0.0006399
NAS/BTC,1636732926233,2021-11-12T16:02:06.233Z,buy,8.2e-06,659.0,0.005403799999999999
NAS/BTC,1636732943721,2021-11-12T16:02:23.721Z,sell,8.1e-06,426.0,0.0034506000000000003
NAS/BTC,1636732968284,2021-11-12T16:02:48.284Z,sell,8.1e-06,1102.0,0.0089262
NAS/BTC,1636733000680,2021-11-12T16:03:20.680Z,buy,8.2e-06,344.0,0.0028207999999999996
NAS/BTC,1636733013481,2021-11-12T16:03:33.481Z,buy,8.2e-06,562.0,0.0046083999999999995
NAS/BTC,1636733070125,2021-11-12T16:04:30.125Z,sell,8.1e-06,50.0,0.00040500000000000003
NAS/BTC,1636733072798,2021-11-12T16:04:32.798Z,sell,8.1e-06,114.0,0.0009234
NAS/BTC,1636733079279,2021-11-12T16:04:39.279Z,buy,8.2e-06,502.0,0.0041164
NAS/BTC,1636733147165,2021-11-12T16:05:47.165Z,sell,8.1e-06,47.0,0.00038070000000000004
NAS/BTC,1636733152486,2021-11-12T16:05:52.486Z,sell,8.1e-06,112.0,0.0009072
NAS/BTC,1636733222967,2021-11-12T16:07:02.967Z,sell,8.1e-06,1000.0,0.0081
NAS/BTC,1636733230936,2021-11-12T16:07:10.936Z,sell,8.1e-06,83.0,0.0006723
NAS/BTC,1636733236443,2021-11-12T16:07:16.443Z,sell,8.1e-06,179.0,0.0014499
NAS/BTC,1636733268539,2021-11-12T16:07:48.539Z,buy,8.2e-06,345.0,0.002829
NAS/BTC,1636733301964,2021-11-12T16:08:21.964Z,buy,8.2e-06,492.0,0.0040344
NAS/BTC,1636733322328,2021-11-12T16:08:42.328Z,sell,8.1e-06,1652.0,0.013381200000000001
NAS/BTC,1636733322361,2021-11-12T16:08:42.361Z,sell,8.1e-06,120.0,0.000972
NAS/BTC,1636733369631,2021-11-12T16:09:29.631Z,sell,8.1e-06,399.0,0.0032319000000000002
NAS/BTC,1636733433142,2021-11-12T16:10:33.142Z,sell,8.1e-06,591.0,0.0047871
NAS/BTC,1636733494522,2021-11-12T16:11:34.522Z,sell,8.1e-06,100.0,0.0008100000000000001
NAS/BTC,1636733525890,2021-11-12T16:12:05.890Z,sell,8.1e-06,111.0,0.0008991
NAS/BTC,1636733532539,2021-11-12T16:12:12.539Z,sell,8.1e-06,194.0,0.0015714000000000001
NAS/BTC,1636733557468,2021-11-12T16:12:37.468Z,sell,8.1e-06,111.0,0.0008991
NAS/BTC,1636733561165,2021-11-12T16:12:41.165Z,sell,8.1e-06,77.0,0.0006237
NAS/BTC,1636733566404,2021-11-12T16:12:46.404Z,sell,8.1e-06,381.0,0.0030861
NAS/BTC,1636733578755,2021-11-12T16:12:58.755Z,sell,8.1e-06,111.0,0.0008991
NAS/BTC,1636733588229,2021-11-12T16:13:08.229Z,buy,8.2e-06,309.0,0.0025337999999999997
NAS/BTC,1636733599667,2021-11-12T16:13:19.667Z,sell,8.1e-06,111.0,0.0008991
NAS/BTC,1636733635109,2021-11-12T16:13:55.109Z,buy,8.2e-06,66.0,0.0005411999999999999
NAS/BTC,1636733639363,2021-11-12T16:13:59.363Z,sell,8.1e-06,26.0,0.00021060000000000002
NAS/BTC,1636733641946,2021-11-12T16:14:01.946Z,sell,8.1e-06,672.0,0.0054432000000000005
NAS/BTC,1636733671175,2021-11-12T16:14:31.175Z,buy,8.2e-06,38.0,0.0003116
NAS/BTC,1636733703714,2021-11-12T16:15:03.714Z,buy,8.2e-06,886.0,0.0072651999999999994
NAS/BTC,1636733709003,2021-11-12T16:15:09.003Z,sell,8.1e-06,161.0,0.0013041
NAS/BTC,1636733734727,2021-11-12T16:15:34.727Z,buy,8.2e-06,13.0,0.00010659999999999999
NAS/BTC,1636733738845,2021-11-12T16:15:38.845Z,sell,8.1e-06,145.0,0.0011745
NAS/BTC,1636733738884,2021-11-12T16:15:38.884Z,sell,8.1e-06,185.0,0.0014985
NAS/BTC,1636733784215,2021-11-12T16:16:24.215Z,sell,8.1e-06,369.0,0.0029889
NAS/BTC,1636733865966,2021-11-12T16:17:45.966Z,sell,8.1e-06,824.0,0.0066744000000000005
NAS/BTC,1636733936750,2021-11-12T16:18:56.750Z,sell,8.1e-06,794.0,0.0064314
NAS/BTC,1636733964843,2021-11-12T16:19:24.843Z,sell,8.1e-06,58.0,0.00046980000000000004
NAS/BTC,1636734002065,2021-11-12T16:20:02.065Z,sell,8.1e-06,584.0,0.0047304
NAS/BTC,1636734010372,2021-11-12T16:20:10.372Z,sell,8.1e-06,103.0,0.0008343000000000001
NAS/BTC,1636734092010,2021-11-12T16:21:32.010Z,sell,8.1e-06,777.0,0.0062937
NAS/BTC,1636734162453,2021-11-12T16:22:42.453Z,sell,8.1e-06,418.0,0.0033858
NAS/BTC,1636734163904,2021-11-12T16:22:43.904Z,sell,8.1e-06,50.0,0.00040500000000000003
NAS/BTC,1636734164265,2021-11-12T16:22:44.265Z,sell,8.1e-06,1000.0,0.0081
NAS/BTC,1636734232585,2021-11-12T16:23:52.585Z,sell,8.1e-06,397.0,0.0032157
NAS/BTC,1636734297328,2021-11-12T16:24:57.328Z,sell,8.1e-06,1032.0,0.0083592
NAS/BTC,1636734308363,2021-11-12T16:25:08.363Z,buy,8.2e-06,23.0,0.00018859999999999998
NAS/BTC,1636734311130,2021-11-12T16:25:11.130Z,sell,8.1e-06,514.0,0.0041634
NAS/BTC,1636734390506,2021-11-12T16:26:30.506Z,sell,8.1e-06,162.0,0.0013122000000000001
NAS/BTC,1636734469384,2021-11-12T16:27:49.384Z,sell,8.1e-06,600.0,0.004860000000000001
NAS/BTC,1636734486655,2021-11-12T16:28:06.655Z,sell,8.1e-06,268.0,0.0021708
NAS/BTC,1636734506793,2021-11-12T16:28:26.793Z,sell,8.1e-06,128.0,0.0010368
NAS/BTC,1636734536522,2021-11-12T16:28:56.522Z,sell,8.1e-06,91.0,0.0007371000000000001
NAS/BTC,1636734601940,2021-11-12T16:30:01.940Z,sell,8.1e-06,289.0,0.0023409
NAS/BTC,1636734674474,2021-11-12T16:31:14.474Z,sell,8.1e-06,123.0,0.0009963
NAS/BTC,1636734716659,2021-11-12T16:31:56.659Z,sell,8.1e-06,370.0,0.002997
NAS/BTC,1636734752468,2021-11-12T16:32:32.468Z,sell,8.1e-06,414.0,0.0033534000000000003
NAS/BTC,1636734788806,2021-11-12T16:33:08.806Z,buy,8.2e-06,13.0,0.00010659999999999999
NAS/BTC,1636734795186,2021-11-12T16:33:15.186Z,sell,8.1e-06,1681.0,0.0136161
NAS/BTC,1636734811683,2021-11-12T16:33:31.683Z,sell,8.1e-06,1664.0,0.013478400000000001
NAS/BTC,1636734819265,2021-11-12T16:33:39.265Z,sell,8.1e-06,1873.0,0.0151713
NAS/BTC,1636734821848,2021-11-12T16:33:41.848Z,sell,8.1e-06,375.0,0.0030375000000000003
NAS/BTC,1636734840608,2021-11-12T16:34:00.608Z,sell,8.1e-06,1289.0,0.010440900000000001
NAS/BTC,1636734840951,2021-11-12T16:34:00.951Z,buy,8.1e-06,42.0,0.00034020000000000003
NAS/BTC,1636734895578,2021-11-12T16:34:55.578Z,buy,8.1e-06,594.0,0.0048114
NAS/BTC,1636734984751,2021-11-12T16:36:24.751Z,buy,8.1e-06,823.0,0.0066663
NAS/BTC,1636735046561,2021-11-12T16:37:26.561Z,buy,8.1e-06,563.0,0.004560300000000001
NAS/BTC,1636735119583,2021-11-12T16:38:39.583Z,buy,8.1e-06,317.0,0.0025677
NAS/BTC,1636735189057,2021-11-12T16:39:49.057Z,buy,8.1e-06,717.0,0.0058077
NAS/BTC,1636735261194,2021-11-12T16:41:01.194Z,buy,8.1e-06,344.0,0.0027864
NAS/BTC,1636735335213,2021-11-12T16:42:15.213Z,sell,8e-06,148.0,0.001184
NAS/BTC,1636735403578,2021-11-12T16:43:23.578Z,buy,8.1e-06,682.0,0.0055242
NAS/BTC,1636735477201,2021-11-12T16:44:37.201Z,sell,8e-06,72.0,0.000576
NAS/BTC,1636735544759,2021-11-12T16:45:44.759Z,buy,8.1e-06,653.0,0.0052893
NAS/BTC,1636735570408,2021-11-12T16:46:10.408Z,sell,8e-06,12100.0,0.0968
NAS/BTC,1636735588051,2021-11-12T16:46:28.051Z,sell,8e-06,486.0,0.003888
NAS/BTC,1636735612270,2021-11-12T16:46:52.270Z,sell,8e-06,162.0,0.0012959999999999998
NAS/BTC,1636735622691,2021-11-12T16:47:02.691Z,sell,8e-06,62.0,0.000496
NAS/BTC,1636735706970,2021-11-12T16:48:26.970Z,sell,8e-06,100.0,0.0007999999999999999
NAS/BTC,1636735769410,2021-11-12T16:49:29.410Z,sell,8e-06,820.0,0.00656
NAS/BTC,1636735820815,2021-11-12T16:50:20.815Z,buy,8.1e-06,111.0,0.0008991
NAS/BTC,1636735847259,2021-11-12T16:50:47.259Z,buy,8.1e-06,290.0,0.002349
NAS/BTC,1636735916443,2021-11-12T16:51:56.443Z,sell,8e-06,62.0,0.000496
NAS/BTC,1636735982615,2021-11-12T16:53:02.615Z,buy,8.1e-06,774.0,0.0062694000000000005
NAS/BTC,1636736047514,2021-11-12T16:54:07.514Z,sell,8e-06,60.0,0.00047999999999999996
NAS/BTC,1636736047620,2021-11-12T16:54:07.620Z,sell,8e-06,84.0,0.000672
NAS/BTC,1636736084020,2021-11-12T16:54:44.020Z,sell,8e-06,28090.0,0.22472
NAS/BTC,1636736084020,2021-11-12T16:54:44.020Z,sell,7.9e-06,99552.0,0.7864608000000001
NAS/BTC,1636736084020,2021-11-12T16:54:44.020Z,sell,7.8e-06,28178.0,0.2197884
NAS/BTC,1636736084056,2021-11-12T16:54:44.056Z,buy,8e-06,94.0,0.000752
NAS/BTC,1636736084135,2021-11-12T16:54:44.135Z,buy,8e-06,1751.0,0.014008
NAS/BTC,1636736084224,2021-11-12T16:54:44.224Z,buy,8e-06,738.0,0.0059039999999999995
NAS/BTC,1636736084790,2021-11-12T16:54:44.790Z,buy,8e-06,112.0,0.000896
NAS/BTC,1636736085883,2021-11-12T16:54:45.883Z,buy,8e-06,352.0,0.002816
NAS/BTC,1636736086076,2021-11-12T16:54:46.076Z,sell,7.9e-06,43.0,0.0003397
NAS/BTC,1636736086910,2021-11-12T16:54:46.910Z,sell,7.9e-06,30.0,0.00023700000000000001
NAS/BTC,1636736088111,2021-11-12T16:54:48.111Z,sell,7.9e-06,9930.0,0.078447
NAS/BTC,1636736088119,2021-11-12T16:54:48.119Z,buy,7.9e-06,1237.0,0.009772300000000001
NAS/BTC,1636736088120,2021-11-12T16:54:48.120Z,buy,7.9e-06,49.0,0.00038710000000000003
NAS/BTC,1636736088123,2021-11-12T16:54:48.123Z,buy,7.9e-06,585.0,0.004621500000000001
NAS/BTC,1636736088152,2021-11-12T16:54:48.152Z,buy,7.9e-06,9120.0,0.072048
NAS/BTC,1636736088218,2021-11-12T16:54:48.218Z,buy,7.9e-06,6080.0,0.048032000000000005
NAS/BTC,1636736088281,2021-11-12T16:54:48.281Z,buy,7.9e-06,620.0,0.0048980000000000004
NAS/BTC,1636736088289,2021-11-12T16:54:48.289Z,buy,7.9e-06,3030.0,0.023937000000000003
NAS/BTC,1636736088339,2021-11-12T16:54:48.339Z,buy,7.9e-06,1689.0,0.013343100000000002
NAS/BTC,1636736094446,2021-11-12T16:54:54.446Z,sell,7.9e-06,6303.0,0.0497937
NAS/BTC,1636736100402,2021-11-12T16:55:00.402Z,buy,8e-06,315.0,0.0025199999999999997
NAS/BTC,1636736108169,2021-11-12T16:55:08.169Z,buy,8e-06,13.0,0.000104
NAS/BTC,1636736108321,2021-11-12T16:55:08.321Z,buy,8e-06,22.0,0.000176
NAS/BTC,1636736119409,2021-11-12T16:55:19.409Z,sell,7.9e-06,385.0,0.0030415000000000004
NAS/BTC,1636736121469,2021-11-12T16:55:21.469Z,buy,8e-06,24.0,0.000192
NAS/BTC,1636736193364,2021-11-12T16:56:33.364Z,buy,8e-06,784.0,0.006272
NAS/BTC,1636736274786,2021-11-12T16:57:54.786Z,buy,8e-06,363.0,0.002904
NAS/BTC,1636736313810,2021-11-12T16:58:33.810Z,sell,7.9e-06,71.0,0.0005609
NAS/BTC,1636736343840,2021-11-12T16:59:03.840Z,sell,7.9e-06,99.0,0.0007821000000000001
NAS/BTC,1636736362372,2021-11-12T16:59:22.372Z,sell,7.9e-06,194.0,0.0015326
NAS/BTC,1636736362372,2021-11-12T16:59:22.372Z,sell,7.9e-06,194.0,0.0015326
NAS/BTC,1636736414524,2021-11-12T17:00:14.524Z,buy,8e-06,60.0,0.00047999999999999996
NAS/BTC,1636736431394,2021-11-12T17:00:31.394Z,sell,7.9e-06,389.0,0.0030731
NAS/BTC,1636736493056,2021-11-12T17:01:33.056Z,sell,7.9e-06,794.0,0.006272600000000001
NAS/BTC,1636736555903,2021-11-12T17:02:35.903Z,sell,7.9e-06,57.0,0.00045030000000000005
NAS/BTC,1636736561030,2021-11-12T17:02:41.030Z,buy,8e-06,63.0,0.000504
NAS/BTC,1636736643994,2021-11-12T17:04:03.994Z,sell,7.9e-06,233.0,0.0018407000000000002
NAS/BTC,1636736650508,2021-11-12T17:04:10.508Z,sell,7.9e-06,805.0,0.006359500000000001
NAS/BTC,1636736686803,2021-11-12T17:04:46.803Z,sell,7.9e-06,16.0,0.0001264
NAS/BTC,1636736729488,2021-11-12T17:05:29.488Z,sell,7.9e-06,319.0,0.0025201000000000004
NAS/BTC,1636736768420,2021-11-12T17:06:08.420Z,buy,8e-06,113.0,0.000904
NAS/BTC,1636736797016,2021-11-12T17:06:37.016Z,buy,8e-06,127.0,0.001016
NAS/BTC,1636736812791,2021-11-12T17:06:52.791Z,buy,8e-06,26.0,0.000208
NAS/BTC,1636736852353,2021-11-12T17:07:32.353Z,sell,7.9e-06,881.0,0.006959900000000001
NAS/BTC,1636736858226,2021-11-12T17:07:38.226Z,buy,8e-06,63.0,0.000504
NAS/BTC,1636736865826,2021-11-12T17:07:45.826Z,sell,7.9e-06,539.0,0.0042581
NAS/BTC,1636736896242,2021-11-12T17:08:16.242Z,buy,8e-06,8895.0,0.07116
NAS/BTC,1636736933444,2021-11-12T17:08:53.444Z,sell,7.9e-06,605.0,0.004779500000000001
NAS/BTC,1636736954136,2021-11-12T17:09:14.136Z,sell,7.9e-06,343.0,0.0027097
NAS/BTC,1636736995114,2021-11-12T17:09:55.114Z,buy,8e-06,96.0,0.000768
NAS/BTC,1636737067790,2021-11-12T17:11:07.790Z,sell,7.9e-06,308.0,0.0024332000000000004
NAS/BTC,1636737103078,2021-11-12T17:11:43.078Z,sell,7.9e-06,98.0,0.0007742000000000001
NAS/BTC,1636737134630,2021-11-12T17:12:14.630Z,buy,8e-06,116.0,0.000928
NAS/BTC,1636737211224,2021-11-12T17:13:31.224Z,buy,8e-06,50.0,0.00039999999999999996
NAS/BTC,1636737211681,2021-11-12T17:13:31.681Z,sell,7.9e-06,466.0,0.0036814000000000005
NAS/BTC,1636737293932,2021-11-12T17:14:53.932Z,sell,7.9e-06,756.0,0.0059724
NAS/BTC,1636737353999,2021-11-12T17:15:53.999Z,buy,8e-06,141.0,0.0011279999999999999
NAS/BTC,1636737362113,2021-11-12T17:16:02.113Z,buy,8e-06,31.0,0.000248
NAS/BTC,1636737440238,2021-11-12T17:17:20.238Z,sell,7.9e-06,354.0,0.0027966
NAS/BTC,1636737517655,2021-11-12T17:18:37.655Z,buy,8e-06,153.0,0.001224
NAS/BTC,1636737591238,2021-11-12T17:19:51.238Z,sell,7.9e-06,360.0,0.002844
NAS/BTC,1636737609101,2021-11-12T17:20:09.101Z,buy,8e-06,58.0,0.000464
NAS/BTC,1636737657649,2021-11-12T17:20:57.649Z,sell,7.9e-06,323.0,0.0025517
NAS/BTC,1636737712301,2021-11-12T17:21:52.301Z,buy,8e-06,5.0,3.9999999999999996e-05
NAS/BTC,1636737736545,2021-11-12T17:22:16.545Z,sell,7.9e-06,671.0,0.005300900000000001
NAS/BTC,1636737779402,2021-11-12T17:22:59.402Z,buy,8e-06,15.0,0.00011999999999999999
NAS/BTC,1636737799687,2021-11-12T17:23:19.687Z,buy,8e-06,107.0,0.000856
NAS/BTC,1636737810461,2021-11-12T17:23:30.461Z,buy,8e-06,356.0,0.002848
NAS/BTC,1636737888901,2021-11-12T17:24:48.901Z,buy,8e-06,95.0,0.0007599999999999999
NAS/BTC,1636737964270,2021-11-12T17:26:04.270Z,sell,7.9e-06,430.0,0.0033970000000000003
NAS/BTC,1636738040237,2021-11-12T17:27:20.237Z,sell,7.9e-06,425.0,0.0033575000000000002
NAS/BTC,1636738124521,2021-11-12T17:28:44.521Z,sell,7.9e-06,689.0,0.0054431
NAS/BTC,1636738131946,2021-11-12T17:28:51.946Z,buy,8e-06,279.0,0.002232
NAS/BTC,1636738188796,2021-11-12T17:29:48.796Z,buy,8e-06,44738.0,0.357904
NAS/BTC,1636738188802,2021-11-12T17:29:48.802Z,sell,8e-06,360.0,0.0028799999999999997
NAS/BTC,1636738188802,2021-11-12T17:29:48.802Z,sell,8e-06,360.0,0.0028799999999999997
NAS/BTC,1636738188807,2021-11-12T17:29:48.807Z,sell,8e-06,15.0,0.00011999999999999999
NAS/BTC,1636738188809,2021-11-12T17:29:48.809Z,sell,8e-06,184.0,0.001472
NAS/BTC,1636738188832,2021-11-12T17:29:48.832Z,sell,8e-06,1616.0,0.012928
NAS/BTC,1636738188856,2021-11-12T17:29:48.856Z,sell,8e-06,336.0,0.002688
NAS/BTC,1636738188857,2021-11-12T17:29:48.857Z,sell,8e-06,1293.0,0.010343999999999999
NAS/BTC,1636738188864,2021-11-12T17:29:48.864Z,sell,8e-06,2940.0,0.02352
NAS/BTC,1636738188868,2021-11-12T17:29:48.868Z,sell,8e-06,662.0,0.0052959999999999995
NAS/BTC,1636738188889,2021-11-12T17:29:48.889Z,sell,8e-06,177.0,0.001416
NAS/BTC,1636738188928,2021-11-12T17:29:48.928Z,sell,8e-06,2940.0,0.02352
NAS/BTC,1636738188932,2021-11-12T17:29:48.932Z,sell,8e-06,136.0,0.001088
NAS/BTC,1636738198127,2021-11-12T17:29:58.127Z,sell,8e-06,1480.0,0.01184
NAS/BTC,1636738204979,2021-11-12T17:30:04.979Z,buy,8.1e-06,430.0,0.003483
NAS/BTC,1636738290875,2021-11-12T17:31:30.875Z,buy,8.1e-06,723.0,0.0058563
NAS/BTC,1636738379334,2021-11-12T17:32:59.334Z,sell,8e-06,81.0,0.0006479999999999999
NAS/BTC,1636738453267,2021-11-12T17:34:13.267Z,buy,8.1e-06,413.0,0.0033453000000000003
NAS/BTC,1636738460508,2021-11-12T17:34:20.508Z,buy,8.1e-06,532.0,0.0043092
NAS/BTC,1636738546333,2021-11-12T17:35:46.333Z,buy,8.1e-06,619.0,0.0050139
NAS/BTC,1636738620124,2021-11-12T17:37:00.124Z,buy,8.1e-06,782.0,0.0063342
NAS/BTC,1636738680951,2021-11-12T17:38:00.951Z,buy,8.1e-06,629.0,0.0050949
NAS/BTC,1636738766519,2021-11-12T17:39:26.519Z,buy,8.1e-06,524.0,0.004244400000000001
NAS/BTC,1636738831058,2021-11-12T17:40:31.058Z,buy,8.1e-06,473.0,0.0038313
NAS/BTC,1636738900213,2021-11-12T17:41:40.213Z,buy,8.1e-06,648.0,0.0052488000000000005
NAS/BTC,1636738961758,2021-11-12T17:42:41.758Z,buy,8.1e-06,668.0,0.0054108
NAS/BTC,1636739040486,2021-11-12T17:44:00.486Z,sell,8e-06,97.0,0.000776
NAS/BTC,1636739118321,2021-11-12T17:45:18.321Z,sell,8e-06,99.0,0.000792
NAS/BTC,1636739121776,2021-11-12T17:45:21.776Z,sell,8e-06,50.0,0.00039999999999999996
NAS/BTC,1636739205027,2021-11-12T17:46:45.027Z,buy,8.1e-06,337.0,0.0027297000000000003
NAS/BTC,1636739278155,2021-11-12T17:47:58.155Z,buy,8.1e-06,793.0,0.006423300000000001
NAS/BTC,1636739280058,2021-11-12T17:48:00.058Z,buy,8.1e-06,186.0,0.0015066
NAS/BTC,1636739295165,2021-11-12T17:48:15.165Z,buy,8.1e-06,16.0,0.0001296
NAS/BTC,1636739309524,2021-11-12T17:48:29.524Z,sell,8e-06,2967.0,0.023736
NAS/BTC,1636739334457,2021-11-12T17:48:54.457Z,buy,8.1e-06,4.0,3.24e-05
NAS/BTC,1636739361525,2021-11-12T17:49:21.525Z,buy,8.1e-06,623.0,0.0050463
NAS/BTC,1636739430450,2021-11-12T17:50:30.450Z,buy,8.1e-06,688.0,0.0055728
NAS/BTC,1636739492300,2021-11-12T17:51:32.300Z,buy,8.1e-06,431.0,0.0034911
NAS/BTC,1636739573658,2021-11-12T17:52:53.658Z,buy,8.1e-06,302.0,0.0024462
NAS/BTC,1636739638137,2021-11-12T17:53:58.137Z,buy,8.1e-06,799.0,0.0064719
NAS/BTC,1636739709188,2021-11-12T17:55:09.188Z,sell,8e-06,94.0,0.000752
NAS/BTC,1636739772325,2021-11-12T17:56:12.325Z,buy,8.1e-06,480.0,0.003888
NAS/BTC,1636739843486,2021-11-12T17:57:23.486Z,buy,8.1e-06,361.0,0.0029241000000000002
NAS/BTC,1636739929178,2021-11-12T17:58:49.178Z,buy,8.1e-06,559.0,0.0045279000000000005
NAS/BTC,1636739934944,2021-11-12T17:58:54.944Z,buy,8.1e-06,203.0,0.0016443
NAS/BTC,1636739934944,2021-11-12T17:58:54.944Z,buy,8.1e-06,203.0,0.0016443
NAS/BTC,1636739969763,2021-11-12T17:59:29.763Z,buy,8.1e-06,285.0,0.0023085000000000002
NAS/BTC,1636740016687,2021-11-12T18:00:16.687Z,buy,8.1e-06,600.0,0.004860000000000001
NAS/BTC,1636740026000,2021-11-12T18:00:26.000Z,buy,8.1e-06,5.0,4.05e-05
NAS/BTC,1636740092268,2021-11-12T18:01:32.268Z,buy,8.1e-06,484.0,0.0039204
NAS/BTC,1636740162388,2021-11-12T18:02:42.388Z,sell,8e-06,67.0,0.000536
NAS/BTC,1636740195724,2021-11-12T18:03:15.724Z,sell,8e-06,285.0,0.00228
NAS/BTC,1636740223627,2021-11-12T18:03:43.627Z,sell,8e-06,19.0,0.00015199999999999998
NAS/BTC,1636740251028,2021-11-12T18:04:11.028Z,buy,8.1e-06,492.0,0.0039852
NAS/BTC,1636740267945,2021-11-12T18:04:27.945Z,sell,8e-06,56.0,0.000448
NAS/BTC,1636740283798,2021-11-12T18:04:43.798Z,sell,8e-06,49.0,0.000392
NAS/BTC,1636740326007,2021-11-12T18:05:26.007Z,sell,8e-06,203.0,0.001624
NAS/BTC,1636740340995,2021-11-12T18:05:40.995Z,buy,8.1e-06,764.0,0.0061884
NAS/BTC,1636740355669,2021-11-12T18:05:55.669Z,buy,8.1e-06,43.0,0.0003483
NAS/BTC,1636740385649,2021-11-12T18:06:25.649Z,buy,8.1e-06,97.0,0.0007857000000000001
NAS/BTC,1636740417279,2021-11-12T18:06:57.279Z,buy,8.1e-06,700.0,0.0056700000000000006
NAS/BTC,1636740499821,2021-11-12T18:08:19.821Z,sell,8e-06,128.0,0.001024
NAS/BTC,1636740567891,2021-11-12T18:09:27.891Z,buy,8.1e-06,532.0,0.0043092
NAS/BTC,1636740600616,2021-11-12T18:10:00.616Z,sell,8e-06,103.0,0.000824
NAS/BTC,1636740641396,2021-11-12T18:10:41.396Z,buy,8.1e-06,713.0,0.005775300000000001
NAS/BTC,1636740711707,2021-11-12T18:11:51.707Z,buy,8.1e-06,322.0,0.0026082
NAS/BTC,1636740781467,2021-11-12T18:13:01.467Z,buy,8.1e-06,290.0,0.002349
NAS/BTC,1636740844410,2021-11-12T18:14:04.410Z,sell,8e-06,166.0,0.001328
NAS/BTC,1636740921000,2021-11-12T18:15:21.000Z,buy,8.1e-06,746.0,0.0060426
NAS/BTC,1636740931086,2021-11-12T18:15:31.086Z,buy,8.1e-06,4000.0,0.0324
NAS/BTC,1636740992574,2021-11-12T18:16:32.574Z,buy,8.1e-06,358.0,0.0028998
NAS/BTC,1636741003241,2021-11-12T18:16:43.241Z,sell,8e-06,18.0,0.000144
NAS/BTC,1636741057585,2021-11-12T18:17:37.585Z,buy,8.1e-06,440.0,0.0035640000000000003
NAS/BTC,1636741118652,2021-11-12T18:18:38.652Z,sell,8e-06,157.0,0.001256
NAS/BTC,1636741189092,2021-11-12T18:19:49.092Z,buy,8.1e-06,679.0,0.0054999
NAS/BTC,1636741249380,2021-11-12T18:20:49.380Z,buy,8.1e-06,492.0,0.0039852
NAS/BTC,1636741253833,2021-11-12T18:20:53.833Z,sell,8e-06,73.0,0.000584
NAS/BTC,1636741279993,2021-11-12T18:21:19.993Z,buy,8.1e-06,13.0,0.00010530000000000001
NAS/BTC,1636741285477,2021-11-12T18:21:25.477Z,buy,8.1e-06,14.0,0.0001134
NAS/BTC,1636741314430,2021-11-12T18:21:54.430Z,sell,8e-06,160.0,0.0012799999999999999
NAS/BTC,1636741377786,2021-11-12T18:22:57.786Z,buy,8.1e-06,370.0,0.002997
NAS/BTC,1636741398266,2021-11-12T18:23:18.266Z,buy,8.1e-06,514.0,0.0041634
NAS/BTC,1636741472558,2021-11-12T18:24:32.558Z,buy,8.1e-06,432.0,0.0034992
NAS/BTC,1636741538976,2021-11-12T18:25:38.976Z,buy,8.1e-06,624.0,0.0050544000000000006
NAS/BTC,1636741608497,2021-11-12T18:26:48.497Z,buy,8.1e-06,5.0,4.05e-05
NAS/BTC,1636741611989,2021-11-12T18:26:51.989Z,sell,8e-06,74.0,0.000592
NAS/BTC,1636741674799,2021-11-12T18:27:54.799Z,buy,8.1e-06,405.0,0.0032805
NAS/BTC,1636741751308,2021-11-12T18:29:11.308Z,buy,8.1e-06,736.0,0.0059616
NAS/BTC,1636741813551,2021-11-12T18:30:13.551Z,buy,8.1e-06,5.0,4.05e-05
NAS/BTC,1636741840279,2021-11-12T18:30:40.279Z,buy,8.1e-06,456.0,0.0036936
NAS/BTC,1636741910626,2021-11-12T18:31:50.626Z,sell,8e-06,78.0,0.000624
NAS/BTC,1636741990451,2021-11-12T18:33:10.451Z,sell,8e-06,108.0,0.000864
NAS/BTC,1636742067889,2021-11-12T18:34:27.889Z,buy,8.1e-06,426.0,0.0034506000000000003
NAS/BTC,1636742145103,2021-11-12T18:35:45.103Z,sell,8e-06,117.0,0.000936
NAS/BTC,1636742221645,2021-11-12T18:37:01.645Z,buy,8.1e-06,406.0,0.0032886
NAS/BTC,1636742234073,2021-11-12T18:37:14.073Z,sell,8e-06,300.0,0.0024
NAS/BTC,1636742294495,2021-11-12T18:38:14.495Z,buy,8.1e-06,473.0,0.0038313
NAS/BTC,1636742373505,2021-11-12T18:39:33.505Z,buy,8.1e-06,112.0,0.0009072
NAS/BTC,1636742382004,2021-11-12T18:39:42.004Z,sell,8e-06,132.0,0.0010559999999999999
NAS/BTC,1636742460000,2021-11-12T18:41:00.000Z,buy,8.1e-06,493.0,0.0039933
NAS/BTC,1636742535142,2021-11-12T18:42:15.142Z,sell,8e-06,59.0,0.000472
NAS/BTC,1636742576137,2021-11-12T18:42:56.137Z,sell,8e-06,10782.0,0.086256
NAS/BTC,1636742577158,2021-11-12T18:42:57.158Z,sell,8e-06,7823.0,0.062584
NAS/BTC,1636742582973,2021-11-12T18:43:02.973Z,buy,8.1e-06,4.0,3.24e-05
NAS/BTC,1636742598504,2021-11-12T18:43:18.504Z,buy,8.1e-06,699.0,0.0056619
NAS/BTC,1636742666764,2021-11-12T18:44:26.764Z,sell,8e-06,85.0,0.0006799999999999999
NAS/BTC,1636742727101,2021-11-12T18:45:27.101Z,buy,8.1e-06,508.0,0.0041148
NAS/BTC,1636742732302,2021-11-12T18:45:32.302Z,buy,8.1e-06,13.0,0.00010530000000000001
NAS/BTC,1636742788467,2021-11-12T18:46:28.467Z,sell,8e-06,169.0,0.001352
NAS/BTC,1636742805832,2021-11-12T18:46:45.832Z,buy,8.1e-06,435.0,0.0035235
NAS/BTC,1636742877867,2021-11-12T18:47:57.867Z,buy,8.1e-06,556.0,0.0045036
NAS/BTC,1636742958879,2021-11-12T18:49:18.879Z,buy,8.1e-06,398.0,0.0032238
NAS/BTC,1636743003487,2021-11-12T18:50:03.487Z,buy,8.1e-06,5.0,4.05e-05
NAS/BTC,1636743009951,2021-11-12T18:50:09.951Z,sell,8e-06,125.0,0.001
NAS/BTC,1636743036222,2021-11-12T18:50:36.222Z,sell,8e-06,102.0,0.000816
NAS/BTC,1636743059409,2021-11-12T18:50:59.409Z,sell,8e-06,99.0,0.000792
NAS/BTC,1636743066195,2021-11-12T18:51:06.195Z,sell,8e-06,157.0,0.001256
NAS/BTC,1636743103776,2021-11-12T18:51:43.776Z,buy,8.1e-06,375.0,0.0030375000000000003
NAS/BTC,1636743193229,2021-11-12T18:53:13.229Z,buy,8.1e-06,293.0,0.0023733
NAS/BTC,1636743258820,2021-11-12T18:54:18.820Z,buy,8.1e-06,552.0,0.0044712
NAS/BTC,1636743272954,2021-11-12T18:54:32.954Z,buy,8.1e-06,5.0,4.05e-05
NAS/BTC,1636743290849,2021-11-12T18:54:50.849Z,sell,8e-06,1665.0,0.01332
NAS/BTC,1636743327444,2021-11-12T18:55:27.444Z,buy,8.1e-06,457.0,0.0037017
NAS/BTC,1636743412205,2021-11-12T18:56:52.205Z,buy,8.1e-06,309.0,0.0025029
NAS/BTC,1636743475264,2021-11-12T18:57:55.264Z,buy,8.1e-06,303.0,0.0024543
NAS/BTC,1636743489641,2021-11-12T18:58:09.641Z,sell,8e-06,61.0,0.000488
NAS/BTC,1636743519401,2021-11-12T18:58:39.401Z,sell,8e-06,375.0,0.003
NAS/BTC,1636743519401,2021-11-12T18:58:39.401Z,sell,8e-06,375.0,0.003
NAS/BTC,1636743550840,2021-11-12T18:59:10.840Z,buy,8.1e-06,465.0,0.0037665000000000003
NAS/BTC,1636743630552,2021-11-12T19:00:30.552Z,sell,8e-06,122.0,0.000976
NAS/BTC,1636743671955,2021-11-12T19:01:11.955Z,sell,8e-06,69.0,0.000552
NAS/BTC,1636743710702,2021-11-12T19:01:50.702Z,sell,8e-06,145.0,0.00116
NAS/BTC,1636743719623,2021-11-12T19:01:59.623Z,sell,8e-06,190.0,0.0015199999999999999
NAS/BTC,1636743721645,2021-11-12T19:02:01.645Z,sell,8e-06,465.0,0.0037199999999999998
NAS/BTC,1636743772989,2021-11-12T19:02:52.989Z,sell,8e-06,147.0,0.001176
NAS/BTC,1636743791313,2021-11-12T19:03:11.313Z,sell,8e-06,185.0,0.00148
NAS/BTC,1636743791326,2021-11-12T19:03:11.326Z,sell,8e-06,343.0,0.002744
NAS/BTC,1636743791327,2021-11-12T19:03:11.327Z,sell,8e-06,968.0,0.007744
NAS/BTC,1636743791360,2021-11-12T19:03:11.360Z,sell,8e-06,357.0,0.002856
NAS/BTC,1636743855030,2021-11-12T19:04:15.030Z,sell,8e-06,25.0,0.00019999999999999998
NAS/BTC,1636743860703,2021-11-12T19:04:20.703Z,buy,8.1e-06,701.0,0.0056781
NAS/BTC,1636743940933,2021-11-12T19:05:40.933Z,buy,8.1e-06,503.0,0.0040743
NAS/BTC,1636743948998,2021-11-12T19:05:48.998Z,buy,8.1e-06,16.0,0.0001296
NAS/BTC,1636744005156,2021-11-12T19:06:45.156Z,buy,8.1e-06,507.0,0.0041067000000000005
NAS/BTC,1636744078688,2021-11-12T19:07:58.688Z,sell,8e-06,136.0,0.001088
NAS/BTC,1636744143665,2021-11-12T19:09:03.665Z,sell,8e-06,21.0,0.000168
NAS/BTC,1636744167461,2021-11-12T19:09:27.461Z,buy,8.1e-06,419.0,0.0033939
NAS/BTC,1636744251017,2021-11-12T19:10:51.017Z,buy,8.1e-06,378.0,0.0030618
NAS/BTC,1636744340852,2021-11-12T19:12:20.852Z,sell,8e-06,139.0,0.001112
NAS/BTC,1636744404586,2021-11-12T19:13:24.586Z,sell,8e-06,134.0,0.001072
NAS/BTC,1636744476743,2021-11-12T19:14:36.743Z,buy,8.1e-06,709.0,0.0057429000000000004
NAS/BTC,1636744566155,2021-11-12T19:16:06.155Z,sell,8e-06,76.0,0.0006079999999999999
NAS/BTC,1636744641526,2021-11-12T19:17:21.526Z,buy,8.1e-06,359.0,0.0029079
NAS/BTC,1636744725465,2021-11-12T19:18:45.465Z,buy,8.1e-06,397.0,0.0032157
NAS/BTC,1636744742734,2021-11-12T19:19:02.734Z,sell,8e-06,242.0,0.001936
NAS/BTC,1636744807487,2021-11-12T19:20:07.487Z,buy,8.1e-06,832.0,0.006739200000000001
NAS/BTC,1636744818389,2021-11-12T19:20:18.389Z,buy,8.1e-06,113.0,0.0009153000000000001
NAS/BTC,1636744875641,2021-11-12T19:21:15.641Z,buy,8.1e-06,386.0,0.0031266
NAS/BTC,1636744936956,2021-11-12T19:22:16.956Z,buy,8.1e-06,4.0,3.24e-05
NAS/BTC,1636744937833,2021-11-12T19:22:17.833Z,sell,8e-06,77.0,0.000616
NAS/BTC,1636744955915,2021-11-12T19:22:35.915Z,buy,8.1e-06,239.0,0.0019359000000000002
NAS/BTC,1636745000722,2021-11-12T19:23:20.722Z,buy,8.1e-06,321.0,0.0026001
NAS/BTC,1636745084286,2021-11-12T19:24:44.286Z,sell,8e-06,118.0,0.000944
NAS/BTC,1636745144433,2021-11-12T19:25:44.433Z,sell,8e-06,120.0,0.0009599999999999999
NAS/BTC,1636745232804,2021-11-12T19:27:12.804Z,buy,8.1e-06,778.0,0.006301800000000001
NAS/BTC,1636745294609,2021-11-12T19:28:14.609Z,buy,8.1e-06,469.0,0.0037989
NAS/BTC,1636745362182,2021-11-12T19:29:22.182Z,sell,8e-06,153.0,0.001224
NAS/BTC,1636745443887,2021-11-12T19:30:43.887Z,buy,8.1e-06,745.0,0.0060345
NAS/BTC,1636745509432,2021-11-12T19:31:49.432Z,buy,8.1e-06,833.0,0.0067473
NAS/BTC,1636745569527,2021-11-12T19:32:49.527Z,sell,8e-06,109.0,0.0008719999999999999
NAS/BTC,1636745659346,2021-11-12T19:34:19.346Z,sell,8e-06,139.0,0.001112
NAS/BTC,1636745730298,2021-11-12T19:35:30.298Z,sell,8e-06,159.0,0.001272
NAS/BTC,1636745810838,2021-11-12T19:36:50.838Z,sell,8e-06,195.0,0.00156
NAS/BTC,1636745812001,2021-11-12T19:36:52.001Z,buy,8.1e-06,353.0,0.0028593
NAS/BTC,1636745886048,2021-11-12T19:38:06.048Z,buy,8.1e-06,341.0,0.0027621
NAS/BTC,1636745950990,2021-11-12T19:39:10.990Z,buy,8.1e-06,704.0,0.0057024
NAS/BTC,1636746031256,2021-11-12T19:40:31.256Z,buy,8.1e-06,479.0,0.0038799000000000004
NAS/BTC,1636746112158,2021-11-12T19:41:52.158Z,sell,8e-06,146.0,0.001168
NAS/BTC,1636746191412,2021-11-12T19:43:11.412Z,buy,8.1e-06,354.0,0.0028674
NAS/BTC,1636746276378,2021-11-12T19:44:36.378Z,buy,8.1e-06,589.0,0.0047709
NAS/BTC,1636746283108,2021-11-12T19:44:43.108Z,buy,8.1e-06,23.0,0.0001863
NAS/BTC,1636746351153,2021-11-12T19:45:51.153Z,sell,8e-06,141.0,0.0011279999999999999
NAS/BTC,1636746426522,2021-11-12T19:47:06.522Z,sell,8e-06,75.0,0.0006
NAS/BTC,1636746491129,2021-11-12T19:48:11.129Z,buy,8.1e-06,568.0,0.0046008
NAS/BTC,1636746563592,2021-11-12T19:49:23.592Z,buy,8.1e-06,457.0,0.0037017
NAS/BTC,1636746630049,2021-11-12T19:50:30.049Z,buy,8.1e-06,553.0,0.0044793
NAS/BTC,1636746717281,2021-11-12T19:51:57.281Z,buy,8.1e-06,506.0,0.0040986
NAS/BTC,1636746800320,2021-11-12T19:53:20.320Z,buy,8.1e-06,676.0,0.005475600000000001
NAS/BTC,1636746803247,2021-11-12T19:53:23.247Z,buy,8.1e-06,76.0,0.0006156
NAS/BTC,1636746871776,2021-11-12T19:54:31.776Z,buy,8.1e-06,827.0,0.0066987
NAS/BTC,1636746872620,2021-11-12T19:54:32.620Z,buy,8.1e-06,247.0,0.0020007000000000002
NAS/BTC,1636746883337,2021-11-12T19:54:43.337Z,buy,8.1e-06,74.0,0.0005994
NAS/BTC,1636746938595,2021-11-12T19:55:38.595Z,buy,8.1e-06,563.0,0.004560300000000001
NAS/BTC,1636747012275,2021-11-12T19:56:52.275Z,buy,8.1e-06,717.0,0.0058077
NAS/BTC,1636747020654,2021-11-12T19:57:00.654Z,buy,8.1e-06,50.0,0.00040500000000000003
NAS/BTC,1636747098363,2021-11-12T19:58:18.363Z,sell,8e-06,161.0,0.0012879999999999999
NAS/BTC,1636747098363,2021-11-12T19:58:18.363Z,sell,8e-06,161.0,0.0012879999999999999
NAS/BTC,1636747175026,2021-11-12T19:59:35.026Z,buy,8.1e-06,475.0,0.0038475000000000002
NAS/BTC,1636747251305,2021-11-12T20:00:51.305Z,buy,8.1e-06,395.0,0.0031995
NAS/BTC,1636747316925,2021-11-12T20:01:56.925Z,sell,8e-06,127.0,0.001016
NAS/BTC,1636747387601,2021-11-12T20:03:07.601Z,buy,8.1e-06,725.0,0.0058725
NAS/BTC,1636747422920,2021-11-12T20:03:42.920Z,sell,8e-06,238.0,0.0019039999999999999
NAS/BTC,1636747474185,2021-11-12T20:04:34.185Z,sell,8e-06,20.0,0.00015999999999999999
NAS/BTC,1636747474259,2021-11-12T20:04:34.259Z,sell,8e-06,159.0,0.001272
NAS/BTC,1636747481326,2021-11-12T20:04:41.326Z,buy,8.1e-06,13.0,0.00010530000000000001
NAS/BTC,1636747522054,2021-11-12T20:05:22.054Z,buy,8.1e-06,13.0,0.00010530000000000001
NAS/BTC,1636747538141,2021-11-12T20:05:38.141Z,buy,8.1e-06,671.0,0.0054351
NAS/BTC,1636747599581,2021-11-12T20:06:39.581Z,buy,8.1e-06,551.0,0.0044631
NAS/BTC,1636747685248,2021-11-12T20:08:05.248Z,buy,8.1e-06,743.0,0.0060183
NAS/BTC,1636747749890,2021-11-12T20:09:09.890Z,buy,8.1e-06,633.0,0.0051273
NAS/BTC,1636747819077,2021-11-12T20:10:19.077Z,buy,8.1e-06,807.0,0.0065367
NAS/BTC,1636747868285,2021-11-12T20:11:08.285Z,sell,8e-06,757.0,0.006056
NAS/BTC,1636747906635,2021-11-12T20:11:46.635Z,buy,8.1e-06,800.0,0.0064800000000000005
NAS/BTC,1636747969782,2021-11-12T20:12:49.782Z,sell,8e-06,957.0,0.007656
NAS/BTC,1636747980103,2021-11-12T20:13:00.103Z,buy,8.1e-06,405.0,0.0032805
NAS/BTC,1636748066894,2021-11-12T20:14:26.894Z,buy,8.1e-06,485.0,0.003928500000000001
NAS/BTC,1636748134362,2021-11-12T20:15:34.362Z,buy,8.1e-06,418.0,0.0033858
NAS/BTC,1636748203016,2021-11-12T20:16:43.016Z,sell,8e-06,566.0,0.004528
NAS/BTC,1636748203790,2021-11-12T20:16:43.790Z,sell,8e-06,1275.0,0.010199999999999999
NAS/BTC,1636748206162,2021-11-12T20:16:46.162Z,sell,8e-06,133.0,0.001064
NAS/BTC,1636748274427,2021-11-12T20:17:54.427Z,sell,8e-06,380.0,0.0030399999999999997
NAS/BTC,1636748342196,2021-11-12T20:19:02.196Z,sell,8e-06,599.0,0.004791999999999999
NAS/BTC,1636748411200,2021-11-12T20:20:11.200Z,sell,8e-06,114.0,0.0009119999999999999
NAS/BTC,1636748472860,2021-11-12T20:21:12.860Z,sell,8e-06,425.0,0.0034
NAS/BTC,1636748539396,2021-11-12T20:22:19.396Z,sell,8e-06,1252.0,0.010015999999999999
NAS/BTC,1636748549381,2021-11-12T20:22:29.381Z,sell,8e-06,433.0,0.0034639999999999996
NAS/BTC,1636748560905,2021-11-12T20:22:40.905Z,sell,8e-06,1248.0,0.009984
NAS/BTC,1636748623810,2021-11-12T20:23:43.810Z,sell,8e-06,3903.0,0.031224
NAS/BTC,1636748636080,2021-11-12T20:23:56.080Z,sell,8e-06,798.0,0.006384
NAS/BTC,1636748708076,2021-11-12T20:25:08.076Z,sell,8e-06,524.0,0.0041919999999999995
NAS/BTC,1636748774034,2021-11-12T20:26:14.034Z,sell,8e-06,97.0,0.000776
NAS/BTC,1636748786977,2021-11-12T20:26:26.977Z,sell,8e-06,6759.0,0.054071999999999995
NAS/BTC,1636748843348,2021-11-12T20:27:23.348Z,sell,8e-06,412.0,0.003296
NAS/BTC,1636748923965,2021-11-12T20:28:43.965Z,sell,8e-06,386.0,0.003088
NAS/BTC,1636748930047,2021-11-12T20:28:50.047Z,buy,8.1e-06,465.0,0.0037665000000000003
NAS/BTC,1636749007170,2021-11-12T20:30:07.170Z,sell,8e-06,69.0,0.000552
NAS/BTC,1636749017854,2021-11-12T20:30:17.854Z,sell,8e-06,305.0,0.00244
NAS/BTC,1636749085720,2021-11-12T20:31:25.720Z,sell,8e-06,356.0,0.002848
NAS/BTC,1636749149350,2021-11-12T20:32:29.350Z,buy,8.1e-06,1087.0,0.0088047
NAS/BTC,1636749154874,2021-11-12T20:32:34.874Z,sell,8e-06,789.0,0.006312
NAS/BTC,1636749222797,2021-11-12T20:33:42.797Z,sell,8e-06,388.0,0.003104
NAS/BTC,1636749284580,2021-11-12T20:34:44.580Z,sell,8e-06,845.0,0.0067599999999999995
NAS/BTC,1636749329684,2021-11-12T20:35:29.684Z,sell,8e-06,1147.0,0.009176
NAS/BTC,1636749344497,2021-11-12T20:35:44.497Z,sell,8e-06,157.0,0.001256
NAS/BTC,1636749356389,2021-11-12T20:35:56.389Z,sell,8e-06,69.0,0.000552
NAS/BTC,1636749436442,2021-11-12T20:37:16.442Z,sell,8e-06,450.0,0.0036
NAS/BTC,1636749506459,2021-11-12T20:38:26.459Z,sell,8e-06,581.0,0.004648
NAS/BTC,1636749587350,2021-11-12T20:39:47.350Z,sell,8e-06,851.0,0.006808
NAS/BTC,1636749637603,2021-11-12T20:40:37.603Z,buy,8.1e-06,272.0,0.0022032
NAS/BTC,1636749659054,2021-11-12T20:40:59.054Z,sell,8e-06,483.0,0.003864
NAS/BTC,1636749726529,2021-11-12T20:42:06.529Z,sell,8e-06,172.0,0.0013759999999999998
NAS/BTC,1636749795829,2021-11-12T20:43:15.829Z,sell,8e-06,87.0,0.000696
NAS/BTC,1636749860450,2021-11-12T20:44:20.450Z,sell,8e-06,142.0,0.0011359999999999999
NAS/BTC,1636749935275,2021-11-12T20:45:35.275Z,sell,8e-06,165.0,0.00132
NAS/BTC,1636749999425,2021-11-12T20:46:39.425Z,sell,8e-06,348.0,0.002784
NAS/BTC,1636750083563,2021-11-12T20:48:03.563Z,sell,8e-06,145.0,0.00116
NAS/BTC,1636750092361,2021-11-12T20:48:12.361Z,sell,8e-06,1248.0,0.009984
NAS/BTC,1636750095370,2021-11-12T20:48:15.370Z,sell,8e-06,280.0,0.00224
NAS/BTC,1636750153569,2021-11-12T20:49:13.569Z,sell,8e-06,67.0,0.000536
NAS/BTC,1636750242747,2021-11-12T20:50:42.747Z,sell,8e-06,105.0,0.0008399999999999999
NAS/BTC,1636750316473,2021-11-12T20:51:56.473Z,sell,8e-06,625.0,0.005
NAS/BTC,1636750325932,2021-11-12T20:52:05.932Z,sell,8e-06,260.0,0.00208
NAS/BTC,1636750358955,2021-11-12T20:52:38.955Z,sell,8e-06,200.0,0.0015999999999999999
NAS/BTC,1636750390758,2021-11-12T20:53:10.758Z,sell,8e-06,376.0,0.003008
NAS/BTC,1636750476171,2021-11-12T20:54:36.171Z,sell,8e-06,738.0,0.0059039999999999995
NAS/BTC,1636750529588,2021-11-12T20:55:29.588Z,sell,8e-06,225.0,0.0018
NAS/BTC,1636750542949,2021-11-12T20:55:42.949Z,sell,8e-06,544.0,0.004352
NAS/BTC,1636750605736,2021-11-12T20:56:45.736Z,sell,8e-06,60.0,0.00047999999999999996
NAS/BTC,1636750617486,2021-11-12T20:56:57.486Z,sell,8e-06,682.0,0.005456
NAS/BTC,1636750678696,2021-11-12T20:57:58.696Z,sell,8e-06,350.0,0.0028
NAS/BTC,1636750678696,2021-11-12T20:57:58.696Z,sell,8e-06,350.0,0.0028
NAS/BTC,1636750759147,2021-11-12T20:59:19.147Z,sell,8e-06,742.0,0.0059359999999999994
NAS/BTC,1636750847981,2021-11-12T21:00:47.981Z,sell,8e-06,85.0,0.0006799999999999999
NAS/BTC,1636750895609,2021-11-12T21:01:35.609Z,sell,8e-06,523.0,0.004184
NAS/BTC,1636750913615,2021-11-12T21:01:53.615Z,sell,8e-06,96.0,0.000768
NAS/BTC,1636750978166,2021-11-12T21:02:58.166Z,sell,8e-06,323.0,0.002584
NAS/BTC,1636751056374,2021-11-12T21:04:16.374Z,sell,8e-06,712.0,0.005696
NAS/BTC,1636751104758,2021-11-12T21:05:04.758Z,buy,8.1e-06,40.0,0.000324
NAS/BTC,1636751119534,2021-11-12T21:05:19.534Z,sell,8e-06,482.0,0.0038559999999999996
NAS/BTC,1636751182126,2021-11-12T21:06:22.126Z,sell,8e-06,121.0,0.000968
NAS/BTC,1636751267791,2021-11-12T21:07:47.791Z,sell,8e-06,522.0,0.004176
NAS/BTC,1636751278843,2021-11-12T21:07:58.843Z,sell,8e-06,17.0,0.000136
NAS/BTC,1636751294782,2021-11-12T21:08:14.782Z,sell,8e-06,43.0,0.00034399999999999996
NAS/BTC,1636751342250,2021-11-12T21:09:02.250Z,sell,8e-06,74.0,0.000592
NAS/BTC,1636751429359,2021-11-12T21:10:29.359Z,sell,8e-06,439.0,0.003512
NAS/BTC,1636751480981,2021-11-12T21:11:20.981Z,buy,8.1e-06,197.0,0.0015957
NAS/BTC,1636751514562,2021-11-12T21:11:54.562Z,sell,8e-06,668.0,0.005344
NAS/BTC,1636751597537,2021-11-12T21:13:17.537Z,sell,8e-06,132.0,0.0010559999999999999
NAS/BTC,1636751649900,2021-11-12T21:14:09.900Z,sell,8e-06,1244.0,0.009951999999999999
NAS/BTC,1636751654313,2021-11-12T21:14:14.313Z,sell,8e-06,1244.0,0.009951999999999999
NAS/BTC,1636751657328,2021-11-12T21:14:17.328Z,sell,8e-06,1245.0,0.00996
NAS/BTC,1636751660787,2021-11-12T21:14:20.787Z,sell,8e-06,2901.0,0.023208
NAS/BTC,1636751663405,2021-11-12T21:14:23.405Z,sell,8e-06,2901.0,0.023208
NAS/BTC,1636751663840,2021-11-12T21:14:23.840Z,sell,8e-06,2901.0,0.023208
NAS/BTC,1636751663907,2021-11-12T21:14:23.907Z,sell,8e-06,117.0,0.000936
NAS/BTC,1636751749183,2021-11-12T21:15:49.183Z,sell,8e-06,604.0,0.0048319999999999995
NAS/BTC,1636751761652,2021-11-12T21:16:01.652Z,sell,8e-06,13.0,0.000104
NAS/BTC,1636751812856,2021-11-12T21:16:52.856Z,sell,8e-06,135.0,0.00108
NAS/BTC,1636751901604,2021-11-12T21:18:21.604Z,sell,8e-06,296.0,0.002368
NAS/BTC,1636751962882,2021-11-12T21:19:22.882Z,sell,8e-06,623.0,0.004984
NAS/BTC,1636752052009,2021-11-12T21:20:52.009Z,sell,8e-06,443.0,0.003544
NAS/BTC,1636752114204,2021-11-12T21:21:54.204Z,sell,8e-06,73.0,0.000584
NAS/BTC,1636752153145,2021-11-12T21:22:33.145Z,sell,8e-06,24.0,0.000192
NAS/BTC,1636752204177,2021-11-12T21:23:24.177Z,sell,8e-06,288.0,0.002304
NAS/BTC,1636752278152,2021-11-12T21:24:38.152Z,sell,8e-06,298.0,0.002384
NAS/BTC,1636752288558,2021-11-12T21:24:48.558Z,buy,8.1e-06,122.0,0.0009882
NAS/BTC,1636752354336,2021-11-12T21:25:54.336Z,sell,8e-06,361.0,0.002888
NAS/BTC,1636752374184,2021-11-12T21:26:14.184Z,sell,8e-06,68.0,0.000544
NAS/BTC,1636752378159,2021-11-12T21:26:18.159Z,buy,8.1e-06,106.0,0.0008586
NAS/BTC,1636752422477,2021-11-12T21:27:02.477Z,sell,8e-06,344.0,0.0027519999999999997
NAS/BTC,1636752442357,2021-11-12T21:27:22.357Z,sell,8e-06,352.0,0.002816
NAS/BTC,1636752506513,2021-11-12T21:28:26.513Z,sell,8e-06,160.0,0.0012799999999999999
NAS/BTC,1636752508768,2021-11-12T21:28:28.768Z,sell,8e-06,20.0,0.00015999999999999999
NAS/BTC,1636752544885,2021-11-12T21:29:04.885Z,sell,8e-06,1147.0,0.009176
NAS/BTC,1636752573030,2021-11-12T21:29:33.030Z,sell,8e-06,453.0,0.003624
NAS/BTC,1636752653449,2021-11-12T21:30:53.449Z,sell,8e-06,728.0,0.005823999999999999
NAS/BTC,1636752724014,2021-11-12T21:32:04.014Z,sell,8e-06,765.0,0.00612
NAS/BTC,1636752803943,2021-11-12T21:33:23.943Z,sell,8e-06,365.0,0.00292
NAS/BTC,1636752883086,2021-11-12T21:34:43.086Z,sell,8e-06,773.0,0.006183999999999999
NAS/BTC,1636752888795,2021-11-12T21:34:48.795Z,sell,8e-06,9214.0,0.073712
NAS/BTC,1636752915315,2021-11-12T21:35:15.315Z,buy,8.1e-06,25.0,0.00020250000000000002
NAS/BTC,1636752961454,2021-11-12T21:36:01.454Z,sell,8e-06,119.0,0.0009519999999999999
NAS/BTC,1636753031898,2021-11-12T21:37:11.898Z,sell,8e-06,134.0,0.001072
NAS/BTC,1636753098448,2021-11-12T21:38:18.448Z,buy,8.1e-06,21.0,0.00017010000000000001
NAS/BTC,1636753098806,2021-11-12T21:38:18.806Z,sell,8e-06,427.0,0.0034159999999999998
NAS/BTC,1636753186379,2021-11-12T21:39:46.379Z,sell,8e-06,712.0,0.005696
NAS/BTC,1636753264687,2021-11-12T21:41:04.687Z,sell,8e-06,159.0,0.001272
NAS/BTC,1636753346742,2021-11-12T21:42:26.742Z,sell,8e-06,600.0,0.0048
NAS/BTC,1636753353158,2021-11-12T21:42:33.158Z,sell,8e-06,606.0,0.004848
NAS/BTC,1636753443059,2021-11-12T21:44:03.059Z,sell,8e-06,170.0,0.0013599999999999999
NAS/BTC,1636753525299,2021-11-12T21:45:25.299Z,sell,8e-06,172.0,0.0013759999999999998
NAS/BTC,1636753609305,2021-11-12T21:46:49.305Z,sell,8e-06,822.0,0.006575999999999999
NAS/BTC,1636753684301,2021-11-12T21:48:04.301Z,sell,8e-06,732.0,0.005856
NAS/BTC,1636753753836,2021-11-12T21:49:13.836Z,sell,8e-06,35.0,0.00028
NAS/BTC,1636753754275,2021-11-12T21:49:14.275Z,sell,8e-06,318.0,0.002544
NAS/BTC,1636753823037,2021-11-12T21:50:23.037Z,sell,8e-06,430.0,0.00344
NAS/BTC,1636753901651,2021-11-12T21:51:41.651Z,sell,8e-06,131.0,0.0010479999999999999
NAS/BTC,1636753979009,2021-11-12T21:52:59.009Z,sell,8e-06,704.0,0.005632
NAS/BTC,1636753993027,2021-11-12T21:53:13.027Z,sell,8e-06,292.0,0.002336
NAS/BTC,1636754054487,2021-11-12T21:54:14.487Z,sell,8e-06,746.0,0.005967999999999999
NAS/BTC,1636754061353,2021-11-12T21:54:21.353Z,sell,8e-06,1065.0,0.00852
NAS/BTC,1636754061415,2021-11-12T21:54:21.415Z,sell,8e-06,1206.0,0.009648
NAS/BTC,1636754061469,2021-11-12T21:54:21.469Z,sell,8e-06,1205.0,0.00964
NAS/BTC,1636754119792,2021-11-12T21:55:19.792Z,sell,8e-06,766.0,0.006128
NAS/BTC,1636754180198,2021-11-12T21:56:20.198Z,sell,8e-06,2456.0,0.019648
NAS/BTC,1636754184980,2021-11-12T21:56:24.980Z,sell,8e-06,594.0,0.004752
NAS/BTC,1636754267618,2021-11-12T21:57:47.618Z,sell,8e-06,858.0,0.0068639999999999994
NAS/BTC,1636754267618,2021-11-12T21:57:47.618Z,sell,8e-06,858.0,0.0068639999999999994
NAS/BTC,1636754295845,2021-11-12T21:58:15.845Z,sell,8e-06,590.0,0.004719999999999999
NAS/BTC,1636754329357,2021-11-12T21:58:49.357Z,sell,8e-06,150.0,0.0012
NAS/BTC,1636754390592,2021-11-12T21:59:50.592Z,sell,8e-06,610.0,0.00488
NAS/BTC,1636754424453,2021-11-12T22:00:24.453Z,buy,8.1e-06,837.0,0.0067797000000000005
NAS/BTC,1636754451535,2021-11-12T22:00:51.535Z,sell,8e-06,657.0,0.005255999999999999
NAS/BTC,1636754487721,2021-11-12T22:01:27.721Z,buy,8.1e-06,144.0,0.0011664000000000002
NAS/BTC,1636754536824,2021-11-12T22:02:16.824Z,sell,8e-06,477.0,0.003816
NAS/BTC,1636754622776,2021-11-12T22:03:42.776Z,sell,8e-06,148.0,0.001184
NAS/BTC,1636754658487,2021-11-12T22:04:18.487Z,sell,8e-06,201.0,0.0016079999999999998
NAS/BTC,1636754684749,2021-11-12T22:04:44.749Z,buy,8.1e-06,18.0,0.00014580000000000002
NAS/BTC,1636754694238,2021-11-12T22:04:54.238Z,sell,8e-06,385.0,0.00308
NAS/BTC,1636754734857,2021-11-12T22:05:34.857Z,sell,8e-06,26.0,0.000208
NAS/BTC,1636754755004,2021-11-12T22:05:55.004Z,sell,8e-06,291.0,0.0023279999999999998
NAS/BTC,1636754756835,2021-11-12T22:05:56.835Z,sell,8e-06,16.0,0.000128
NAS/BTC,1636754841596,2021-11-12T22:07:21.596Z,sell,8e-06,654.0,0.005232
NAS/BTC,1636754905289,2021-11-12T22:08:25.289Z,sell,8e-06,137.0,0.001096
NAS/BTC,1636754985440,2021-11-12T22:09:45.440Z,sell,8e-06,651.0,0.005208
NAS/BTC,1636755066041,2021-11-12T22:11:06.041Z,sell,8e-06,146.0,0.001168
NAS/BTC,1636755127547,2021-11-12T22:12:07.547Z,sell,8e-06,122.0,0.000976
NAS/BTC,1636755195275,2021-11-12T22:13:15.275Z,sell,8e-06,573.0,0.0045839999999999995
NAS/BTC,1636755275384,2021-11-12T22:14:35.384Z,sell,8e-06,840.0,0.006719999999999999
NAS/BTC,1636755347867,2021-11-12T22:15:47.867Z,sell,8e-06,495.0,0.00396
NAS/BTC,1636755385649,2021-11-12T22:16:25.649Z,buy,8.1e-06,192.0,0.0015552
NAS/BTC,1636755417683,2021-11-12T22:16:57.683Z,sell,8e-06,613.0,0.0049039999999999995
NAS/BTC,1636755434466,2021-11-12T22:17:14.466Z,buy,8.1e-06,658.0,0.0053298
NAS/BTC,1636755499945,2021-11-12T22:18:19.945Z,sell,8e-06,357.0,0.002856
NAS/BTC,1636755564260,2021-11-12T22:19:24.260Z,buy,8.1e-06,400.0,0.0032400000000000003
NAS/BTC,1636755579354,2021-11-12T22:19:39.354Z,sell,8e-06,684.0,0.0054719999999999994
NAS/BTC,1636755615155,2021-11-12T22:20:15.155Z,buy,8.1e-06,13.0,0.00010530000000000001
NAS/BTC,1636755653311,2021-11-12T22:20:53.311Z,sell,8e-06,136.0,0.001088
NAS/BTC,1636755720625,2021-11-12T22:22:00.625Z,sell,8e-06,105.0,0.0008399999999999999
NAS/BTC,1636755790445,2021-11-12T22:23:10.445Z,sell,8e-06,361.0,0.002888
NAS/BTC,1636755809874,2021-11-12T22:23:29.874Z,buy,8.1e-06,35.0,0.0002835
NAS/BTC,1636755853535,2021-11-12T22:24:13.535Z,sell,8e-06,375.0,0.003
NAS/BTC,1636755933799,2021-11-12T22:25:33.799Z,sell,8e-06,294.0,0.002352
NAS/BTC,1636756011881,2021-11-12T22:26:51.881Z,sell,8e-06,600.0,0.0048
NAS/BTC,1636756098217,2021-11-12T22:28:18.217Z,sell,8e-06,817.0,0.006535999999999999
NAS/BTC,1636756180773,2021-11-12T22:29:40.773Z,sell,8e-06,832.0,0.006656
NAS/BTC,1636756242447,2021-11-12T22:30:42.447Z,sell,8e-06,479.0,0.003832
NAS/BTC,1636756324605,2021-11-12T22:32:04.605Z,sell,8e-06,86.0,0.0006879999999999999
NAS/BTC,1636756384993,2021-11-12T22:33:04.993Z,sell,8e-06,343.0,0.002744
NAS/BTC,1636756430787,2021-11-12T22:33:50.787Z,sell,8e-06,911.0,0.007287999999999999
NAS/BTC,1636756467034,2021-11-12T22:34:27.034Z,sell,8e-06,654.0,0.005232
NAS/BTC,1636756514895,2021-11-12T22:35:14.895Z,sell,8e-06,29.0,0.000232
NAS/BTC,1636756529823,2021-11-12T22:35:29.823Z,sell,8e-06,326.0,0.002608
NAS/BTC,1636756614999,2021-11-12T22:36:54.999Z,sell,8e-06,306.0,0.002448
NAS/BTC,1636756701692,2021-11-12T22:38:21.692Z,sell,8e-06,165.0,0.00132
NAS/BTC,1636756762942,2021-11-12T22:39:22.942Z,sell,8e-06,532.0,0.004256
NAS/BTC,1636756826083,2021-11-12T22:40:26.083Z,sell,8e-06,332.0,0.002656
NAS/BTC,1636756898647,2021-11-12T22:41:38.647Z,sell,8e-06,469.0,0.0037519999999999997
NAS/BTC,1636756975513,2021-11-12T22:42:55.513Z,sell,8e-06,497.0,0.0039759999999999995
NAS/BTC,1636757035541,2021-11-12T22:43:55.541Z,sell,8e-06,611.0,0.004888
NAS/BTC,1636757109839,2021-11-12T22:45:09.839Z,sell,8e-06,820.0,0.00656
NAS/BTC,1636757177198,2021-11-12T22:46:17.198Z,sell,8e-06,65.0,0.00052
NAS/BTC,1636757238404,2021-11-12T22:47:18.404Z,sell,8e-06,297.0,0.002376
NAS/BTC,1636757320183,2021-11-12T22:48:40.183Z,sell,8e-06,60.0,0.00047999999999999996
NAS/BTC,1636757394815,2021-11-12T22:49:54.815Z,sell,8e-06,74.0,0.000592
NAS/BTC,1636757477971,2021-11-12T22:51:17.971Z,sell,8e-06,401.0,0.003208
NAS/BTC,1636757558859,2021-11-12T22:52:38.859Z,buy,8.1e-06,100.0,0.0008100000000000001
NAS/BTC,1636757560549,2021-11-12T22:52:40.549Z,sell,8e-06,383.0,0.003064
NAS/BTC,1636757564578,2021-11-12T22:52:44.578Z,sell,8e-06,1004.0,0.008032
NAS/BTC,1636757611179,2021-11-12T22:53:31.179Z,sell,8e-06,3648.0,0.029183999999999998
NAS/BTC,1636757621495,2021-11-12T22:53:41.495Z,sell,8e-06,751.0,0.0060079999999999995
NAS/BTC,1636757663448,2021-11-12T22:54:23.448Z,sell,8e-06,168.0,0.001344
NAS/BTC,1636757698897,2021-11-12T22:54:58.897Z,sell,8e-06,568.0,0.004543999999999999
NAS/BTC,1636757764146,2021-11-12T22:56:04.146Z,sell,8e-06,129.0,0.001032
NAS/BTC,1636757838086,2021-11-12T22:57:18.086Z,sell,8e-06,155.0,0.00124
NAS/BTC,1636757838086,2021-11-12T22:57:18.086Z,sell,8e-06,155.0,0.00124
NAS/BTC,1636757885866,2021-11-12T22:58:05.866Z,sell,8e-06,800.0,0.0063999999999999994
NAS/BTC,1636757885892,2021-11-12T22:58:05.892Z,buy,8e-06,386.0,0.003088
NAS/BTC,1636757886025,2021-11-12T22:58:06.025Z,buy,8e-06,272.0,0.002176
NAS/BTC,1636757886268,2021-11-12T22:58:06.268Z,buy,8e-06,194.0,0.001552
NAS/BTC,1636757886281,2021-11-12T22:58:06.281Z,buy,8e-06,152.0,0.0012159999999999999
NAS/BTC,1636757887580,2021-11-12T22:58:07.580Z,sell,7.9e-06,1907.0,0.015065300000000002
NAS/BTC,1636757896265,2021-11-12T22:58:16.265Z,buy,8e-06,221.0,0.0017679999999999998
NAS/BTC,1636757900636,2021-11-12T22:58:20.636Z,buy,8e-06,221.0,0.0017679999999999998
NAS/BTC,1636757918864,2021-11-12T22:58:38.864Z,buy,8e-06,508.0,0.004064
NAS/BTC,1636757935397,2021-11-12T22:58:55.397Z,buy,8e-06,2323.0,0.018584
NAS/BTC,1636758001362,2021-11-12T23:00:01.362Z,buy,8e-06,427.0,0.0034159999999999998
NAS/BTC,1636758080808,2021-11-12T23:01:20.808Z,buy,8e-06,235.0,0.00188
NAS/BTC,1636758080812,2021-11-12T23:01:20.812Z,sell,8e-06,510.0,0.004079999999999999
NAS/BTC,1636758147128,2021-11-12T23:02:27.128Z,buy,8e-06,235.0,0.00188
NAS/BTC,1636758147332,2021-11-12T23:02:27.332Z,sell,8e-06,453.0,0.003624
NAS/BTC,1636758216703,2021-11-12T23:03:36.703Z,buy,8e-06,222.0,0.001776
NAS/BTC,1636758216704,2021-11-12T23:03:36.704Z,buy,8e-06,13.0,0.000104
NAS/BTC,1636758218255,2021-11-12T23:03:38.255Z,sell,8e-06,835.0,0.006679999999999999
NAS/BTC,1636758298001,2021-11-12T23:04:58.001Z,sell,8e-06,73.0,0.000584
NAS/BTC,1636758330854,2021-11-12T23:05:30.854Z,buy,8.1e-06,42.0,0.00034020000000000003
NAS/BTC,1636758337105,2021-11-12T23:05:37.105Z,sell,8e-06,289.0,0.002312
NAS/BTC,1636758358175,2021-11-12T23:05:58.175Z,sell,8e-06,541.0,0.004327999999999999
NAS/BTC,1636758441479,2021-11-12T23:07:21.479Z,sell,8e-06,288.0,0.002304
NAS/BTC,1636758503945,2021-11-12T23:08:23.945Z,sell,8e-06,779.0,0.006232
NAS/BTC,1636758574180,2021-11-12T23:09:34.180Z,sell,8e-06,466.0,0.003728
NAS/BTC,1636758581175,2021-11-12T23:09:41.175Z,buy,8.1e-06,23.0,0.0001863
NAS/BTC,1636758655818,2021-11-12T23:10:55.818Z,sell,8e-06,610.0,0.00488
NAS/BTC,1636758668275,2021-11-12T23:11:08.275Z,buy,8.1e-06,119.0,0.0009639000000000001
NAS/BTC,1636758721563,2021-11-12T23:12:01.563Z,sell,8e-06,342.0,0.0027359999999999997
NAS/BTC,1636758790043,2021-11-12T23:13:10.043Z,sell,8e-06,547.0,0.004376
NAS/BTC,1636758876950,2021-11-12T23:14:36.950Z,sell,8e-06,841.0,0.006728
NAS/BTC,1636758883921,2021-11-12T23:14:43.921Z,buy,8.1e-06,90.0,0.000729
NAS/BTC,1636758945046,2021-11-12T23:15:45.046Z,sell,8e-06,164.0,0.001312
NAS/BTC,1636759031467,2021-11-12T23:17:11.467Z,sell,8e-06,529.0,0.004232
NAS/BTC,1636759103525,2021-11-12T23:18:23.525Z,sell,8e-06,171.0,0.0013679999999999999
NAS/BTC,1636759116487,2021-11-12T23:18:36.487Z,sell,8e-06,305.0,0.00244
NAS/BTC,1636759185661,2021-11-12T23:19:45.661Z,sell,8e-06,1565.0,0.01252
NAS/BTC,1636759185661,2021-11-12T23:19:45.661Z,sell,7.9e-06,119.0,0.0009401
NAS/BTC,1636759185785,2021-11-12T23:19:45.785Z,buy,8e-06,216.0,0.001728
NAS/BTC,1636759186980,2021-11-12T23:19:46.980Z,buy,8e-06,562.0,0.004496
NAS/BTC,1636759191011,2021-11-12T23:19:51.011Z,buy,8e-06,201.0,0.0016079999999999998
NAS/BTC,1636759205209,2021-11-12T23:20:05.209Z,buy,8e-06,113.0,0.000904
NAS/BTC,1636759269723,2021-11-12T23:21:09.723Z,sell,7.9e-06,1617.0,0.0127743
NAS/BTC,1636759272770,2021-11-12T23:21:12.770Z,buy,8e-06,250.0,0.002
NAS/BTC,1636759277661,2021-11-12T23:21:17.661Z,buy,8e-06,708.0,0.005664
NAS/BTC,1636759296020,2021-11-12T23:21:36.020Z,buy,8e-06,813.0,0.006503999999999999
NAS/BTC,1636759357818,2021-11-12T23:22:37.818Z,buy,8e-06,494.0,0.003952
NAS/BTC,1636759395041,2021-11-12T23:23:15.041Z,buy,8e-06,138.0,0.001104
NAS/BTC,1636759421725,2021-11-12T23:23:41.725Z,buy,8e-06,652.0,0.005216
NAS/BTC,1636759511180,2021-11-12T23:25:11.180Z,buy,8e-06,695.0,0.00556
NAS/BTC,1636759511184,2021-11-12T23:25:11.184Z,sell,8e-06,87.0,0.000696
NAS/BTC,1636759594526,2021-11-12T23:26:34.526Z,buy,8e-06,140.0,0.00112
NAS/BTC,1636759678117,2021-11-12T23:27:58.117Z,buy,8e-06,529.0,0.004232
NAS/BTC,1636759738829,2021-11-12T23:28:58.829Z,buy,8e-06,118.0,0.000944
NAS/BTC,1636759799770,2021-11-12T23:29:59.770Z,buy,8e-06,602.0,0.004816
NAS/BTC,1636759863285,2021-11-12T23:31:03.285Z,buy,8e-06,69.0,0.000552
NAS/BTC,1636759944460,2021-11-12T23:32:24.460Z,buy,8e-06,603.0,0.004824
NAS/BTC,1636760026197,2021-11-12T23:33:46.197Z,buy,8e-06,80.0,0.0006399999999999999
NAS/BTC,1636760031112,2021-11-12T23:33:51.112Z,sell,7.9e-06,15.0,0.00011850000000000001
NAS/BTC,1636760091397,2021-11-12T23:34:51.397Z,buy,8e-06,471.0,0.0037679999999999996
NAS/BTC,1636760178170,2021-11-12T23:36:18.170Z,buy,8e-06,843.0,0.006744
NAS/BTC,1636760250516,2021-11-12T23:37:30.516Z,buy,8e-06,788.0,0.006304
NAS/BTC,1636760319160,2021-11-12T23:38:39.160Z,buy,8e-06,491.0,0.003928
NAS/BTC,1636760333893,2021-11-12T23:38:53.893Z,buy,8e-06,946.0,0.007568
NAS/BTC,1636760333893,2021-11-12T23:38:53.893Z,buy,8.1e-06,726.0,0.005880600000000001
NAS/BTC,1636760393320,2021-11-12T23:39:53.320Z,sell,8e-06,760.0,0.0060799999999999995
NAS/BTC,1636760462437,2021-11-12T23:41:02.437Z,sell,8e-06,355.0,0.00284
NAS/BTC,1636760525515,2021-11-12T23:42:05.515Z,sell,8e-06,370.0,0.00296
NAS/BTC,1636760543132,2021-11-12T23:42:23.132Z,sell,8e-06,325.0,0.0026
NAS/BTC,1636760591642,2021-11-12T23:43:11.642Z,sell,8e-06,645.0,0.00516
NAS/BTC,1636760614301,2021-11-12T23:43:34.301Z,sell,8e-06,37.0,0.000296
NAS/BTC,1636760655279,2021-11-12T23:44:15.279Z,sell,8e-06,564.0,0.0045119999999999995
NAS/BTC,1636760678825,2021-11-12T23:44:38.825Z,buy,8.1e-06,195.0,0.0015795000000000002
NAS/BTC,1636760737031,2021-11-12T23:45:37.031Z,sell,8e-06,376.0,0.003008
NAS/BTC,1636760813887,2021-11-12T23:46:53.887Z,sell,8e-06,830.0,0.00664
NAS/BTC,1636760888680,2021-11-12T23:48:08.680Z,sell,8e-06,361.0,0.002888
NAS/BTC,1636760975816,2021-11-12T23:49:35.816Z,sell,8e-06,626.0,0.005007999999999999
NAS/BTC,1636761044110,2021-11-12T23:50:44.110Z,sell,8e-06,377.0,0.003016
NAS/BTC,1636761118018,2021-11-12T23:51:58.018Z,sell,8e-06,64.0,0.000512
NAS/BTC,1636761200721,2021-11-12T23:53:20.721Z,sell,8e-06,83.0,0.000664
NAS/BTC,1636761200748,2021-11-12T23:53:20.748Z,sell,8e-06,229.0,0.0018319999999999999
NAS/BTC,1636761260968,2021-11-12T23:54:20.968Z,sell,8e-06,71.0,0.0005679999999999999
NAS/BTC,1636761294164,2021-11-12T23:54:54.164Z,sell,8e-06,26.0,0.000208
NAS/BTC,1636761346493,2021-11-12T23:55:46.493Z,sell,8e-06,646.0,0.005168
NAS/BTC,1636761412617,2021-11-12T23:56:52.617Z,sell,8e-06,841.0,0.006728
NAS/BTC,1636761412617,2021-11-12T23:56:52.617Z,sell,8e-06,841.0,0.006728
NAS/BTC,1636761475967,2021-11-12T23:57:55.967Z,sell,8e-06,689.0,0.0055119999999999995
NAS/BTC,1636761523862,2021-11-12T23:58:43.862Z,sell,8e-06,28.0,0.000224
NAS/BTC,1636761545421,2021-11-12T23:59:05.421Z,sell,8e-06,778.0,0.0062239999999999995
NAS/BTC,1636761615751,2021-11-13T00:00:15.751Z,buy,8.1e-06,55.0,0.00044550000000000004
NAS/BTC,1636761623618,2021-11-13T00:00:23.618Z,sell,8e-06,736.0,0.005888
NAS/BTC,1636761704467,2021-11-13T00:01:44.467Z,sell,8e-06,561.0,0.004488
NAS/BTC,1636761778039,2021-11-13T00:02:58.039Z,sell,8e-06,593.0,0.004744
NAS/BTC,1636761858522,2021-11-13T00:04:18.522Z,sell,8e-06,160.0,0.0012799999999999999
NAS/BTC,1636761921321,2021-11-13T00:05:21.321Z,sell,8e-06,813.0,0.006503999999999999
NAS/BTC,1636761988375,2021-11-13T00:06:28.375Z,sell,8e-06,700.0,0.0056
NAS/BTC,1636761995201,2021-11-13T00:06:35.201Z,sell,8e-06,184.0,0.001472
NAS/BTC,1636762056439,2021-11-13T00:07:36.439Z,sell,8e-06,374.0,0.002992
NAS/BTC,1636762121714,2021-11-13T00:08:41.714Z,sell,8e-06,768.0,0.006144
NAS/BTC,1636762208287,2021-11-13T00:10:08.287Z,sell,8e-06,845.0,0.0067599999999999995
NAS/BTC,1636762271200,2021-11-13T00:11:11.200Z,sell,8e-06,810.0,0.00648
NAS/BTC,1636762335976,2021-11-13T00:12:15.976Z,sell,8e-06,792.0,0.006336
NAS/BTC,1636762414293,2021-11-13T00:13:34.293Z,sell,8e-06,108.0,0.000864
NAS/BTC,1636762479066,2021-11-13T00:14:39.066Z,sell,8e-06,541.0,0.004327999999999999
NAS/BTC,1636762520874,2021-11-13T00:15:20.874Z,sell,8e-06,15.0,0.00011999999999999999
NAS/BTC,1636762561508,2021-11-13T00:16:01.508Z,sell,8e-06,112.0,0.000896
NAS/BTC,1636762627476,2021-11-13T00:17:07.476Z,sell,8e-06,699.0,0.005592
NAS/BTC,1636762688167,2021-11-13T00:18:08.167Z,sell,8e-06,340.0,0.0027199999999999998
NAS/BTC,1636762777778,2021-11-13T00:19:37.778Z,sell,8e-06,108.0,0.000864
NAS/BTC,1636762863280,2021-11-13T00:21:03.280Z,sell,8e-06,148.0,0.001184
NAS/BTC,1636762933352,2021-11-13T00:22:13.352Z,sell,8e-06,712.0,0.005696
NAS/BTC,1636762994673,2021-11-13T00:23:14.673Z,sell,8e-06,108.0,0.000864
NAS/BTC,1636763056345,2021-11-13T00:24:16.345Z,sell,8e-06,763.0,0.006104
NAS/BTC,1636763142343,2021-11-13T00:25:42.343Z,sell,8e-06,614.0,0.004912
NAS/BTC,1636763223844,2021-11-13T00:27:03.844Z,sell,8e-06,481.0,0.003848
NAS/BTC,1636763309361,2021-11-13T00:28:29.361Z,sell,8e-06,595.0,0.0047599999999999995
NAS/BTC,1636763382769,2021-11-13T00:29:42.769Z,sell,8e-06,548.0,0.004384
NAS/BTC,1636763461776,2021-11-13T00:31:01.776Z,sell,8e-06,420.0,0.0033599999999999997
NAS/BTC,1636763525313,2021-11-13T00:32:05.313Z,sell,8e-06,20.0,0.00015999999999999999
NAS/BTC,1636763528337,2021-11-13T00:32:08.337Z,sell,8e-06,514.0,0.004112
NAS/BTC,1636763602313,2021-11-13T00:33:22.313Z,sell,8e-06,151.0,0.0012079999999999999
NAS/BTC,1636763663979,2021-11-13T00:34:23.979Z,sell,8e-06,68.0,0.000544
NAS/BTC,1636763742822,2021-11-13T00:35:42.822Z,sell,8e-06,704.0,0.005632
NAS/BTC,1636763793362,2021-11-13T00:36:33.362Z,sell,8e-06,84.0,0.000672
NAS/BTC,1636763815398,2021-11-13T00:36:55.398Z,sell,8e-06,361.0,0.002888
NAS/BTC,1636763893262,2021-11-13T00:38:13.262Z,sell,8e-06,339.0,0.002712
NAS/BTC,1636763916501,2021-11-13T00:38:36.501Z,sell,8e-06,376.0,0.003008
NAS/BTC,1636763916501,2021-11-13T00:38:36.501Z,sell,8e-06,376.0,0.003008
NAS/BTC,1636763916501,2021-11-13T00:38:36.501Z,sell,8e-06,376.0,0.003008
NAS/BTC,1636763916501,2021-11-13T00:38:36.501Z,sell,8e-06,376.0,0.003008
NAS/BTC,1636763916501,2021-11-13T00:38:36.501Z,sell,8e-06,376.0,0.003008
NAS/BTC,1636763916501,2021-11-13T00:38:36.501Z,sell,8e-06,376.0,0.003008
NAS/BTC,1636763916501,2021-11-13T00:38:36.501Z,sell,8e-06,376.0,0.003008
NAS/BTC,1636763916501,2021-11-13T00:38:36.501Z,sell,8e-06,376.0,0.003008
NAS/BTC,1636763916501,2021-11-13T00:38:36.501Z,sell,8e-06,376.0,0.003008
NAS/BTC,1636763916501,2021-11-13T00:38:36.501Z,sell,8e-06,376.0,0.003008
NAS/BTC,1636763916501,2021-11-13T00:38:36.501Z,sell,8e-06,42.0,0.000336
NAS/BTC,1636763968172,2021-11-13T00:39:28.172Z,buy,8e-06,750.0,0.006
NAS/BTC,1636764034285,2021-11-13T00:40:34.285Z,buy,8e-06,739.0,0.005912
NAS/BTC,1636764107468,2021-11-13T00:41:47.468Z,buy,8e-06,623.0,0.004984
NAS/BTC,1636764185924,2021-11-13T00:43:05.924Z,buy,8e-06,516.0,0.004128
NAS/BTC,1636764245799,2021-11-13T00:44:05.799Z,sell,7.9e-06,49.0,0.00038710000000000003
NAS/BTC,1636764264539,2021-11-13T00:44:24.539Z,buy,8e-06,67.0,0.000536
NAS/BTC,1636764338085,2021-11-13T00:45:38.085Z,buy,8e-06,2310.0,0.01848
NAS/BTC,1636764338090,2021-11-13T00:45:38.090Z,sell,8e-06,1439.0,0.011512
NAS/BTC,1636764344788,2021-11-13T00:45:44.788Z,buy,8e-06,134.0,0.001072
NAS/BTC,1636764411995,2021-11-13T00:46:51.995Z,buy,8e-06,88.0,0.000704
NAS/BTC,1636764429010,2021-11-13T00:47:09.010Z,buy,8e-06,14.0,0.000112
NAS/BTC,1636764474080,2021-11-13T00:47:54.080Z,buy,8e-06,567.0,0.004536
NAS/BTC,1636764547401,2021-11-13T00:49:07.401Z,buy,8e-06,541.0,0.004327999999999999
NAS/BTC,1636764636545,2021-11-13T00:50:36.545Z,buy,8e-06,606.0,0.004848
NAS/BTC,1636764708923,2021-11-13T00:51:48.923Z,buy,8e-06,609.0,0.004872
NAS/BTC,1636764796286,2021-11-13T00:53:16.286Z,buy,8e-06,514.0,0.004112
NAS/BTC,1636764875053,2021-11-13T00:54:35.053Z,buy,8e-06,358.0,0.002864
NAS/BTC,1636764953640,2021-11-13T00:55:53.640Z,buy,8e-06,146.0,0.001168
NAS/BTC,1636764953640,2021-11-13T00:55:53.640Z,buy,8e-06,146.0,0.001168
NAS/BTC,1636765031919,2021-11-13T00:57:11.919Z,buy,8e-06,303.0,0.002424
NAS/BTC,1636765093691,2021-11-13T00:58:13.691Z,buy,8e-06,449.0,0.0035919999999999997
NAS/BTC,1636765108762,2021-11-13T00:58:28.762Z,sell,7.9e-06,201.0,0.0015879000000000002
NAS/BTC,1636765177151,2021-11-13T00:59:37.151Z,buy,8e-06,361.0,0.002888
NAS/BTC,1636765237858,2021-11-13T01:00:37.858Z,buy,8e-06,1728.0,0.013824
NAS/BTC,1636765237868,2021-11-13T01:00:37.868Z,sell,8e-06,319.0,0.002552
NAS/BTC,1636765237869,2021-11-13T01:00:37.869Z,sell,8e-06,276.0,0.002208
NAS/BTC,1636765237883,2021-11-13T01:00:37.883Z,sell,8e-06,94.0,0.000752
NAS/BTC,1636765237937,2021-11-13T01:00:37.937Z,sell,8e-06,237.0,0.001896
NAS/BTC,1636765238023,2021-11-13T01:00:38.023Z,sell,8e-06,36.0,0.000288
NAS/BTC,1636765238088,2021-11-13T01:00:38.088Z,sell,8e-06,325.0,0.0026
NAS/BTC,1636765239097,2021-11-13T01:00:39.097Z,sell,8e-06,260.0,0.00208
NAS/BTC,1636765239195,2021-11-13T01:00:39.195Z,sell,8e-06,179.0,0.001432
NAS/BTC,1636765260209,2021-11-13T01:01:00.209Z,sell,8e-06,414.0,0.003312
NAS/BTC,1636765327592,2021-11-13T01:02:07.592Z,sell,8e-06,536.0,0.004288
NAS/BTC,1636765397481,2021-11-13T01:03:17.481Z,sell,8e-06,63.0,0.000504
NAS/BTC,1636765486413,2021-11-13T01:04:46.413Z,sell,8e-06,164.0,0.001312
NAS/BTC,1636765571948,2021-11-13T01:06:11.948Z,sell,8e-06,476.0,0.0038079999999999998
NAS/BTC,1636765632525,2021-11-13T01:07:12.525Z,sell,8e-06,152.0,0.0012159999999999999
NAS/BTC,1636765695925,2021-11-13T01:08:15.925Z,sell,8e-06,695.0,0.00556
NAS/BTC,1636765769741,2021-11-13T01:09:29.741Z,sell,8e-06,536.0,0.004288
NAS/BTC,1636765835242,2021-11-13T01:10:35.242Z,sell,8e-06,309.0,0.002472
NAS/BTC,1636765917999,2021-11-13T01:11:57.999Z,sell,8e-06,298.0,0.002384
NAS/BTC,1636766007847,2021-11-13T01:13:27.847Z,sell,8e-06,358.0,0.002864
NAS/BTC,1636766090707,2021-11-13T01:14:50.707Z,sell,8e-06,169.0,0.001352
NAS/BTC,1636766163583,2021-11-13T01:16:03.583Z,sell,8e-06,694.0,0.005552
NAS/BTC,1636766230808,2021-11-13T01:17:10.808Z,sell,8e-06,591.0,0.0047279999999999996
NAS/BTC,1636766296770,2021-11-13T01:18:16.770Z,sell,8e-06,756.0,0.0060479999999999996
NAS/BTC,1636766319195,2021-11-13T01:18:39.195Z,sell,8e-06,558.0,0.004464
NAS/BTC,1636766378935,2021-11-13T01:19:38.935Z,sell,8e-06,297.0,0.002376
NAS/BTC,1636766439310,2021-11-13T01:20:39.310Z,sell,8e-06,683.0,0.005464
NAS/BTC,1636766527605,2021-11-13T01:22:07.605Z,sell,8e-06,156.0,0.001248
NAS/BTC,1636766614222,2021-11-13T01:23:34.222Z,sell,8e-06,85.0,0.0006799999999999999
NAS/BTC,1636766702626,2021-11-13T01:25:02.626Z,sell,8e-06,135.0,0.00108
NAS/BTC,1636766790739,2021-11-13T01:26:30.739Z,sell,8e-06,379.0,0.003032
NAS/BTC,1636766814561,2021-11-13T01:26:54.561Z,sell,8e-06,76.0,0.0006079999999999999
NAS/BTC,1636766861491,2021-11-13T01:27:41.491Z,sell,8e-06,126.0,0.001008
NAS/BTC,1636766891759,2021-11-13T01:28:11.759Z,sell,8e-06,15.0,0.00011999999999999999
NAS/BTC,1636766935860,2021-11-13T01:28:55.860Z,sell,8e-06,582.0,0.0046559999999999995
NAS/BTC,1636766935871,2021-11-13T01:28:55.871Z,buy,8e-06,91.0,0.0007279999999999999
NAS/BTC,1636766936062,2021-11-13T01:28:56.062Z,buy,8e-06,259.0,0.002072
NAS/BTC,1636767013413,2021-11-13T01:30:13.413Z,sell,8e-06,332.0,0.002656
NAS/BTC,1636767058126,2021-11-13T01:30:58.126Z,sell,8e-06,78.0,0.000624
NAS/BTC,1636767099278,2021-11-13T01:31:39.278Z,sell,8e-06,476.0,0.0038079999999999998
NAS/BTC,1636767099474,2021-11-13T01:31:39.474Z,buy,8e-06,25.0,0.00019999999999999998
NAS/BTC,1636767111872,2021-11-13T01:31:51.872Z,sell,8e-06,476.0,0.0038079999999999998
NAS/BTC,1636767166212,2021-11-13T01:32:46.212Z,sell,7.9e-06,530.0,0.004187000000000001
NAS/BTC,1636767230439,2021-11-13T01:33:50.439Z,buy,8e-06,113.0,0.000904
NAS/BTC,1636767293505,2021-11-13T01:34:53.505Z,buy,8e-06,130.0,0.00104
NAS/BTC,1636767368980,2021-11-13T01:36:08.980Z,sell,7.9e-06,9167.0,0.0724193
NAS/BTC,1636767368989,2021-11-13T01:36:08.989Z,buy,7.9e-06,275.0,0.0021725
NAS/BTC,1636767368990,2021-11-13T01:36:08.990Z,buy,7.9e-06,183.0,0.0014457
NAS/BTC,1636767368992,2021-11-13T01:36:08.992Z,buy,7.9e-06,183.0,0.0014457
NAS/BTC,1636767368993,2021-11-13T01:36:08.993Z,buy,7.9e-06,184.0,0.0014536000000000002
NAS/BTC,1636767369000,2021-11-13T01:36:09.000Z,buy,7.9e-06,359.0,0.0028361000000000003
NAS/BTC,1636767369003,2021-11-13T01:36:09.003Z,buy,7.9e-06,348.0,0.0027492000000000003
NAS/BTC,1636767369009,2021-11-13T01:36:09.009Z,buy,7.9e-06,2970.0,0.023463
NAS/BTC,1636767369011,2021-11-13T01:36:09.011Z,buy,7.9e-06,2947.0,0.0232813
NAS/BTC,1636767369031,2021-11-13T01:36:09.031Z,buy,7.9e-06,355.0,0.0028045
NAS/BTC,1636767369044,2021-11-13T01:36:09.044Z,buy,7.9e-06,2970.0,0.023463
NAS/BTC,1636767369083,2021-11-13T01:36:09.083Z,buy,7.9e-06,269.0,0.0021251
NAS/BTC,1636767369093,2021-11-13T01:36:09.093Z,buy,7.9e-06,2970.0,0.023463
NAS/BTC,1636767369098,2021-11-13T01:36:09.098Z,buy,7.9e-06,1097.0,0.0086663
NAS/BTC,1636767369137,2021-11-13T01:36:09.137Z,buy,7.9e-06,213.0,0.0016827
NAS/BTC,1636767369177,2021-11-13T01:36:09.177Z,buy,7.9e-06,117.0,0.0009243000000000001
NAS/BTC,1636767369181,2021-11-13T01:36:09.181Z,buy,7.9e-06,222.0,0.0017538000000000002
NAS/BTC,1636767369205,2021-11-13T01:36:09.205Z,buy,7.9e-06,1063.0,0.008397700000000001
NAS/BTC,1636767369247,2021-11-13T01:36:09.247Z,buy,7.9e-06,177.0,0.0013983
NAS/BTC,1636767371040,2021-11-13T01:36:11.040Z,buy,7.9e-06,42.0,0.00033180000000000004
NAS/BTC,1636767376817,2021-11-13T01:36:16.817Z,buy,7.9e-06,419.0,0.0033101000000000003
NAS/BTC,1636767381847,2021-11-13T01:36:21.847Z,buy,7.9e-06,365.0,0.0028835
NAS/BTC,1636767400581,2021-11-13T01:36:40.581Z,sell,7.8e-06,146.0,0.0011388
NAS/BTC,1636767457332,2021-11-13T01:37:37.332Z,buy,7.9e-06,39.0,0.0003081
NAS/BTC,1636767459242,2021-11-13T01:37:39.242Z,buy,7.9e-06,679.0,0.0053641
NAS/BTC,1636767471355,2021-11-13T01:37:51.355Z,buy,7.9e-06,323.0,0.0025517
NAS/BTC,1636767473045,2021-11-13T01:37:53.045Z,buy,7.9e-06,67.0,0.0005293
NAS/BTC,1636767532380,2021-11-13T01:38:52.380Z,sell,7.8e-06,65.0,0.000507
NAS/BTC,1636767553844,2021-11-13T01:39:13.844Z,buy,7.9e-06,420.0,0.003318
NAS/BTC,1636767595581,2021-11-13T01:39:55.581Z,sell,7.8e-06,758.0,0.0059124
NAS/BTC,1636767614230,2021-11-13T01:40:14.230Z,buy,7.9e-06,854.0,0.0067466
NAS/BTC,1636767616220,2021-11-13T01:40:16.220Z,buy,7.9e-06,1108.0,0.008753200000000001
NAS/BTC,1636767616237,2021-11-13T01:40:16.237Z,sell,7.9e-06,153.0,0.0012087
NAS/BTC,1636767616423,2021-11-13T01:40:16.423Z,sell,7.9e-06,153.0,0.0012087
NAS/BTC,1636767616587,2021-11-13T01:40:16.587Z,sell,7.9e-06,57.0,0.00045030000000000005
NAS/BTC,1636767616676,2021-11-13T01:40:16.676Z,sell,7.9e-06,146.0,0.0011534000000000002
NAS/BTC,1636767620802,2021-11-13T01:40:20.802Z,sell,7.9e-06,29.0,0.0002291
NAS/BTC,1636767677986,2021-11-13T01:41:17.986Z,buy,8e-06,750.0,0.006
NAS/BTC,1636767703203,2021-11-13T01:41:43.203Z,sell,7.9e-06,176.0,0.0013904000000000002
NAS/BTC,1636767738897,2021-11-13T01:42:18.897Z,buy,8e-06,857.0,0.006856
NAS/BTC,1636767818502,2021-11-13T01:43:38.502Z,buy,8e-06,810.0,0.00648
NAS/BTC,1636767848261,2021-11-13T01:44:08.261Z,sell,7.9e-06,17.0,0.0001343
NAS/BTC,1636767904925,2021-11-13T01:45:04.925Z,buy,8e-06,146.0,0.001168
NAS/BTC,1636767991239,2021-11-13T01:46:31.239Z,buy,8e-06,576.0,0.004608
NAS/BTC,1636768019613,2021-11-13T01:46:59.613Z,sell,7.9e-06,181.0,0.0014299
NAS/BTC,1636768062666,2021-11-13T01:47:42.666Z,buy,8e-06,58.0,0.000464
NAS/BTC,1636768111815,2021-11-13T01:48:31.815Z,sell,7.9e-06,493.0,0.0038947000000000005
NAS/BTC,1636768129952,2021-11-13T01:48:49.952Z,buy,8e-06,713.0,0.005704
NAS/BTC,1636768146538,2021-11-13T01:49:06.538Z,sell,7.9e-06,39.0,0.0003081
NAS/BTC,1636768202189,2021-11-13T01:50:02.189Z,buy,8e-06,769.0,0.0061519999999999995
NAS/BTC,1636768271707,2021-11-13T01:51:11.707Z,buy,8e-06,587.0,0.004696
NAS/BTC,1636768342082,2021-11-13T01:52:22.082Z,buy,8e-06,664.0,0.005312
NAS/BTC,1636768427239,2021-11-13T01:53:47.239Z,buy,8e-06,342.0,0.0027359999999999997
NAS/BTC,1636768514902,2021-11-13T01:55:14.902Z,buy,8e-06,844.0,0.006751999999999999
NAS/BTC,1636768514902,2021-11-13T01:55:14.902Z,buy,8e-06,844.0,0.006751999999999999
NAS/BTC,1636768595946,2021-11-13T01:56:35.946Z,buy,8e-06,142.0,0.0011359999999999999
NAS/BTC,1636768666298,2021-11-13T01:57:46.298Z,buy,8e-06,571.0,0.004568
NAS/BTC,1636768741409,2021-11-13T01:59:01.409Z,buy,8e-06,317.0,0.002536
NAS/BTC,1636768810542,2021-11-13T02:00:10.542Z,buy,8e-06,86.0,0.0006879999999999999
NAS/BTC,1636768871835,2021-11-13T02:01:11.835Z,buy,8e-06,854.0,0.0068319999999999995
NAS/BTC,1636768935537,2021-11-13T02:02:15.537Z,buy,8e-06,299.0,0.002392
NAS/BTC,1636769017153,2021-11-13T02:03:37.153Z,buy,8e-06,402.0,0.0032159999999999997
NAS/BTC,1636769062192,2021-11-13T02:04:22.192Z,sell,7.9e-06,24.0,0.0001896
NAS/BTC,1636769101080,2021-11-13T02:05:01.080Z,buy,8e-06,701.0,0.005608
NAS/BTC,1636769184653,2021-11-13T02:06:24.653Z,buy,8e-06,601.0,0.004808
NAS/BTC,1636769251186,2021-11-13T02:07:31.186Z,sell,7.9e-06,439.0,0.0034681000000000004
NAS/BTC,1636769327604,2021-11-13T02:08:47.604Z,sell,7.9e-06,174.0,0.0013746000000000001
NAS/BTC,1636769327938,2021-11-13T02:08:47.938Z,sell,7.9e-06,568.0,0.0044872
NAS/BTC,1636769397315,2021-11-13T02:09:57.315Z,buy,8e-06,119.0,0.0009519999999999999
NAS/BTC,1636769460784,2021-11-13T02:11:00.784Z,sell,7.9e-06,389.0,0.0030731
NAS/BTC,1636769540898,2021-11-13T02:12:20.898Z,sell,7.9e-06,459.0,0.0036261
NAS/BTC,1636769579638,2021-11-13T02:12:59.638Z,sell,7.9e-06,259.0,0.0020461000000000003
NAS/BTC,1636769614454,2021-11-13T02:13:34.454Z,sell,7.9e-06,600.0,0.00474
NAS/BTC,1636769704202,2021-11-13T02:15:04.202Z,sell,7.9e-06,398.0,0.0031442
NAS/BTC,1636769766504,2021-11-13T02:16:06.504Z,sell,7.9e-06,873.0,0.0068967
NAS/BTC,1636769802816,2021-11-13T02:16:42.816Z,sell,7.9e-06,155.0,0.0012245000000000001
NAS/BTC,1636769829931,2021-11-13T02:17:09.931Z,sell,7.9e-06,329.0,0.0025991
NAS/BTC,1636769903652,2021-11-13T02:18:23.652Z,buy,8e-06,853.0,0.006823999999999999
NAS/BTC,1636769918988,2021-11-13T02:18:38.988Z,sell,7.9e-06,296.0,0.0023384
NAS/BTC,1636769999458,2021-11-13T02:19:59.458Z,buy,8e-06,128.0,0.001024
NAS/BTC,1636770070296,2021-11-13T02:21:10.296Z,sell,7.9e-06,553.0,0.0043687000000000005
NAS/BTC,1636770130302,2021-11-13T02:22:10.302Z,buy,8e-06,108.0,0.000864
NAS/BTC,1636770208390,2021-11-13T02:23:28.390Z,sell,7.9e-06,413.0,0.0032627000000000003
NAS/BTC,1636770279978,2021-11-13T02:24:39.978Z,sell,7.9e-06,731.0,0.0057749
NAS/BTC,1636770367526,2021-11-13T02:26:07.526Z,sell,7.9e-06,871.0,0.0068809000000000006
NAS/BTC,1636770441614,2021-11-13T02:27:21.614Z,sell,7.9e-06,696.0,0.0054984000000000005
NAS/BTC,1636770507101,2021-11-13T02:28:27.101Z,sell,7.9e-06,644.0,0.0050876
NAS/BTC,1636770582354,2021-11-13T02:29:42.354Z,sell,7.9e-06,406.0,0.0032074000000000004
NAS/BTC,1636770671417,2021-11-13T02:31:11.417Z,sell,7.9e-06,516.0,0.0040764
NAS/BTC,1636770750048,2021-11-13T02:32:30.048Z,sell,7.9e-06,661.0,0.005221900000000001
NAS/BTC,1636770837491,2021-11-13T02:33:57.491Z,sell,7.9e-06,322.0,0.0025438
NAS/BTC,1636770900023,2021-11-13T02:35:00.023Z,buy,8e-06,112.0,0.000896
NAS/BTC,1636770970868,2021-11-13T02:36:10.868Z,sell,7.9e-06,445.0,0.0035155000000000004
NAS/BTC,1636771044652,2021-11-13T02:37:24.652Z,sell,7.9e-06,472.0,0.0037288000000000004
NAS/BTC,1636771116590,2021-11-13T02:38:36.590Z,sell,7.9e-06,855.0,0.0067545
NAS/BTC,1636771204536,2021-11-13T02:40:04.536Z,sell,7.9e-06,770.0,0.006083000000000001
NAS/BTC,1636771289552,2021-11-13T02:41:29.552Z,buy,8e-06,103.0,0.000824
NAS/BTC,1636771336350,2021-11-13T02:42:16.350Z,buy,8e-06,286.0,0.002288
NAS/BTC,1636771354578,2021-11-13T02:42:34.578Z,sell,7.9e-06,595.0,0.004700500000000001
NAS/BTC,1636771427217,2021-11-13T02:43:47.217Z,sell,7.9e-06,104.0,0.0008216
NAS/BTC,1636771433742,2021-11-13T02:43:53.742Z,sell,7.9e-06,689.0,0.0054431
NAS/BTC,1636771514881,2021-11-13T02:45:14.881Z,buy,8e-06,148.0,0.001184
NAS/BTC,1636771594461,2021-11-13T02:46:34.461Z,buy,8e-06,100.0,0.0007999999999999999
NAS/BTC,1636771675098,2021-11-13T02:47:55.098Z,buy,8e-06,116.0,0.000928
NAS/BTC,1636771742159,2021-11-13T02:49:02.159Z,sell,7.9e-06,719.0,0.0056801
NAS/BTC,1636771829527,2021-11-13T02:50:29.527Z,sell,7.9e-06,322.0,0.0025438
NAS/BTC,1636771890186,2021-11-13T02:51:30.186Z,sell,7.9e-06,588.0,0.0046452
NAS/BTC,1636771963953,2021-11-13T02:52:43.953Z,sell,7.9e-06,387.0,0.0030573
NAS/BTC,1636772041479,2021-11-13T02:54:01.479Z,buy,8e-06,167.0,0.001336
NAS/BTC,1636772041479,2021-11-13T02:54:01.479Z,buy,8e-06,167.0,0.001336
NAS/BTC,1636772122708,2021-11-13T02:55:22.708Z,buy,8e-06,155.0,0.00124
NAS/BTC,1636772188674,2021-11-13T02:56:28.674Z,buy,8e-06,99.0,0.000792
NAS/BTC,1636772273551,2021-11-13T02:57:53.551Z,sell,7.9e-06,461.0,0.0036419000000000004
NAS/BTC,1636772342350,2021-11-13T02:59:02.350Z,sell,7.9e-06,333.0,0.0026307
NAS/BTC,1636772411481,2021-11-13T03:00:11.481Z,sell,7.9e-06,803.0,0.006343700000000001
NAS/BTC,1636772479658,2021-11-13T03:01:19.658Z,sell,7.9e-06,687.0,0.0054273
NAS/BTC,1636772514575,2021-11-13T03:01:54.575Z,sell,7.9e-06,39.0,0.0003081
NAS/BTC,1636772555203,2021-11-13T03:02:35.203Z,sell,7.9e-06,217.0,0.0017143000000000002
NAS/BTC,1636772562380,2021-11-13T03:02:42.380Z,sell,7.9e-06,736.0,0.005814400000000001
NAS/BTC,1636772635318,2021-11-13T03:03:55.318Z,sell,7.9e-06,549.0,0.0043371
NAS/BTC,1636772696884,2021-11-13T03:04:56.884Z,buy,8e-06,120.0,0.0009599999999999999
NAS/BTC,1636772765989,2021-11-13T03:06:05.989Z,sell,7.9e-06,740.0,0.0058460000000000005
NAS/BTC,1636772843920,2021-11-13T03:07:23.920Z,sell,7.9e-06,349.0,0.0027571
NAS/BTC,1636772904623,2021-11-13T03:08:24.623Z,buy,8e-06,87.0,0.000696
NAS/BTC,1636772954363,2021-11-13T03:09:14.363Z,sell,7.9e-06,303.0,0.0023937000000000003
NAS/BTC,1636772994275,2021-11-13T03:09:54.275Z,buy,8e-06,127.0,0.001016
NAS/BTC,1636773083003,2021-11-13T03:11:23.003Z,sell,7.9e-06,767.0,0.0060593
NAS/BTC,1636773156787,2021-11-13T03:12:36.787Z,buy,8e-06,66.0,0.0005279999999999999
NAS/BTC,1636773230915,2021-11-13T03:13:50.915Z,sell,7.9e-06,711.0,0.0056169
NAS/BTC,1636773319733,2021-11-13T03:15:19.733Z,sell,7.9e-06,592.0,0.0046768
NAS/BTC,1636773387977,2021-11-13T03:16:27.977Z,sell,7.9e-06,680.0,0.005372
NAS/BTC,1636773457007,2021-11-13T03:17:37.007Z,sell,7.9e-06,473.0,0.0037367000000000004
NAS/BTC,1636773520748,2021-11-13T03:18:40.748Z,sell,7.9e-06,440.0,0.0034760000000000004
NAS/BTC,1636773555874,2021-11-13T03:19:15.874Z,buy,8e-06,90.0,0.0007199999999999999
NAS/BTC,1636773608871,2021-11-13T03:20:08.871Z,sell,7.9e-06,567.0,0.0044793
NAS/BTC,1636773676887,2021-11-13T03:21:16.887Z,sell,7.9e-06,843.0,0.0066597
NAS/BTC,1636773763046,2021-11-13T03:22:43.046Z,sell,7.9e-06,521.0,0.0041159000000000005
NAS/BTC,1636773828124,2021-11-13T03:23:48.124Z,buy,8e-06,113.0,0.000904
NAS/BTC,1636773892043,2021-11-13T03:24:52.043Z,sell,7.9e-06,621.0,0.0049059
NAS/BTC,1636773957603,2021-11-13T03:25:57.603Z,sell,7.9e-06,81.0,0.0006399
NAS/BTC,1636773978453,2021-11-13T03:26:18.453Z,sell,7.9e-06,747.0,0.005901300000000001
NAS/BTC,1636773995584,2021-11-13T03:26:35.584Z,buy,8e-06,78.0,0.000624
NAS/BTC,1636774056045,2021-11-13T03:27:36.045Z,buy,8e-06,90.0,0.0007199999999999999
NAS/BTC,1636774121779,2021-11-13T03:28:41.779Z,buy,8e-06,87.0,0.000696
NAS/BTC,1636774190238,2021-11-13T03:29:50.238Z,sell,7.9e-06,761.0,0.006011900000000001
NAS/BTC,1636774267839,2021-11-13T03:31:07.839Z,buy,8e-06,65.0,0.00052
NAS/BTC,1636774276324,2021-11-13T03:31:16.324Z,buy,8e-06,154.0,0.001232
NAS/BTC,1636774333528,2021-11-13T03:32:13.528Z,sell,7.9e-06,365.0,0.0028835
NAS/BTC,1636774413257,2021-11-13T03:33:33.257Z,sell,7.9e-06,447.0,0.0035313000000000002
NAS/BTC,1636774429184,2021-11-13T03:33:49.184Z,buy,8e-06,70.0,0.00056
NAS/BTC,1636774475534,2021-11-13T03:34:35.534Z,buy,8e-06,172.0,0.0013759999999999998
NAS/BTC,1636774559319,2021-11-13T03:35:59.319Z,sell,7.9e-06,588.0,0.0046452
NAS/BTC,1636774622107,2021-11-13T03:37:02.107Z,sell,7.9e-06,518.0,0.004092200000000001
NAS/BTC,1636774703514,2021-11-13T03:38:23.514Z,sell,7.9e-06,711.0,0.0056169
NAS/BTC,1636774711656,2021-11-13T03:38:31.656Z,buy,8e-06,59.0,0.000472
NAS/BTC,1636774772000,2021-11-13T03:39:32.000Z,sell,7.9e-06,322.0,0.0025438
NAS/BTC,1636774773642,2021-11-13T03:39:33.642Z,sell,7.9e-06,59.0,0.00046610000000000005
NAS/BTC,1636774805799,2021-11-13T03:40:05.799Z,sell,7.9e-06,55.0,0.00043450000000000004
NAS/BTC,1636774820131,2021-11-13T03:40:20.131Z,buy,8e-06,25.0,0.00019999999999999998
NAS/BTC,1636774854167,2021-11-13T03:40:54.167Z,sell,7.9e-06,688.0,0.0054352
NAS/BTC,1636774903251,2021-11-13T03:41:43.251Z,sell,7.9e-06,1439.0,0.0113681
NAS/BTC,1636774922206,2021-11-13T03:42:02.206Z,sell,7.9e-06,219.0,0.0017301
NAS/BTC,1636774934992,2021-11-13T03:42:14.992Z,sell,7.9e-06,749.0,0.005917100000000001
NAS/BTC,1636774995972,2021-11-13T03:43:15.972Z,sell,7.9e-06,866.0,0.0068414
NAS/BTC,1636775064371,2021-11-13T03:44:24.371Z,sell,7.9e-06,861.0,0.0068019000000000005
NAS/BTC,1636775138465,2021-11-13T03:45:38.465Z,buy,8e-06,138.0,0.001104
NAS/BTC,1636775209825,2021-11-13T03:46:49.825Z,buy,8e-06,123.0,0.0009839999999999998
NAS/BTC,1636775284054,2021-11-13T03:48:04.054Z,sell,7.9e-06,427.0,0.0033733
NAS/BTC,1636775356672,2021-11-13T03:49:16.672Z,buy,8e-06,93.0,0.000744
NAS/BTC,1636775436814,2021-11-13T03:50:36.814Z,sell,7.9e-06,732.0,0.0057828
NAS/BTC,1636775502689,2021-11-13T03:51:42.689Z,sell,7.9e-06,335.0,0.0026465000000000004
NAS/BTC,1636775564766,2021-11-13T03:52:44.766Z,sell,7.9e-06,496.0,0.003918400000000001
NAS/BTC,1636775631716,2021-11-13T03:53:51.716Z,sell,7.9e-06,687.0,0.0054273
NAS/BTC,1636775631716,2021-11-13T03:53:51.716Z,sell,7.9e-06,687.0,0.0054273
NAS/BTC,1636775711079,2021-11-13T03:55:11.079Z,sell,7.9e-06,460.0,0.003634
NAS/BTC,1636775798218,2021-11-13T03:56:38.218Z,sell,7.9e-06,773.0,0.0061067000000000005
NAS/BTC,1636775885916,2021-11-13T03:58:05.916Z,sell,7.9e-06,307.0,0.0024253
NAS/BTC,1636775971549,2021-11-13T03:59:31.549Z,sell,7.9e-06,562.0,0.004439800000000001
NAS/BTC,1636776042873,2021-11-13T04:00:42.873Z,sell,7.9e-06,769.0,0.006075100000000001
NAS/BTC,1636776130779,2021-11-13T04:02:10.779Z,sell,7.9e-06,733.0,0.0057907
NAS/BTC,1636776191855,2021-11-13T04:03:11.855Z,sell,7.9e-06,484.0,0.0038236000000000003
NAS/BTC,1636776278768,2021-11-13T04:04:38.768Z,sell,7.9e-06,531.0,0.0041949000000000005
NAS/BTC,1636776363979,2021-11-13T04:06:03.979Z,sell,7.9e-06,776.0,0.0061304
NAS/BTC,1636776436808,2021-11-13T04:07:16.808Z,sell,7.9e-06,474.0,0.0037446000000000003
NAS/BTC,1636776514850,2021-11-13T04:08:34.850Z,sell,7.9e-06,663.0,0.0052377000000000005
NAS/BTC,1636776589929,2021-11-13T04:09:49.929Z,sell,7.9e-06,633.0,0.0050007
NAS/BTC,1636776662629,2021-11-13T04:11:02.629Z,sell,7.9e-06,498.0,0.0039342000000000005
NAS/BTC,1636776747535,2021-11-13T04:12:27.535Z,sell,7.9e-06,683.0,0.005395700000000001
NAS/BTC,1636776764840,2021-11-13T04:12:44.840Z,sell,7.9e-06,735.0,0.0058065
NAS/BTC,1636776814317,2021-11-13T04:13:34.317Z,sell,7.9e-06,845.0,0.006675500000000001
NAS/BTC,1636776822615,2021-11-13T04:13:42.615Z,sell,7.9e-06,57.0,0.00045030000000000005
NAS/BTC,1636776879847,2021-11-13T04:14:39.847Z,sell,7.9e-06,318.0,0.0025122
NAS/BTC,1636776954478,2021-11-13T04:15:54.478Z,sell,7.9e-06,399.0,0.0031521
NAS/BTC,1636777015111,2021-11-13T04:16:55.111Z,sell,7.9e-06,515.0,0.0040685
NAS/BTC,1636777089926,2021-11-13T04:18:09.926Z,sell,7.9e-06,343.0,0.0027097
NAS/BTC,1636777135725,2021-11-13T04:18:55.725Z,buy,8e-06,47.0,0.000376
NAS/BTC,1636777161011,2021-11-13T04:19:21.011Z,sell,7.9e-06,413.0,0.0032627000000000003
NAS/BTC,1636777236954,2021-11-13T04:20:36.954Z,sell,7.9e-06,799.0,0.0063121
NAS/BTC,1636777324877,2021-11-13T04:22:04.877Z,buy,8e-06,164.0,0.001312
NAS/BTC,1636777408687,2021-11-13T04:23:28.687Z,buy,8e-06,58.0,0.000464
NAS/BTC,1636777497726,2021-11-13T04:24:57.726Z,sell,7.9e-06,545.0,0.0043055
NAS/BTC,1636777527121,2021-11-13T04:25:27.121Z,sell,7.9e-06,49.0,0.00038710000000000003
NAS/BTC,1636777565429,2021-11-13T04:26:05.429Z,buy,8e-06,135.0,0.00108
NAS/BTC,1636777637722,2021-11-13T04:27:17.722Z,buy,8e-06,132.0,0.0010559999999999999
NAS/BTC,1636777707666,2021-11-13T04:28:27.666Z,sell,7.9e-06,526.0,0.0041554
NAS/BTC,1636777784845,2021-11-13T04:29:44.845Z,buy,8e-06,97.0,0.000776
NAS/BTC,1636777821262,2021-11-13T04:30:21.262Z,buy,8e-06,13.0,0.000104
NAS/BTC,1636777845707,2021-11-13T04:30:45.707Z,sell,7.9e-06,830.0,0.006557
NAS/BTC,1636777869446,2021-11-13T04:31:09.446Z,buy,8e-06,41963.0,0.335704
NAS/BTC,1636777869453,2021-11-13T04:31:09.453Z,sell,8e-06,5740.0,0.045919999999999996
NAS/BTC,1636777869456,2021-11-13T04:31:09.456Z,sell,8e-06,660.0,0.00528
NAS/BTC,1636777869456,2021-11-13T04:31:09.456Z,sell,8e-06,227.0,0.001816
NAS/BTC,1636777869495,2021-11-13T04:31:09.495Z,sell,8e-06,195.0,0.00156
NAS/BTC,1636777869551,2021-11-13T04:31:09.551Z,sell,8e-06,357.0,0.002856
NAS/BTC,1636777869552,2021-11-13T04:31:09.552Z,sell,8e-06,858.0,0.0068639999999999994
NAS/BTC,1636777869619,2021-11-13T04:31:09.619Z,sell,8e-06,219.0,0.0017519999999999999
NAS/BTC,1636777869626,2021-11-13T04:31:09.626Z,sell,8e-06,409.0,0.0032719999999999997
NAS/BTC,1636777869627,2021-11-13T04:31:09.627Z,sell,8e-06,726.0,0.005808
NAS/BTC,1636777874130,2021-11-13T04:31:14.130Z,buy,8e-06,279.0,0.002232
NAS/BTC,1636777876819,2021-11-13T04:31:16.819Z,buy,8e-06,1655.0,0.01324
NAS/BTC,1636777877382,2021-11-13T04:31:17.382Z,sell,8e-06,122.0,0.000976
NAS/BTC,1636777880420,2021-11-13T04:31:20.420Z,sell,8e-06,521.0,0.004168
NAS/BTC,1636777904382,2021-11-13T04:31:44.382Z,buy,8.1e-06,13.0,0.00010530000000000001
NAS/BTC,1636777913745,2021-11-13T04:31:53.745Z,sell,8e-06,2065.0,0.01652
NAS/BTC,1636777919227,2021-11-13T04:31:59.227Z,sell,8e-06,2529.0,0.020232
NAS/BTC,1636777926221,2021-11-13T04:32:06.221Z,sell,8e-06,2529.0,0.020232
NAS/BTC,1636777932586,2021-11-13T04:32:12.586Z,buy,8.1e-06,524.0,0.004244400000000001
NAS/BTC,1636777993253,2021-11-13T04:33:13.253Z,buy,8.1e-06,20753.0,0.1680993
NAS/BTC,1636777993253,2021-11-13T04:33:13.253Z,buy,8.2e-06,21056.0,0.17265919999999998
NAS/BTC,1636777993262,2021-11-13T04:33:13.262Z,sell,8.2e-06,2635.0,0.021606999999999998
NAS/BTC,1636777993265,2021-11-13T04:33:13.265Z,sell,8.2e-06,122.0,0.0010004
NAS/BTC,1636777993266,2021-11-13T04:33:13.266Z,sell,8.2e-06,39.0,0.00031979999999999997
NAS/BTC,1636777993284,2021-11-13T04:33:13.284Z,sell,8.1e-06,1934.0,0.0156654
NAS/BTC,1636777993284,2021-11-13T04:33:13.284Z,sell,8e-06,906.0,0.007248
NAS/BTC,1636777993315,2021-11-13T04:33:13.315Z,sell,8.1e-06,46.0,0.0003726
NAS/BTC,1636777993319,2021-11-13T04:33:13.319Z,buy,8.1e-06,1232.0,0.0099792
NAS/BTC,1636777993355,2021-11-13T04:33:13.355Z,sell,8e-06,182.0,0.0014559999999999998
NAS/BTC,1636777993557,2021-11-13T04:33:13.557Z,sell,8.1e-06,536.0,0.0043416
NAS/BTC,1636777993569,2021-11-13T04:33:13.569Z,sell,8.1e-06,250.0,0.002025
NAS/BTC,1636777994417,2021-11-13T04:33:14.417Z,sell,8.1e-06,15.0,0.0001215
NAS/BTC,1636777995969,2021-11-13T04:33:15.969Z,buy,8.1e-06,30.0,0.000243
NAS/BTC,1636777996168,2021-11-13T04:33:16.168Z,buy,8.1e-06,43.0,0.0003483
NAS/BTC,1636777996205,2021-11-13T04:33:16.205Z,buy,8.1e-06,48.0,0.0003888
NAS/BTC,1636777996721,2021-11-13T04:33:16.721Z,buy,8.1e-06,556.0,0.0045036
NAS/BTC,1636777996870,2021-11-13T04:33:16.870Z,sell,8e-06,732.0,0.005856
NAS/BTC,1636777997119,2021-11-13T04:33:17.119Z,buy,8.1e-06,47.0,0.00038070000000000004
NAS/BTC,1636777997412,2021-11-13T04:33:17.412Z,buy,8.1e-06,16.0,0.0001296
NAS/BTC,1636777997526,2021-11-13T04:33:17.526Z,sell,8e-06,227.0,0.001816
NAS/BTC,1636778000025,2021-11-13T04:33:20.025Z,buy,8.1e-06,1367.0,0.011072700000000001
NAS/BTC,1636778000029,2021-11-13T04:33:20.029Z,sell,8.1e-06,1757.0,0.0142317
NAS/BTC,1636778000029,2021-11-13T04:33:20.029Z,sell,8.1e-06,1757.0,0.0142317
NAS/BTC,1636778000032,2021-11-13T04:33:20.032Z,sell,8.1e-06,754.0,0.006107400000000001
NAS/BTC,1636778000101,2021-11-13T04:33:20.101Z,sell,8.1e-06,257.0,0.0020817
NAS/BTC,1636778000102,2021-11-13T04:33:20.102Z,sell,8.1e-06,252.0,0.0020412
NAS/BTC,1636778000115,2021-11-13T04:33:20.115Z,sell,8.1e-06,901.0,0.0072981
NAS/BTC,1636778000146,2021-11-13T04:33:20.146Z,sell,8.1e-06,257.0,0.0020817
NAS/BTC,1636778004998,2021-11-13T04:33:24.998Z,buy,8.2e-06,183.0,0.0015006
NAS/BTC,1636778005573,2021-11-13T04:33:25.573Z,buy,8.2e-06,37.0,0.0003034
NAS/BTC,1636778006536,2021-11-13T04:33:26.536Z,sell,8.1e-06,264.0,0.0021384
NAS/BTC,1636778066015,2021-11-13T04:34:26.015Z,buy,8.2e-06,13.0,0.00010659999999999999
NAS/BTC,1636778099854,2021-11-13T04:34:59.854Z,sell,8.1e-06,129.0,0.0010449
NAS/BTC,1636778161413,2021-11-13T04:36:01.413Z,sell,8.1e-06,39.0,0.00031590000000000003
NAS/BTC,1636778237560,2021-11-13T04:37:17.560Z,sell,8.1e-06,14.0,0.0001134
NAS/BTC,1636778238860,2021-11-13T04:37:18.860Z,sell,8.1e-06,809.0,0.0065529
NAS/BTC,1636778347813,2021-11-13T04:39:07.813Z,sell,8.1e-06,13.0,0.00010530000000000001
NAS/BTC,1636778349938,2021-11-13T04:39:09.938Z,sell,8.1e-06,15.0,0.0001215
NAS/BTC,1636778460369,2021-11-13T04:41:00.369Z,sell,8.1e-06,380.0,0.003078
NAS/BTC,1636778498865,2021-11-13T04:41:38.865Z,sell,8.1e-06,147.0,0.0011907
NAS/BTC,1636778498887,2021-11-13T04:41:38.887Z,sell,8.1e-06,250.0,0.002025
NAS/BTC,1636778647433,2021-11-13T04:44:07.433Z,sell,8.1e-06,567.0,0.0045927
NAS/BTC,1636778647595,2021-11-13T04:44:07.595Z,sell,8.1e-06,13.0,0.00010530000000000001
NAS/BTC,1636778663975,2021-11-13T04:44:23.975Z,sell,8.1e-06,118.0,0.0009558
NAS/BTC,1636778706315,2021-11-13T04:45:06.315Z,sell,8.1e-06,693.0,0.0056133
NAS/BTC,1636778820075,2021-11-13T04:47:00.075Z,sell,8.1e-06,80.0,0.000648
NAS/BTC,1636778857975,2021-11-13T04:47:37.975Z,sell,8.1e-06,1033.0,0.008367300000000001
NAS/BTC,1636778862479,2021-11-13T04:47:42.479Z,sell,8.1e-06,2305.0,0.0186705
NAS/BTC,1636779007000,2021-11-13T04:50:07.000Z,sell,8.1e-06,2125.0,0.017212500000000002
NAS/BTC,1636779037693,2021-11-13T04:50:37.693Z,buy,8.2e-06,27.0,0.0002214
NAS/BTC,1636779077105,2021-11-13T04:51:17.105Z,buy,8.2e-06,13.0,0.00010659999999999999
NAS/BTC,1636779114603,2021-11-13T04:51:54.603Z,sell,8.1e-06,145.0,0.0011745
NAS/BTC,1636779114603,2021-11-13T04:51:54.603Z,sell,8.1e-06,145.0,0.0011745
NAS/BTC,1636779494770,2021-11-13T04:58:14.770Z,buy,8.2e-06,34.0,0.0002788
NAS/BTC,1636779581554,2021-11-13T04:59:41.554Z,sell,8.1e-06,329.0,0.0026649
NAS/BTC,1636779753045,2021-11-13T05:02:33.045Z,sell,8.1e-06,38.0,0.0003078
NAS/BTC,1636779873260,2021-11-13T05:04:33.260Z,sell,8.1e-06,19.0,0.0001539
NAS/BTC,1636779938493,2021-11-13T05:05:38.493Z,buy,8.2e-06,1219.0,0.009995799999999999
NAS/BTC,1636780025271,2021-11-13T05:07:05.271Z,sell,8.1e-06,15.0,0.0001215
NAS/BTC,1636780027446,2021-11-13T05:07:07.446Z,sell,8.1e-06,106.0,0.0008586
NAS/BTC,1636780486221,2021-11-13T05:14:46.221Z,sell,8.1e-06,300.0,0.0024300000000000003
NAS/BTC,1636780486222,2021-11-13T05:14:46.222Z,buy,8.1e-06,188.0,0.0015228000000000002
NAS/BTC,1636780496896,2021-11-13T05:14:56.896Z,sell,8.1e-06,118.0,0.0009558
NAS/BTC,1636780538181,2021-11-13T05:15:38.181Z,sell,8.1e-06,182.0,0.0014742000000000002
NAS/BTC,1636780549737,2021-11-13T05:15:49.737Z,sell,8e-06,200.0,0.0015999999999999999
NAS/BTC,1636780549737,2021-11-13T05:15:49.737Z,sell,8e-06,405.0,0.00324
NAS/BTC,1636780633622,2021-11-13T05:17:13.622Z,sell,8e-06,12.0,9.6e-05
NAS/BTC,1636780756360,2021-11-13T05:19:16.360Z,buy,8.1e-06,13.0,0.00010530000000000001
NAS/BTC,1636780915952,2021-11-13T05:21:55.952Z,sell,8e-06,90.0,0.0007199999999999999
NAS/BTC,1636781149298,2021-11-13T05:25:49.298Z,buy,8.1e-06,19.0,0.0001539
NAS/BTC,1636781217071,2021-11-13T05:26:57.071Z,buy,8.1e-06,371.0,0.0030051
NAS/BTC,1636781223392,2021-11-13T05:27:03.392Z,buy,8.1e-06,194.0,0.0015714000000000001
NAS/BTC,1636781378712,2021-11-13T05:29:38.712Z,buy,8.1e-06,609.0,0.0049329000000000005
NAS/BTC,1636781576122,2021-11-13T05:32:56.122Z,buy,8.1e-06,171.0,0.0013851
NAS/BTC,1636781834637,2021-11-13T05:37:14.637Z,buy,8.1e-06,577.0,0.0046737
NAS/BTC,1636782086199,2021-11-13T05:41:26.199Z,sell,8e-06,19.0,0.00015199999999999998
NAS/BTC,1636782189059,2021-11-13T05:43:09.059Z,buy,8.1e-06,1310.0,0.010611
NAS/BTC,1636782296061,2021-11-13T05:44:56.061Z,buy,8.1e-06,3.0,2.43e-05
NAS/BTC,1636782296093,2021-11-13T05:44:56.093Z,sell,8.1e-06,819.0,0.006633900000000001
NAS/BTC,1636782326376,2021-11-13T05:45:26.376Z,sell,8e-06,30.0,0.00023999999999999998
NAS/BTC,1636782420308,2021-11-13T05:47:00.308Z,buy,8.1e-06,741.0,0.006002100000000001
NAS/BTC,1636782480754,2021-11-13T05:48:00.754Z,sell,8e-06,467.0,0.0037359999999999997
NAS/BTC,1636782631347,2021-11-13T05:50:31.347Z,sell,8e-06,3879.0,0.031031999999999997
NAS/BTC,1636782631347,2021-11-13T05:50:31.347Z,sell,8e-06,3879.0,0.031031999999999997
NAS/BTC,1636782725606,2021-11-13T05:52:05.606Z,buy,8.1e-06,793.0,0.006423300000000001
NAS/BTC,1636782831484,2021-11-13T05:53:51.484Z,buy,8.1e-06,549.0,0.0044469
NAS/BTC,1636782873884,2021-11-13T05:54:33.884Z,buy,8.1e-06,16.0,0.0001296
NAS/BTC,1636782973526,2021-11-13T05:56:13.526Z,buy,8.1e-06,814.0,0.0065934
NAS/BTC,1636782981635,2021-11-13T05:56:21.635Z,sell,8.1e-06,19.0,0.0001539
NAS/BTC,1636782996606,2021-11-13T05:56:36.606Z,sell,8.1e-06,242.0,0.0019602
NAS/BTC,1636782996609,2021-11-13T05:56:36.609Z,sell,8.1e-06,430.0,0.003483
NAS/BTC,1636783174049,2021-11-13T05:59:34.049Z,sell,8.1e-06,567.0,0.0045927
NAS/BTC,1636783219133,2021-11-13T06:00:19.133Z,sell,8.1e-06,44.0,0.0003564
NAS/BTC,1636783565025,2021-11-13T06:06:05.025Z,sell,8.1e-06,185.0,0.0014985
NAS/BTC,1636783567551,2021-11-13T06:06:07.551Z,sell,8.1e-06,677.0,0.0054837
NAS/BTC,1636784047967,2021-11-13T06:14:07.967Z,sell,8.1e-06,1401.0,0.0113481
NAS/BTC,1636784050793,2021-11-13T06:14:10.793Z,sell,8.1e-06,339.0,0.0027459000000000003
NAS/BTC,1636784103410,2021-11-13T06:15:03.410Z,buy,8.2e-06,16.0,0.0001312
NAS/BTC,1636784172294,2021-11-13T06:16:12.294Z,buy,8.2e-06,31.0,0.0002542
NAS/BTC,1636784229317,2021-11-13T06:17:09.317Z,buy,8.2e-06,136.0,0.0011152
NAS/BTC,1636784475589,2021-11-13T06:21:15.589Z,buy,8.2e-06,21.0,0.00017219999999999998
NAS/BTC,1636784512472,2021-11-13T06:21:52.472Z,sell,8.1e-06,366.0,0.0029646
NAS/BTC,1636784751242,2021-11-13T06:25:51.242Z,sell,8.1e-06,2654.0,0.0214974
NAS/BTC,1636784751293,2021-11-13T06:25:51.293Z,buy,8.1e-06,209.0,0.0016929
NAS/BTC,1636784752767,2021-11-13T06:25:52.767Z,buy,8.1e-06,16.0,0.0001296
NAS/BTC,1636784753063,2021-11-13T06:25:53.063Z,buy,8.1e-06,16.0,0.0001296
NAS/BTC,1636784784285,2021-11-13T06:26:24.285Z,buy,8.1e-06,16.0,0.0001296
NAS/BTC,1636784785362,2021-11-13T06:26:25.362Z,buy,8.1e-06,19.0,0.0001539
NAS/BTC,1636784981879,2021-11-13T06:29:41.879Z,sell,8.1e-06,794.0,0.0064314
NAS/BTC,1636785013835,2021-11-13T06:30:13.835Z,sell,8.1e-06,40.0,0.000324
NAS/BTC,1636785431375,2021-11-13T06:37:11.375Z,buy,8.2e-06,1833.0,0.015030599999999998
NAS/BTC,1636785469559,2021-11-13T06:37:49.559Z,sell,8.1e-06,573.0,0.0046413
NAS/BTC,1636785910819,2021-11-13T06:45:10.819Z,sell,8.1e-06,671.0,0.0054351
NAS/BTC,1636786049497,2021-11-13T06:47:29.497Z,sell,8.1e-06,67.0,0.0005427
NAS/BTC,1636786136263,2021-11-13T06:48:56.263Z,sell,8.1e-06,76.0,0.0006156
NAS/BTC,1636786184138,2021-11-13T06:49:44.138Z,buy,8.2e-06,68.0,0.0005576
NAS/BTC,1636786220139,2021-11-13T06:50:20.139Z,sell,8.1e-06,627.0,0.0050787
NAS/BTC,1636786220139,2021-11-13T06:50:20.139Z,sell,8.1e-06,627.0,0.0050787
NAS/BTC,1636786295829,2021-11-13T06:51:35.829Z,sell,8.1e-06,142.0,0.0011502
NAS/BTC,1636786301159,2021-11-13T06:51:41.159Z,sell,8.1e-06,60.0,0.000486
NAS/BTC,1636786365949,2021-11-13T06:52:45.949Z,sell,8.1e-06,436.0,0.0035316
NAS/BTC,1636786430213,2021-11-13T06:53:50.213Z,sell,8.1e-06,655.0,0.0053055
NAS/BTC,1636786510610,2021-11-13T06:55:10.610Z,sell,8.1e-06,101.0,0.0008181
NAS/BTC,1636786517009,2021-11-13T06:55:17.009Z,buy,8.2e-06,3767.0,0.030889399999999997
NAS/BTC,1636786579421,2021-11-13T06:56:19.421Z,buy,8.2e-06,612.0,0.005018399999999999
NAS/BTC,1636786652283,2021-11-13T06:57:32.283Z,buy,8.2e-06,318.0,0.0026076
NAS/BTC,1636786737086,2021-11-13T06:58:57.086Z,sell,8.1e-06,61.0,0.0004941
NAS/BTC,1636786818668,2021-11-13T07:00:18.668Z,buy,8.2e-06,484.0,0.0039688
NAS/BTC,1636786859944,2021-11-13T07:00:59.944Z,buy,8.2e-06,16.0,0.0001312
NAS/BTC,1636786882872,2021-11-13T07:01:22.872Z,buy,8.2e-06,16.0,0.0001312
NAS/BTC,1636786885908,2021-11-13T07:01:25.908Z,sell,8.1e-06,70.0,0.000567
NAS/BTC,1636786948723,2021-11-13T07:02:28.723Z,sell,8.1e-06,494.0,0.0040014000000000004
NAS/BTC,1636787011267,2021-11-13T07:03:31.267Z,sell,8.1e-06,136.0,0.0011016
NAS/BTC,1636787062342,2021-11-13T07:04:22.342Z,sell,8.1e-06,37.0,0.0002997
NAS/BTC,1636787078867,2021-11-13T07:04:38.867Z,sell,8.1e-06,676.0,0.005475600000000001
NAS/BTC,1636787144913,2021-11-13T07:05:44.913Z,sell,8.1e-06,757.0,0.0061317
NAS/BTC,1636787221599,2021-11-13T07:07:01.599Z,sell,8.1e-06,746.0,0.0060426
NAS/BTC,1636787274421,2021-11-13T07:07:54.421Z,sell,8.1e-06,41.0,0.0003321
NAS/BTC,1636787295174,2021-11-13T07:08:15.174Z,sell,8.1e-06,151.0,0.0012231
NAS/BTC,1636787309842,2021-11-13T07:08:29.842Z,sell,8.1e-06,124.0,0.0010044000000000001
NAS/BTC,1636787365119,2021-11-13T07:09:25.119Z,sell,8.1e-06,417.0,0.0033777
NAS/BTC,1636787446925,2021-11-13T07:10:46.925Z,sell,8.1e-06,449.0,0.0036369
NAS/BTC,1636787520736,2021-11-13T07:12:00.736Z,sell,8.1e-06,425.0,0.0034425000000000002
NAS/BTC,1636787568561,2021-11-13T07:12:48.561Z,sell,8.1e-06,40.0,0.000324
NAS/BTC,1636787587137,2021-11-13T07:13:07.137Z,sell,8.1e-06,146.0,0.0011826
NAS/BTC,1636787659250,2021-11-13T07:14:19.250Z,sell,8.1e-06,629.0,0.0050949
NAS/BTC,1636787683978,2021-11-13T07:14:43.978Z,buy,8.2e-06,124.0,0.0010168
NAS/BTC,1636787741156,2021-11-13T07:15:41.156Z,sell,8.1e-06,139.0,0.0011259
NAS/BTC,1636787809923,2021-11-13T07:16:49.923Z,sell,8.1e-06,165.0,0.0013365
NAS/BTC,1636787874554,2021-11-13T07:17:54.554Z,sell,8.1e-06,680.0,0.005508
NAS/BTC,1636787947700,2021-11-13T07:19:07.700Z,sell,8.1e-06,86.0,0.0006966
NAS/BTC,1636787958305,2021-11-13T07:19:18.305Z,sell,8.1e-06,6683.0,0.0541323
NAS/BTC,1636787958442,2021-11-13T07:19:18.442Z,buy,8.1e-06,215.0,0.0017415
NAS/BTC,1636787974541,2021-11-13T07:19:34.541Z,sell,8e-06,162.0,0.0012959999999999998
NAS/BTC,1636787997218,2021-11-13T07:19:57.218Z,buy,8.1e-06,1660.0,0.013446000000000001
NAS/BTC,1636788006622,2021-11-13T07:20:06.622Z,buy,8.1e-06,309.0,0.0025029
NAS/BTC,1636788006623,2021-11-13T07:20:06.623Z,buy,8.1e-06,145.0,0.0011745
NAS/BTC,1636788022369,2021-11-13T07:20:22.369Z,buy,8.1e-06,544.0,0.0044064
NAS/BTC,1636788042448,2021-11-13T07:20:42.448Z,buy,8.1e-06,7.0,5.67e-05
NAS/BTC,1636788081047,2021-11-13T07:21:21.047Z,buy,8.2e-06,76.0,0.0006232
NAS/BTC,1636788100057,2021-11-13T07:21:40.057Z,sell,8.1e-06,456.0,0.0036936
NAS/BTC,1636788168003,2021-11-13T07:22:48.003Z,sell,8.1e-06,784.0,0.0063504
NAS/BTC,1636788236349,2021-11-13T07:23:56.349Z,sell,8.1e-06,475.0,0.0038475000000000002
NAS/BTC,1636788311962,2021-11-13T07:25:11.962Z,sell,8.1e-06,597.0,0.0048357
NAS/BTC,1636788379655,2021-11-13T07:26:19.655Z,sell,8.1e-06,69.0,0.0005589
NAS/BTC,1636788455845,2021-11-13T07:27:35.845Z,sell,8.1e-06,851.0,0.0068931
NAS/BTC,1636788532752,2021-11-13T07:28:52.752Z,sell,8.1e-06,516.0,0.0041796
NAS/BTC,1636788543462,2021-11-13T07:29:03.462Z,sell,8.1e-06,32.0,0.0002592
NAS/BTC,1636788600240,2021-11-13T07:30:00.240Z,sell,8.1e-06,21.0,0.00017010000000000001
NAS/BTC,1636788608062,2021-11-13T07:30:08.062Z,sell,8.1e-06,57.0,0.0004617
NAS/BTC,1636788685655,2021-11-13T07:31:25.655Z,sell,8.1e-06,437.0,0.0035397000000000002
NAS/BTC,1636788755857,2021-11-13T07:32:35.857Z,sell,8.1e-06,686.0,0.0055566
NAS/BTC,1636788826479,2021-11-13T07:33:46.479Z,sell,8.1e-06,135.0,0.0010935
NAS/BTC,1636788911419,2021-11-13T07:35:11.419Z,sell,8.1e-06,63.0,0.0005103
NAS/BTC,1636788974582,2021-11-13T07:36:14.582Z,sell,8.1e-06,1852.0,0.015001200000000001
NAS/BTC,1636788994965,2021-11-13T07:36:34.965Z,sell,8.1e-06,610.0,0.004941
NAS/BTC,1636789057449,2021-11-13T07:37:37.449Z,sell,8.1e-06,109.0,0.0008829
NAS/BTC,1636789061364,2021-11-13T07:37:41.364Z,sell,8.1e-06,106.0,0.0008586
NAS/BTC,1636789061386,2021-11-13T07:37:41.386Z,buy,8.1e-06,952.0,0.0077112000000000005
NAS/BTC,1636789062699,2021-11-13T07:37:42.699Z,buy,8.1e-06,1055.0,0.008545500000000001
NAS/BTC,1636789064075,2021-11-13T07:37:44.075Z,buy,8.1e-06,600.0,0.004860000000000001
NAS/BTC,1636789065319,2021-11-13T07:37:45.319Z,buy,8.1e-06,1050.0,0.008505
NAS/BTC,1636789140148,2021-11-13T07:39:00.148Z,sell,8.1e-06,180.0,0.001458
