symbol,timestamp,datetime,side,price,amount,btc_volume
NEBL/BTC,1617224413410,2021-03-31T21:00:13.410Z,sell,4.978e-05,7.0,0.00034846
NEBL/BTC,1617224450938,2021-03-31T21:00:50.938Z,buy,5.003e-05,3.0,0.00015009
NEBL/BTC,1617224459220,2021-03-31T21:00:59.220Z,sell,4.966e-05,784.0,0.03893344
NEBL/BTC,1617224459220,2021-03-31T21:00:59.220Z,sell,4.965e-05,86.0,0.0042699
NEBL/BTC,1617224459220,2021-03-31T21:00:59.220Z,sell,4.964e-05,720.0,0.035740799999999996
NEBL/BTC,1617224459220,2021-03-31T21:00:59.220Z,sell,4.957e-05,29.0,0.00143753
NEBL/BTC,1617224459220,2021-03-31T21:00:59.220Z,sell,4.955e-05,5.0,0.00024775
NEBL/BTC,1617224459237,2021-03-31T21:00:59.237Z,sell,4.955e-05,7.0,0.00034685
NEBL/BTC,1617224459237,2021-03-31T21:00:59.237Z,sell,4.948e-05,3.0,0.00014844
NEBL/BTC,1617224459237,2021-03-31T21:00:59.237Z,sell,4.947e-05,3.0,0.00014841
NEBL/BTC,1617224459237,2021-03-31T21:00:59.237Z,sell,4.941e-05,77.0,0.00380457
NEBL/BTC,1617224459237,2021-03-31T21:00:59.237Z,sell,4.935e-05,92.0,0.0045402
NEBL/BTC,1617224459248,2021-03-31T21:00:59.248Z,sell,4.935e-05,27.0,0.00133245
NEBL/BTC,1617224459366,2021-03-31T21:00:59.366Z,sell,4.967e-05,43.0,0.0021358099999999997
NEBL/BTC,1617224459366,2021-03-31T21:00:59.366Z,sell,4.935e-05,282.0,0.0139167
NEBL/BTC,1617224467016,2021-03-31T21:01:07.016Z,sell,4.942e-05,18.0,0.00088956
NEBL/BTC,1617224486692,2021-03-31T21:01:26.692Z,buy,4.984e-05,34.0,0.00169456
NEBL/BTC,1617224486692,2021-03-31T21:01:26.692Z,buy,4.985e-05,6.0,0.0002991
NEBL/BTC,1617224486692,2021-03-31T21:01:26.692Z,buy,4.986e-05,6.0,0.00029916000000000003
NEBL/BTC,1617224486692,2021-03-31T21:01:26.692Z,buy,4.992e-05,784.0,0.03913728
NEBL/BTC,1617224522929,2021-03-31T21:02:02.929Z,buy,4.992e-05,4.0,0.00019968
NEBL/BTC,1617224531872,2021-03-31T21:02:11.872Z,buy,4.995e-05,8.0,0.0003996
NEBL/BTC,1617224535911,2021-03-31T21:02:15.911Z,buy,5.004e-05,49.0,0.00245196
NEBL/BTC,1617224535919,2021-03-31T21:02:15.919Z,sell,5.004e-05,148.0,0.00740592
NEBL/BTC,1617224535944,2021-03-31T21:02:15.944Z,sell,5.004e-05,148.0,0.00740592
NEBL/BTC,1617224535958,2021-03-31T21:02:15.958Z,sell,5.004e-05,148.0,0.00740592
NEBL/BTC,1617224535967,2021-03-31T21:02:15.967Z,sell,5.004e-05,206.0,0.01030824
NEBL/BTC,1617224536008,2021-03-31T21:02:16.008Z,sell,5.004e-05,19.0,0.00095076
NEBL/BTC,1617224536052,2021-03-31T21:02:16.052Z,sell,5.004e-05,9.0,0.00045036
NEBL/BTC,1617224565323,2021-03-31T21:02:45.323Z,buy,5.009e-05,46.0,0.00230414
NEBL/BTC,1617224565323,2021-03-31T21:02:45.323Z,buy,5.01e-05,100.0,0.00501
NEBL/BTC,1617224565323,2021-03-31T21:02:45.323Z,buy,5.013e-05,473.0,0.02371149
NEBL/BTC,1617224573677,2021-03-31T21:02:53.677Z,buy,5.013e-05,114.0,0.005714820000000001
NEBL/BTC,1617224579849,2021-03-31T21:02:59.849Z,buy,5.015e-05,10.0,0.0005015
NEBL/BTC,1617224603833,2021-03-31T21:03:23.833Z,buy,5.02e-05,100.0,0.00502
NEBL/BTC,1617224608763,2021-03-31T21:03:28.763Z,buy,5.022e-05,4.0,0.00020088
NEBL/BTC,1617224620194,2021-03-31T21:03:40.194Z,sell,5.015e-05,30.0,0.0015045
NEBL/BTC,1617224621072,2021-03-31T21:03:41.072Z,buy,5.022e-05,3.0,0.00015066
NEBL/BTC,1617224623221,2021-03-31T21:03:43.221Z,buy,5.022e-05,13.0,0.00065286
NEBL/BTC,1617224623234,2021-03-31T21:03:43.234Z,sell,5.022e-05,36.0,0.00180792
NEBL/BTC,1617224630298,2021-03-31T21:03:50.298Z,sell,5.025e-05,3.0,0.00015075
NEBL/BTC,1617224630311,2021-03-31T21:03:50.311Z,sell,5.025e-05,3.0,0.00015075
NEBL/BTC,1617224630321,2021-03-31T21:03:50.321Z,sell,5.025e-05,3.0,0.00015075
NEBL/BTC,1617224630332,2021-03-31T21:03:50.332Z,sell,5.025e-05,3.0,0.00015075
NEBL/BTC,1617224630354,2021-03-31T21:03:50.354Z,sell,5.025e-05,3.0,0.00015075
NEBL/BTC,1617224630377,2021-03-31T21:03:50.377Z,sell,5.025e-05,3.0,0.00015075
NEBL/BTC,1617224630388,2021-03-31T21:03:50.388Z,sell,5.025e-05,3.0,0.00015075
NEBL/BTC,1617224630399,2021-03-31T21:03:50.399Z,sell,5.025e-05,3.0,0.00015075
NEBL/BTC,1617224630410,2021-03-31T21:03:50.410Z,sell,5.025e-05,3.0,0.00015075
NEBL/BTC,1617224630424,2021-03-31T21:03:50.424Z,sell,5.025e-05,3.0,0.00015075
NEBL/BTC,1617224630437,2021-03-31T21:03:50.437Z,sell,5.025e-05,3.0,0.00015075
NEBL/BTC,1617224630461,2021-03-31T21:03:50.461Z,sell,5.025e-05,4.0,0.000201
NEBL/BTC,1617224630471,2021-03-31T21:03:50.471Z,sell,5.025e-05,13.0,0.00065325
NEBL/BTC,1617224630471,2021-03-31T21:03:50.471Z,sell,5.022e-05,4.0,0.00020088
NEBL/BTC,1617224634143,2021-03-31T21:03:54.143Z,buy,5.03e-05,3.0,0.0001509
NEBL/BTC,1617224635107,2021-03-31T21:03:55.107Z,buy,5.03e-05,78.0,0.0039234000000000005
NEBL/BTC,1617224638165,2021-03-31T21:03:58.165Z,sell,5.03e-05,7.0,0.00035210000000000005
NEBL/BTC,1617224654502,2021-03-31T21:04:14.502Z,sell,5.03e-05,3.0,0.0001509
NEBL/BTC,1617224654526,2021-03-31T21:04:14.526Z,sell,5.03e-05,3.0,0.0001509
NEBL/BTC,1617224654547,2021-03-31T21:04:14.547Z,sell,5.03e-05,3.0,0.0001509
NEBL/BTC,1617224654562,2021-03-31T21:04:14.562Z,sell,5.03e-05,3.0,0.0001509
NEBL/BTC,1617224654576,2021-03-31T21:04:14.576Z,sell,5.03e-05,3.0,0.0001509
NEBL/BTC,1617224654591,2021-03-31T21:04:14.591Z,sell,5.03e-05,3.0,0.0001509
NEBL/BTC,1617224654605,2021-03-31T21:04:14.605Z,sell,5.03e-05,3.0,0.0001509
NEBL/BTC,1617224654620,2021-03-31T21:04:14.620Z,sell,5.03e-05,3.0,0.0001509
NEBL/BTC,1617224654636,2021-03-31T21:04:14.636Z,sell,5.03e-05,3.0,0.0001509
NEBL/BTC,1617224654647,2021-03-31T21:04:14.647Z,sell,5.03e-05,3.0,0.0001509
NEBL/BTC,1617224658887,2021-03-31T21:04:18.887Z,buy,5.035e-05,135.0,0.0067972499999999995
NEBL/BTC,1617224661759,2021-03-31T21:04:21.759Z,sell,5.015e-05,282.0,0.0141423
NEBL/BTC,1617224663235,2021-03-31T21:04:23.235Z,buy,5.035e-05,99.0,0.004984649999999999
NEBL/BTC,1617224674738,2021-03-31T21:04:34.738Z,buy,5.035e-05,103.0,0.005186049999999999
NEBL/BTC,1617224710720,2021-03-31T21:05:10.720Z,sell,5.015e-05,9.0,0.00045135
NEBL/BTC,1617224732793,2021-03-31T21:05:32.793Z,buy,5.036e-05,6.0,0.00030216
NEBL/BTC,1617224732793,2021-03-31T21:05:32.793Z,buy,5.038e-05,5.0,0.0002519
NEBL/BTC,1617224735623,2021-03-31T21:05:35.623Z,buy,5.04e-05,3.0,0.0001512
NEBL/BTC,1617224736225,2021-03-31T21:05:36.225Z,sell,5.04e-05,1.0,5.04e-05
NEBL/BTC,1617224736225,2021-03-31T21:05:36.225Z,sell,5.038e-05,12.0,0.0006045600000000001
NEBL/BTC,1617224744210,2021-03-31T21:05:44.210Z,sell,5.015e-05,23.0,0.0011534499999999999
NEBL/BTC,1617224744302,2021-03-31T21:05:44.302Z,sell,5.015e-05,3.0,0.00015045
NEBL/BTC,1617224744302,2021-03-31T21:05:44.302Z,sell,5e-05,15.0,0.00075
NEBL/BTC,1617224756198,2021-03-31T21:05:56.198Z,sell,5.004e-05,778.0,0.03893112
NEBL/BTC,1617224756198,2021-03-31T21:05:56.198Z,sell,5e-05,1291.0,0.06455
NEBL/BTC,1617224784504,2021-03-31T21:06:24.504Z,buy,5.029e-05,348.0,0.01750092
NEBL/BTC,1617224794360,2021-03-31T21:06:34.360Z,buy,5.027e-05,166.0,0.00834482
NEBL/BTC,1617224876718,2021-03-31T21:07:56.718Z,buy,5.026e-05,3.0,0.00015078000000000002
NEBL/BTC,1617224878577,2021-03-31T21:07:58.577Z,buy,5.026e-05,80.0,0.004020800000000001
NEBL/BTC,1617224878577,2021-03-31T21:07:58.577Z,buy,5.027e-05,3.0,0.00015081
NEBL/BTC,1617224881635,2021-03-31T21:08:01.635Z,buy,5.026e-05,41.0,0.00206066
NEBL/BTC,1617224881635,2021-03-31T21:08:01.635Z,buy,5.027e-05,15.0,0.0007540499999999999
NEBL/BTC,1617224883972,2021-03-31T21:08:03.972Z,buy,5.041e-05,16.0,0.00080656
NEBL/BTC,1617224887255,2021-03-31T21:08:07.255Z,sell,5.04e-05,7.0,0.0003528
NEBL/BTC,1617224910672,2021-03-31T21:08:30.672Z,buy,5.04e-05,16.0,0.0008064
NEBL/BTC,1617224915918,2021-03-31T21:08:35.918Z,buy,5.04e-05,193.0,0.0097272
NEBL/BTC,1617224922360,2021-03-31T21:08:42.360Z,buy,5.04e-05,237.0,0.0119448
NEBL/BTC,1617224926379,2021-03-31T21:08:46.379Z,sell,5.04e-05,9.0,0.00045359999999999997
NEBL/BTC,1617224958010,2021-03-31T21:09:18.010Z,buy,5.041e-05,3.0,0.00015123
NEBL/BTC,1617224959590,2021-03-31T21:09:19.590Z,buy,5.041e-05,13.0,0.00065533
NEBL/BTC,1617224965732,2021-03-31T21:09:25.732Z,sell,5.041e-05,3.0,0.00015123
NEBL/BTC,1617224975074,2021-03-31T21:09:35.074Z,buy,5.041e-05,13.0,0.00065533
NEBL/BTC,1617224978019,2021-03-31T21:09:38.019Z,buy,5.042e-05,3.0,0.00015126
NEBL/BTC,1617224982632,2021-03-31T21:09:42.632Z,buy,5.042e-05,5.0,0.0002521
NEBL/BTC,1617224982632,2021-03-31T21:09:42.632Z,buy,5.046e-05,2.0,0.00010092
NEBL/BTC,1617224982632,2021-03-31T21:09:42.632Z,buy,5.047e-05,47.0,0.0023720900000000003
NEBL/BTC,1617224982632,2021-03-31T21:09:42.632Z,buy,5.053e-05,23.0,0.00116219
NEBL/BTC,1617224982632,2021-03-31T21:09:42.632Z,buy,5.056e-05,22.0,0.00111232
NEBL/BTC,1617224982632,2021-03-31T21:09:42.632Z,buy,5.065e-05,27.0,0.00136755
NEBL/BTC,1617224982632,2021-03-31T21:09:42.632Z,buy,5.066e-05,13.0,0.00065858
NEBL/BTC,1617224982632,2021-03-31T21:09:42.632Z,buy,5.068e-05,114.0,0.00577752
NEBL/BTC,1617224996923,2021-03-31T21:09:56.923Z,buy,5.067e-05,8.0,0.00040536
NEBL/BTC,1617224996923,2021-03-31T21:09:56.923Z,buy,5.068e-05,21.0,0.0010642800000000001
NEBL/BTC,1617225006383,2021-03-31T21:10:06.383Z,buy,5.067e-05,3.0,0.00015201
NEBL/BTC,1617225006383,2021-03-31T21:10:06.383Z,buy,5.068e-05,31.0,0.00157108
NEBL/BTC,1617225006390,2021-03-31T21:10:06.390Z,sell,5.068e-05,3.0,0.00015204000000000001
NEBL/BTC,1617225006428,2021-03-31T21:10:06.428Z,sell,5.068e-05,7.0,0.00035476
NEBL/BTC,1617225006448,2021-03-31T21:10:06.448Z,sell,5.068e-05,3.0,0.00015204000000000001
NEBL/BTC,1617225008913,2021-03-31T21:10:08.913Z,buy,5.07e-05,10.0,0.000507
NEBL/BTC,1617225016589,2021-03-31T21:10:16.589Z,sell,5.04e-05,41.0,0.0020664
NEBL/BTC,1617225017124,2021-03-31T21:10:17.124Z,sell,5.041e-05,20.0,0.0010082
NEBL/BTC,1617225017124,2021-03-31T21:10:17.124Z,sell,5.04e-05,94.0,0.0047376
NEBL/BTC,1617225018211,2021-03-31T21:10:18.211Z,sell,5.041e-05,7.0,0.00035287000000000003
NEBL/BTC,1617225024506,2021-03-31T21:10:24.506Z,buy,5.066e-05,7.0,0.00035462
NEBL/BTC,1617225024506,2021-03-31T21:10:24.506Z,buy,5.067e-05,14.0,0.00070938
NEBL/BTC,1617225027348,2021-03-31T21:10:27.348Z,buy,5.068e-05,4.0,0.00020272
NEBL/BTC,1617225034608,2021-03-31T21:10:34.608Z,buy,5.068e-05,6.0,0.00030408000000000003
NEBL/BTC,1617225034608,2021-03-31T21:10:34.608Z,buy,5.069e-05,4.0,0.00020276
NEBL/BTC,1617225034608,2021-03-31T21:10:34.608Z,buy,5.07e-05,119.0,0.0060333
NEBL/BTC,1617225038185,2021-03-31T21:10:38.185Z,buy,5.074e-05,9.0,0.00045666
NEBL/BTC,1617225038205,2021-03-31T21:10:38.205Z,sell,5.074e-05,5.0,0.0002537
NEBL/BTC,1617225038213,2021-03-31T21:10:38.213Z,sell,5.074e-05,6.0,0.00030444
NEBL/BTC,1617225038213,2021-03-31T21:10:38.213Z,sell,5.07e-05,5.0,0.0002535
NEBL/BTC,1617225038947,2021-03-31T21:10:38.947Z,sell,5.074e-05,2.0,0.00010148
NEBL/BTC,1617225045276,2021-03-31T21:10:45.276Z,buy,5.075e-05,3.0,0.00015225
NEBL/BTC,1617225045276,2021-03-31T21:10:45.276Z,buy,5.076e-05,19.0,0.00096444
NEBL/BTC,1617225045276,2021-03-31T21:10:45.276Z,buy,5.077e-05,10.0,0.0005076999999999999
NEBL/BTC,1617225045276,2021-03-31T21:10:45.276Z,buy,5.078e-05,5.0,0.0002539
NEBL/BTC,1617225045276,2021-03-31T21:10:45.276Z,buy,5.08e-05,20.0,0.001016
NEBL/BTC,1617225045284,2021-03-31T21:10:45.284Z,sell,5.08e-05,24.0,0.0012192000000000001
NEBL/BTC,1617225045310,2021-03-31T21:10:45.310Z,sell,5.08e-05,50.0,0.00254
NEBL/BTC,1617225061462,2021-03-31T21:11:01.462Z,buy,5.082e-05,102.0,0.00518364
NEBL/BTC,1617225100108,2021-03-31T21:11:40.108Z,buy,5.082e-05,1575.0,0.0800415
NEBL/BTC,1617225105985,2021-03-31T21:11:45.985Z,buy,5.082e-05,5.0,0.0002541
NEBL/BTC,1617225130088,2021-03-31T21:12:10.088Z,buy,5.082e-05,10.0,0.0005082
NEBL/BTC,1617225161355,2021-03-31T21:12:41.355Z,buy,5.082e-05,2.0,0.00010164
NEBL/BTC,1617225163774,2021-03-31T21:12:43.774Z,buy,5.082e-05,5.0,0.0002541
NEBL/BTC,1617225231659,2021-03-31T21:13:51.659Z,buy,5.082e-05,11.0,0.00055902
NEBL/BTC,1617225235415,2021-03-31T21:13:55.415Z,buy,5.082e-05,5.0,0.0002541
NEBL/BTC,1617225260042,2021-03-31T21:14:20.042Z,sell,5.08e-05,42.0,0.0021336000000000003
NEBL/BTC,1617225264503,2021-03-31T21:14:24.503Z,sell,5.08e-05,270.0,0.013716
NEBL/BTC,1617225267205,2021-03-31T21:14:27.205Z,sell,5.049e-05,159.0,0.00802791
NEBL/BTC,1617225267380,2021-03-31T21:14:27.380Z,sell,5.049e-05,178.0,0.00898722
NEBL/BTC,1617225268424,2021-03-31T21:14:28.424Z,buy,5.079e-05,158.0,0.00802482
NEBL/BTC,1617225289446,2021-03-31T21:14:49.446Z,buy,5.077e-05,2.0,0.00010154
NEBL/BTC,1617225319699,2021-03-31T21:15:19.699Z,sell,5.052e-05,5.0,0.00025259999999999996
NEBL/BTC,1617225319867,2021-03-31T21:15:19.867Z,buy,5.076e-05,18.0,0.00091368
NEBL/BTC,1617225319867,2021-03-31T21:15:19.867Z,buy,5.077e-05,132.0,0.006701639999999999
NEBL/BTC,1617225326960,2021-03-31T21:15:26.960Z,sell,5.077e-05,16.0,0.00081232
NEBL/BTC,1617225337715,2021-03-31T21:15:37.715Z,buy,5.078e-05,159.0,0.00807402
NEBL/BTC,1617225365583,2021-03-31T21:16:05.583Z,buy,5.079e-05,6.0,0.00030474
NEBL/BTC,1617225367244,2021-03-31T21:16:07.244Z,sell,5.079e-05,4.0,0.00020316
NEBL/BTC,1617225372625,2021-03-31T21:16:12.625Z,sell,5.079e-05,2.0,0.00010158
NEBL/BTC,1617225372625,2021-03-31T21:16:12.625Z,sell,5.078e-05,117.0,0.005941259999999999
NEBL/BTC,1617225380526,2021-03-31T21:16:20.526Z,buy,5.08e-05,12.0,0.0006096000000000001
NEBL/BTC,1617225390995,2021-03-31T21:16:30.995Z,buy,5.08e-05,3.0,0.00015240000000000002
NEBL/BTC,1617225436669,2021-03-31T21:17:16.669Z,sell,5.07e-05,3.0,0.0001521
NEBL/BTC,1617225436669,2021-03-31T21:17:16.669Z,sell,5.062e-05,11.0,0.00055682
NEBL/BTC,1617225452599,2021-03-31T21:17:32.599Z,buy,5.08e-05,20.0,0.001016
NEBL/BTC,1617225515312,2021-03-31T21:18:35.312Z,buy,5.079e-05,5.0,0.00025395
NEBL/BTC,1617225515312,2021-03-31T21:18:35.312Z,buy,5.08e-05,236.0,0.0119888
NEBL/BTC,1617225515312,2021-03-31T21:18:35.312Z,buy,5.082e-05,67.0,0.00340494
NEBL/BTC,1617225515312,2021-03-31T21:18:35.312Z,buy,5.083e-05,3.0,0.00015249
NEBL/BTC,1617225515312,2021-03-31T21:18:35.312Z,buy,5.084e-05,3.0,0.00015252
NEBL/BTC,1617225515312,2021-03-31T21:18:35.312Z,buy,5.088e-05,204.0,0.01037952
NEBL/BTC,1617225515312,2021-03-31T21:18:35.312Z,buy,5.09e-05,32.0,0.0016288
NEBL/BTC,1617225569401,2021-03-31T21:19:29.401Z,sell,5.063e-05,10.0,0.0005063
NEBL/BTC,1617225569401,2021-03-31T21:19:29.401Z,sell,5.062e-05,21.0,0.00106302
NEBL/BTC,1617225634952,2021-03-31T21:20:34.952Z,buy,5.08e-05,10.0,0.000508
NEBL/BTC,1617225690808,2021-03-31T21:21:30.808Z,buy,5.08e-05,4.0,0.0002032
NEBL/BTC,1617225692678,2021-03-31T21:21:32.678Z,sell,5.055e-05,24.0,0.0012132
NEBL/BTC,1617225692678,2021-03-31T21:21:32.678Z,sell,5.047e-05,690.0,0.0348243
NEBL/BTC,1617225695566,2021-03-31T21:21:35.566Z,sell,5.042e-05,11.0,0.00055462
NEBL/BTC,1617225696024,2021-03-31T21:21:36.024Z,sell,5.042e-05,11.0,0.00055462
NEBL/BTC,1617225703860,2021-03-31T21:21:43.860Z,sell,5.042e-05,72.0,0.0036302400000000003
NEBL/BTC,1617225703860,2021-03-31T21:21:43.860Z,sell,5.04e-05,55.0,0.0027719999999999997
NEBL/BTC,1617225706000,2021-03-31T21:21:46.000Z,buy,5.079e-05,60.0,0.0030474
NEBL/BTC,1617225758996,2021-03-31T21:22:38.996Z,buy,5.079e-05,5.0,0.00025395
NEBL/BTC,1617225783695,2021-03-31T21:23:03.695Z,buy,5.054e-05,21.0,0.00106134
NEBL/BTC,1617225802671,2021-03-31T21:23:22.671Z,sell,5.041e-05,3.0,0.00015123
NEBL/BTC,1617225807761,2021-03-31T21:23:27.761Z,buy,5.041e-05,16.0,0.00080656
NEBL/BTC,1617225835944,2021-03-31T21:23:55.944Z,buy,5.054e-05,686.0,0.034670440000000004
NEBL/BTC,1617225835944,2021-03-31T21:23:55.944Z,buy,5.079e-05,2.0,0.00010158
NEBL/BTC,1617225835944,2021-03-31T21:23:55.944Z,buy,5.08e-05,51.0,0.0025908
NEBL/BTC,1617225835944,2021-03-31T21:23:55.944Z,buy,5.089e-05,10.0,0.0005089000000000001
NEBL/BTC,1617225835944,2021-03-31T21:23:55.944Z,buy,5.09e-05,235.0,0.0119615
NEBL/BTC,1617225835944,2021-03-31T21:23:55.944Z,buy,5.091e-05,2.0,0.00010182
NEBL/BTC,1617225835944,2021-03-31T21:23:55.944Z,buy,5.093e-05,5.0,0.00025465000000000004
NEBL/BTC,1617225835944,2021-03-31T21:23:55.944Z,buy,5.094e-05,32.0,0.00163008
NEBL/BTC,1617225835944,2021-03-31T21:23:55.944Z,buy,5.096e-05,5.0,0.0002548
NEBL/BTC,1617225835944,2021-03-31T21:23:55.944Z,buy,5.1e-05,96.0,0.004896
NEBL/BTC,1617225853103,2021-03-31T21:24:13.103Z,buy,5.099e-05,2.0,0.00010198
NEBL/BTC,1617225853670,2021-03-31T21:24:13.670Z,buy,5.099e-05,2.0,0.00010198
NEBL/BTC,1617225883727,2021-03-31T21:24:43.727Z,buy,5.099e-05,2.0,0.00010198
NEBL/BTC,1617225896894,2021-03-31T21:24:56.894Z,buy,5.099e-05,32.0,0.00163168
NEBL/BTC,1617225898663,2021-03-31T21:24:58.663Z,sell,5.059e-05,238.0,0.01204042
NEBL/BTC,1617225904007,2021-03-31T21:25:04.007Z,sell,5.059e-05,2.0,0.00010118
NEBL/BTC,1617225904978,2021-03-31T21:25:04.978Z,sell,5.059e-05,2.0,0.00010118
NEBL/BTC,1617225949174,2021-03-31T21:25:49.174Z,sell,5.059e-05,398.0,0.02013482
NEBL/BTC,1617225963106,2021-03-31T21:26:03.106Z,buy,5.092e-05,132.0,0.00672144
NEBL/BTC,1617225965947,2021-03-31T21:26:05.947Z,sell,5.094e-05,2.0,0.00010188
NEBL/BTC,1617225977259,2021-03-31T21:26:17.259Z,buy,5.095e-05,148.0,0.0075406
NEBL/BTC,1617225986102,2021-03-31T21:26:26.102Z,sell,5.052e-05,49.0,0.00247548
NEBL/BTC,1617226087923,2021-03-31T21:28:07.923Z,sell,5.057e-05,12.0,0.00060684
NEBL/BTC,1617226150278,2021-03-31T21:29:10.278Z,buy,5.086e-05,19.0,0.00096634
NEBL/BTC,1617226178560,2021-03-31T21:29:38.560Z,buy,5.086e-05,45.0,0.0022887
NEBL/BTC,1617226178560,2021-03-31T21:29:38.560Z,buy,5.089e-05,34.0,0.0017302600000000002
NEBL/BTC,1617226178560,2021-03-31T21:29:38.560Z,buy,5.098e-05,360.0,0.018352800000000002
NEBL/BTC,1617226178560,2021-03-31T21:29:38.560Z,buy,5.099e-05,391.0,0.019937089999999998
NEBL/BTC,1617226185644,2021-03-31T21:29:45.644Z,buy,5.1e-05,992.0,0.050592
NEBL/BTC,1617226246474,2021-03-31T21:30:46.474Z,buy,5.1e-05,10.0,0.00051
NEBL/BTC,1617226246910,2021-03-31T21:30:46.910Z,buy,5.1e-05,31.0,0.001581
NEBL/BTC,1617226283358,2021-03-31T21:31:23.358Z,buy,5.1e-05,2.0,0.000102
NEBL/BTC,1617226342686,2021-03-31T21:32:22.686Z,sell,5.065e-05,112.0,0.0056727999999999995
NEBL/BTC,1617226342686,2021-03-31T21:32:22.686Z,sell,5.057e-05,603.0,0.03049371
NEBL/BTC,1617226347808,2021-03-31T21:32:27.808Z,buy,5.1e-05,63.0,0.003213
NEBL/BTC,1617226389508,2021-03-31T21:33:09.508Z,sell,5.062e-05,19.0,0.00096178
NEBL/BTC,1617226404440,2021-03-31T21:33:24.440Z,buy,5.098e-05,19.0,0.0009686200000000001
NEBL/BTC,1617226404440,2021-03-31T21:33:24.440Z,buy,5.099e-05,10.0,0.0005099
NEBL/BTC,1617226404440,2021-03-31T21:33:24.440Z,buy,5.1e-05,678.0,0.034578
NEBL/BTC,1617226450008,2021-03-31T21:34:10.008Z,buy,5.099e-05,4.0,0.00020396
NEBL/BTC,1617226482420,2021-03-31T21:34:42.420Z,buy,5.099e-05,2.0,0.00010198
NEBL/BTC,1617226525129,2021-03-31T21:35:25.129Z,buy,5.099e-05,6.0,0.00030594
NEBL/BTC,1617226538249,2021-03-31T21:35:38.249Z,buy,5.099e-05,5.0,0.00025495
NEBL/BTC,1617226552779,2021-03-31T21:35:52.779Z,sell,5.078e-05,3.0,0.00015234
NEBL/BTC,1617226552779,2021-03-31T21:35:52.779Z,sell,5.065e-05,10.0,0.0005065
NEBL/BTC,1617226552779,2021-03-31T21:35:52.779Z,sell,5.057e-05,31.0,0.00156767
NEBL/BTC,1617226558971,2021-03-31T21:35:58.971Z,buy,5.099e-05,2.0,0.00010198
NEBL/BTC,1617226562838,2021-03-31T21:36:02.838Z,sell,5.093e-05,2.0,0.00010186
NEBL/BTC,1617226568028,2021-03-31T21:36:08.028Z,sell,5.061e-05,14.0,0.00070854
NEBL/BTC,1617226571601,2021-03-31T21:36:11.601Z,buy,5.098e-05,16.0,0.00081568
NEBL/BTC,1617226591251,2021-03-31T21:36:31.251Z,buy,5.098e-05,10.0,0.0005098
NEBL/BTC,1617226596023,2021-03-31T21:36:36.023Z,sell,5.082e-05,2.0,0.00010164
NEBL/BTC,1617226596023,2021-03-31T21:36:36.023Z,sell,5.062e-05,34.0,0.00172108
NEBL/BTC,1617226632350,2021-03-31T21:37:12.350Z,sell,5.071e-05,2.0,0.00010142
NEBL/BTC,1617226632350,2021-03-31T21:37:12.350Z,sell,5.065e-05,3.0,0.00015194999999999998
NEBL/BTC,1617226709440,2021-03-31T21:38:29.440Z,sell,5.081e-05,21.0,0.00106701
NEBL/BTC,1617226764635,2021-03-31T21:39:24.635Z,sell,5.091e-05,17.0,0.00086547
NEBL/BTC,1617226764653,2021-03-31T21:39:24.653Z,sell,5.091e-05,5.0,0.00025455
NEBL/BTC,1617226764653,2021-03-31T21:39:24.653Z,sell,5.086e-05,12.0,0.0006103199999999999
NEBL/BTC,1617226785900,2021-03-31T21:39:45.900Z,sell,5.086e-05,23.0,0.00116978
NEBL/BTC,1617226785900,2021-03-31T21:39:45.900Z,sell,5.082e-05,77.0,0.00391314
NEBL/BTC,1617226792187,2021-03-31T21:39:52.187Z,buy,5.096e-05,2.0,0.00010192
NEBL/BTC,1617226889360,2021-03-31T21:41:29.360Z,buy,5.095e-05,47.0,0.00239465
NEBL/BTC,1617226889360,2021-03-31T21:41:29.360Z,buy,5.096e-05,21.0,0.00107016
NEBL/BTC,1617226901306,2021-03-31T21:41:41.306Z,buy,5.098e-05,3.0,0.00015294
NEBL/BTC,1617226901306,2021-03-31T21:41:41.306Z,buy,5.099e-05,7.0,0.00035693
NEBL/BTC,1617226901306,2021-03-31T21:41:41.306Z,buy,5.1e-05,1.0,5.1e-05
NEBL/BTC,1617226909774,2021-03-31T21:41:49.774Z,sell,5.096e-05,12.0,0.0006115199999999999
NEBL/BTC,1617226925779,2021-03-31T21:42:05.779Z,sell,5.097e-05,4.0,0.00020388
NEBL/BTC,1617226955964,2021-03-31T21:42:35.964Z,buy,5.1e-05,6.0,0.000306
NEBL/BTC,1617226960505,2021-03-31T21:42:40.505Z,sell,5.098e-05,50.0,0.002549
NEBL/BTC,1617227016677,2021-03-31T21:43:36.677Z,sell,5.098e-05,5.0,0.0002549
NEBL/BTC,1617227016771,2021-03-31T21:43:36.771Z,sell,5.098e-05,5.0,0.0002549
NEBL/BTC,1617227072438,2021-03-31T21:44:32.438Z,buy,5.1e-05,6.0,0.000306
NEBL/BTC,1617227076562,2021-03-31T21:44:36.562Z,buy,5.099e-05,29.0,0.0014787099999999998
NEBL/BTC,1617227081880,2021-03-31T21:44:41.880Z,sell,5.098e-05,20.0,0.0010196
NEBL/BTC,1617227082618,2021-03-31T21:44:42.618Z,sell,5.098e-05,15.0,0.0007647000000000001
NEBL/BTC,1617227082618,2021-03-31T21:44:42.618Z,sell,5.097e-05,18.0,0.00091746
NEBL/BTC,1617227104915,2021-03-31T21:45:04.915Z,buy,5.099e-05,29.0,0.0014787099999999998
NEBL/BTC,1617227242532,2021-03-31T21:47:22.532Z,buy,5.099e-05,2.0,0.00010198
NEBL/BTC,1617227245441,2021-03-31T21:47:25.441Z,buy,5.099e-05,2.0,0.00010198
NEBL/BTC,1617227283326,2021-03-31T21:48:03.326Z,buy,5.099e-05,106.0,0.00540494
NEBL/BTC,1617227289424,2021-03-31T21:48:09.424Z,buy,5.1e-05,16.0,0.000816
NEBL/BTC,1617227315230,2021-03-31T21:48:35.230Z,buy,5.1e-05,179.0,0.009129
NEBL/BTC,1617227343990,2021-03-31T21:49:03.990Z,sell,5.099e-05,31.0,0.00158069
NEBL/BTC,1617227356161,2021-03-31T21:49:16.161Z,sell,5.099e-05,317.0,0.01616383
NEBL/BTC,1617227357929,2021-03-31T21:49:17.929Z,sell,5.099e-05,22.0,0.00112178
NEBL/BTC,1617227415076,2021-03-31T21:50:15.076Z,buy,5.1e-05,7.0,0.000357
NEBL/BTC,1617227419441,2021-03-31T21:50:19.441Z,sell,5.099e-05,4.0,0.00020396
NEBL/BTC,1617227429788,2021-03-31T21:50:29.788Z,sell,5.099e-05,155.0,0.00790345
NEBL/BTC,1617227440441,2021-03-31T21:50:40.441Z,buy,5.1e-05,2.0,0.000102
NEBL/BTC,1617227450788,2021-03-31T21:50:50.788Z,buy,5.1e-05,5.0,0.000255
NEBL/BTC,1617227473071,2021-03-31T21:51:13.071Z,buy,5.1e-05,6.0,0.000306
NEBL/BTC,1617227489810,2021-03-31T21:51:29.810Z,buy,5.1e-05,1.0,5.1e-05
NEBL/BTC,1617227514266,2021-03-31T21:51:54.266Z,buy,5.1e-05,2.0,0.000102
NEBL/BTC,1617227518693,2021-03-31T21:51:58.693Z,buy,5.1e-05,166.0,0.008466
NEBL/BTC,1617227546379,2021-03-31T21:52:26.379Z,buy,5.1e-05,2.0,0.000102
NEBL/BTC,1617227554108,2021-03-31T21:52:34.108Z,sell,5.099e-05,100.0,0.005098999999999999
NEBL/BTC,1617227604022,2021-03-31T21:53:24.022Z,buy,5.1e-05,3.0,0.000153
NEBL/BTC,1617227604052,2021-03-31T21:53:24.052Z,sell,5.099e-05,26.0,0.00132574
NEBL/BTC,1617227623152,2021-03-31T21:53:43.152Z,sell,5.099e-05,16.0,0.00081584
NEBL/BTC,1617227650860,2021-03-31T21:54:10.860Z,buy,5.1e-05,199.0,0.010149
NEBL/BTC,1617227658549,2021-03-31T21:54:18.549Z,buy,5.1e-05,16.0,0.000816
NEBL/BTC,1617227684476,2021-03-31T21:54:44.476Z,buy,5.1e-05,7.0,0.000357
NEBL/BTC,1617227687899,2021-03-31T21:54:47.899Z,buy,5.1e-05,2.0,0.000102
NEBL/BTC,1617227695220,2021-03-31T21:54:55.220Z,buy,5.1e-05,97.0,0.004947
NEBL/BTC,1617227696308,2021-03-31T21:54:56.308Z,sell,5.1e-05,40.0,0.00204
NEBL/BTC,1617227696308,2021-03-31T21:54:56.308Z,sell,5.099e-05,256.0,0.01305344
NEBL/BTC,1617227707631,2021-03-31T21:55:07.631Z,sell,5.099e-05,400.0,0.020395999999999997
NEBL/BTC,1617227707690,2021-03-31T21:55:07.690Z,sell,5.099e-05,52.0,0.00265148
NEBL/BTC,1617227707731,2021-03-31T21:55:07.731Z,sell,5.099e-05,52.0,0.00265148
NEBL/BTC,1617227707747,2021-03-31T21:55:07.747Z,sell,5.099e-05,52.0,0.00265148
NEBL/BTC,1617227723316,2021-03-31T21:55:23.316Z,buy,5.101e-05,89.0,0.00453989
NEBL/BTC,1617227723316,2021-03-31T21:55:23.316Z,buy,5.102e-05,5.0,0.0002551
NEBL/BTC,1617227723316,2021-03-31T21:55:23.316Z,buy,5.108e-05,10.0,0.0005108
NEBL/BTC,1617227723316,2021-03-31T21:55:23.316Z,buy,5.112e-05,106.0,0.00541872
NEBL/BTC,1617227723316,2021-03-31T21:55:23.316Z,buy,5.114e-05,6.0,0.00030684
NEBL/BTC,1617227723316,2021-03-31T21:55:23.316Z,buy,5.115e-05,7.0,0.00035805
NEBL/BTC,1617227723316,2021-03-31T21:55:23.316Z,buy,5.117e-05,5.0,0.00025585
NEBL/BTC,1617227723316,2021-03-31T21:55:23.316Z,buy,5.119e-05,5.0,0.00025595
NEBL/BTC,1617227723316,2021-03-31T21:55:23.316Z,buy,5.12e-05,2.0,0.0001024
NEBL/BTC,1617227737055,2021-03-31T21:55:37.055Z,buy,5.12e-05,79.0,0.0040447999999999994
NEBL/BTC,1617227754483,2021-03-31T21:55:54.483Z,buy,5.119e-05,239.0,0.012234410000000001
NEBL/BTC,1617227766418,2021-03-31T21:56:06.418Z,buy,5.121e-05,8.0,0.00040968
NEBL/BTC,1617227767233,2021-03-31T21:56:07.233Z,sell,5.102e-05,6.0,0.00030612
NEBL/BTC,1617227777603,2021-03-31T21:56:17.603Z,buy,5.119e-05,105.0,0.00537495
NEBL/BTC,1617227780595,2021-03-31T21:56:20.595Z,sell,5.119e-05,4.0,0.00020476
NEBL/BTC,1617227790900,2021-03-31T21:56:30.900Z,buy,5.119e-05,2.0,0.00010238
NEBL/BTC,1617227794045,2021-03-31T21:56:34.045Z,buy,5.119e-05,2.0,0.00010238
NEBL/BTC,1617227794053,2021-03-31T21:56:34.053Z,sell,5.119e-05,13.0,0.00066547
NEBL/BTC,1617227796250,2021-03-31T21:56:36.250Z,sell,5.119e-05,522.0,0.02672118
NEBL/BTC,1617227796604,2021-03-31T21:56:36.604Z,sell,5.119e-05,236.0,0.01208084
NEBL/BTC,1617227796794,2021-03-31T21:56:36.794Z,sell,5.119e-05,29.0,0.00148451
NEBL/BTC,1617227797776,2021-03-31T21:56:37.776Z,buy,5.12e-05,4.0,0.0002048
NEBL/BTC,1617227800582,2021-03-31T21:56:40.582Z,sell,5.101e-05,9.0,0.00045909
NEBL/BTC,1617227812031,2021-03-31T21:56:52.031Z,buy,5.12e-05,11.0,0.0005632
NEBL/BTC,1617227812031,2021-03-31T21:56:52.031Z,buy,5.121e-05,6.0,0.00030726
NEBL/BTC,1617227812031,2021-03-31T21:56:52.031Z,buy,5.13e-05,5.0,0.0002565
NEBL/BTC,1617227852547,2021-03-31T21:57:32.547Z,buy,5.125e-05,7.0,0.00035875
NEBL/BTC,1617227859303,2021-03-31T21:57:39.303Z,buy,5.125e-05,2.0,0.0001025
NEBL/BTC,1617227870954,2021-03-31T21:57:50.954Z,sell,5.111e-05,7.0,0.00035777
NEBL/BTC,1617227870954,2021-03-31T21:57:50.954Z,sell,5.11e-05,7.0,0.0003577
NEBL/BTC,1617227874629,2021-03-31T21:57:54.629Z,sell,5.11e-05,5.0,0.00025550000000000003
NEBL/BTC,1617227963693,2021-03-31T21:59:23.693Z,sell,5.11e-05,32.0,0.0016352
NEBL/BTC,1617227963693,2021-03-31T21:59:23.693Z,sell,5.11e-05,32.0,0.0016352
NEBL/BTC,1617228014237,2021-03-31T22:00:14.237Z,sell,5.11e-05,1033.0,0.0527863
NEBL/BTC,1617228014237,2021-03-31T22:00:14.237Z,sell,5.099e-05,183.0,0.00933117
NEBL/BTC,1617228051840,2021-03-31T22:00:51.840Z,sell,5.099e-05,7.0,0.00035693
NEBL/BTC,1617228051840,2021-03-31T22:00:51.840Z,sell,5.097e-05,8.0,0.00040776
NEBL/BTC,1617228051840,2021-03-31T22:00:51.840Z,sell,5.094e-05,2.0,0.00010188
NEBL/BTC,1617228051840,2021-03-31T22:00:51.840Z,sell,5.089e-05,4.0,0.00020356
NEBL/BTC,1617228077388,2021-03-31T22:01:17.388Z,buy,5.11e-05,3.0,0.0001533
NEBL/BTC,1617228077388,2021-03-31T22:01:17.388Z,buy,5.125e-05,16.0,0.00082
NEBL/BTC,1617228096459,2021-03-31T22:01:36.459Z,buy,5.125e-05,157.0,0.00804625
NEBL/BTC,1617228127020,2021-03-31T22:02:07.020Z,sell,5.1e-05,6.0,0.000306
NEBL/BTC,1617228134494,2021-03-31T22:02:14.494Z,sell,5.1e-05,2.0,0.000102
NEBL/BTC,1617228134877,2021-03-31T22:02:14.877Z,buy,5.125e-05,42.0,0.0021525
NEBL/BTC,1617228135787,2021-03-31T22:02:15.787Z,sell,5.1e-05,3.0,0.000153
NEBL/BTC,1617228135951,2021-03-31T22:02:15.951Z,buy,5.125e-05,2.0,0.0001025
NEBL/BTC,1617228137239,2021-03-31T22:02:17.239Z,buy,5.125e-05,2.0,0.0001025
NEBL/BTC,1617228199749,2021-03-31T22:03:19.749Z,buy,5.124e-05,10.0,0.0005124
NEBL/BTC,1617228199749,2021-03-31T22:03:19.749Z,buy,5.125e-05,380.0,0.019475
NEBL/BTC,1617228199749,2021-03-31T22:03:19.749Z,buy,5.129e-05,7.0,0.00035903
NEBL/BTC,1617228199749,2021-03-31T22:03:19.749Z,buy,5.13e-05,19.0,0.0009747
NEBL/BTC,1617228199749,2021-03-31T22:03:19.749Z,buy,5.133e-05,9.0,0.00046196999999999997
NEBL/BTC,1617228199749,2021-03-31T22:03:19.749Z,buy,5.134e-05,5.0,0.0002567
NEBL/BTC,1617228199749,2021-03-31T22:03:19.749Z,buy,5.135e-05,38.0,0.0019513
NEBL/BTC,1617228199749,2021-03-31T22:03:19.749Z,buy,5.136e-05,3.0,0.00015408000000000002
NEBL/BTC,1617228199749,2021-03-31T22:03:19.749Z,buy,5.139e-05,60.0,0.0030834
NEBL/BTC,1617228199749,2021-03-31T22:03:19.749Z,buy,5.14e-05,2.0,0.0001028
NEBL/BTC,1617228199749,2021-03-31T22:03:19.749Z,buy,5.145e-05,9.0,0.00046304999999999995
NEBL/BTC,1617228199749,2021-03-31T22:03:19.749Z,buy,5.147e-05,158.0,0.00813226
NEBL/BTC,1617228199749,2021-03-31T22:03:19.749Z,buy,5.148e-05,184.0,0.009472320000000001
NEBL/BTC,1617228201309,2021-03-31T22:03:21.309Z,sell,5.125e-05,52.0,0.002665
NEBL/BTC,1617228201408,2021-03-31T22:03:21.408Z,sell,5.125e-05,52.0,0.002665
NEBL/BTC,1617228201475,2021-03-31T22:03:21.475Z,sell,5.125e-05,19.0,0.00097375
NEBL/BTC,1617228223068,2021-03-31T22:03:43.068Z,buy,5.125e-05,4.0,0.000205
NEBL/BTC,1617228245820,2021-03-31T22:04:05.820Z,buy,5.125e-05,2.0,0.0001025
NEBL/BTC,1617228257241,2021-03-31T22:04:17.241Z,buy,5.125e-05,5.0,0.00025624999999999997
NEBL/BTC,1617228274132,2021-03-31T22:04:34.132Z,sell,5.105e-05,29.0,0.0014804500000000001
NEBL/BTC,1617228274132,2021-03-31T22:04:34.132Z,sell,5.104e-05,8.0,0.00040832
NEBL/BTC,1617228274132,2021-03-31T22:04:34.132Z,sell,5.1e-05,99.0,0.005049
NEBL/BTC,1617228307069,2021-03-31T22:05:07.069Z,sell,5.1e-05,13.0,0.000663
NEBL/BTC,1617228330301,2021-03-31T22:05:30.301Z,sell,5.1e-05,17.0,0.000867
NEBL/BTC,1617228485983,2021-03-31T22:08:05.983Z,buy,5.121e-05,6.0,0.00030726
NEBL/BTC,1617228620050,2021-03-31T22:10:20.050Z,sell,5.101e-05,17.0,0.00086717
NEBL/BTC,1617228620050,2021-03-31T22:10:20.050Z,sell,5.1e-05,23.0,0.001173
NEBL/BTC,1617228629996,2021-03-31T22:10:29.996Z,buy,5.121e-05,3.0,0.00015363
NEBL/BTC,1617228638962,2021-03-31T22:10:38.962Z,sell,5.121e-05,1.0,5.121e-05
NEBL/BTC,1617228638962,2021-03-31T22:10:38.962Z,sell,5.1e-05,57.0,0.002907
NEBL/BTC,1617228652909,2021-03-31T22:10:52.909Z,buy,5.122e-05,3.0,0.00015366000000000002
NEBL/BTC,1617228667736,2021-03-31T22:11:07.736Z,buy,5.122e-05,7.0,0.00035854
NEBL/BTC,1617228667736,2021-03-31T22:11:07.736Z,buy,5.125e-05,41.0,0.00210125
NEBL/BTC,1617228667736,2021-03-31T22:11:07.736Z,buy,5.14e-05,104.0,0.005345600000000001
NEBL/BTC,1617228667736,2021-03-31T22:11:07.736Z,buy,5.141e-05,3147.0,0.16178726999999998
NEBL/BTC,1617228698402,2021-03-31T22:11:38.402Z,buy,5.141e-05,5.0,0.00025705
NEBL/BTC,1617228743453,2021-03-31T22:12:23.453Z,buy,5.141e-05,4.0,0.00020564
NEBL/BTC,1617228814838,2021-03-31T22:13:34.838Z,sell,5.113e-05,9.0,0.00046017
NEBL/BTC,1617228814838,2021-03-31T22:13:34.838Z,sell,5.112e-05,3.0,0.00015336
NEBL/BTC,1617228814838,2021-03-31T22:13:34.838Z,sell,5.104e-05,763.0,0.03894352
NEBL/BTC,1617228814838,2021-03-31T22:13:34.838Z,sell,5.101e-05,344.0,0.01754744
NEBL/BTC,1617228814838,2021-03-31T22:13:34.838Z,sell,5.1e-05,575.0,0.029325
NEBL/BTC,1617228826321,2021-03-31T22:13:46.321Z,buy,5.138e-05,13.0,0.00066794
NEBL/BTC,1617228893337,2021-03-31T22:14:53.337Z,sell,5.121e-05,31.0,0.0015875099999999999
NEBL/BTC,1617228898244,2021-03-31T22:14:58.244Z,sell,5.121e-05,4.0,0.00020484
NEBL/BTC,1617229082093,2021-03-31T22:18:02.093Z,buy,5.129e-05,3.0,0.00015387
NEBL/BTC,1617229145200,2021-03-31T22:19:05.200Z,buy,5.121e-05,5.0,0.00025605
NEBL/BTC,1617229183521,2021-03-31T22:19:43.521Z,sell,5.1e-05,404.0,0.020604
NEBL/BTC,1617229219617,2021-03-31T22:20:19.617Z,sell,5.1e-05,657.0,0.033507
NEBL/BTC,1617229334699,2021-03-31T22:22:14.699Z,buy,5.099e-05,235.0,0.01198265
NEBL/BTC,1617229426229,2021-03-31T22:23:46.229Z,sell,5.097e-05,9.0,0.00045873
NEBL/BTC,1617229436434,2021-03-31T22:23:56.434Z,buy,5.095e-05,44.0,0.0022418
NEBL/BTC,1617229452559,2021-03-31T22:24:12.559Z,sell,5.094e-05,5.0,0.00025469999999999996
NEBL/BTC,1617229473951,2021-03-31T22:24:33.951Z,sell,5.094e-05,2.0,0.00010188
NEBL/BTC,1617229474295,2021-03-31T22:24:34.295Z,sell,5.089e-05,466.0,0.02371474
NEBL/BTC,1617229480055,2021-03-31T22:24:40.055Z,buy,5.09e-05,35.0,0.0017814999999999999
NEBL/BTC,1617229480120,2021-03-31T22:24:40.120Z,sell,5.089e-05,38.0,0.0019338200000000002
NEBL/BTC,1617229488347,2021-03-31T22:24:48.347Z,buy,5.09e-05,77.0,0.0039193
NEBL/BTC,1617229493925,2021-03-31T22:24:53.925Z,buy,5.09e-05,5.0,0.0002545
NEBL/BTC,1617229509175,2021-03-31T22:25:09.175Z,sell,5.089e-05,7.0,0.00035623
NEBL/BTC,1617229521367,2021-03-31T22:25:21.367Z,sell,5.089e-05,99.0,0.00503811
NEBL/BTC,1617229549778,2021-03-31T22:25:49.778Z,sell,5.089e-05,141.0,0.0071754900000000005
NEBL/BTC,1617229589922,2021-03-31T22:26:29.922Z,buy,5.09e-05,56.0,0.0028504
NEBL/BTC,1617229784479,2021-03-31T22:29:44.479Z,buy,5.09e-05,81.0,0.0041229
NEBL/BTC,1617229785544,2021-03-31T22:29:45.544Z,buy,5.09e-05,22.0,0.0011198
NEBL/BTC,1617229785544,2021-03-31T22:29:45.544Z,buy,5.091e-05,13.0,0.00066183
NEBL/BTC,1617229971051,2021-03-31T22:32:51.051Z,sell,5.099e-05,5.0,0.00025495
NEBL/BTC,1617230310948,2021-03-31T22:38:30.948Z,sell,5.103e-05,18.0,0.0009185399999999999
NEBL/BTC,1617230341556,2021-03-31T22:39:01.556Z,sell,5.099e-05,8.0,0.00040792
NEBL/BTC,1617230384818,2021-03-31T22:39:44.818Z,sell,5.099e-05,3.0,0.00015297
NEBL/BTC,1617230384818,2021-03-31T22:39:44.818Z,sell,5.089e-05,24.0,0.0012213600000000001
NEBL/BTC,1617230391277,2021-03-31T22:39:51.277Z,sell,5.089e-05,37.0,0.00188293
NEBL/BTC,1617230395806,2021-03-31T22:39:55.806Z,sell,5.084e-05,5.0,0.0002542
NEBL/BTC,1617230476395,2021-03-31T22:41:16.395Z,buy,5.088e-05,4.0,0.00020352
NEBL/BTC,1617230479168,2021-03-31T22:41:19.168Z,buy,5.089e-05,21.0,0.00106869
NEBL/BTC,1617230514629,2021-03-31T22:41:54.629Z,buy,5.089e-05,152.0,0.007735280000000001
NEBL/BTC,1617230514629,2021-03-31T22:41:54.629Z,buy,5.09e-05,27.0,0.0013743
NEBL/BTC,1617230616030,2021-03-31T22:43:36.030Z,buy,5.103e-05,16.0,0.00081648
NEBL/BTC,1617230768006,2021-03-31T22:46:08.006Z,sell,5.084e-05,2.0,0.00010168
NEBL/BTC,1617230863362,2021-03-31T22:47:43.362Z,buy,5.103e-05,5.0,0.00025515
NEBL/BTC,1617230863367,2021-03-31T22:47:43.367Z,buy,5.103e-05,5.0,0.00025515
NEBL/BTC,1617230905164,2021-03-31T22:48:25.164Z,buy,5.103e-05,1.0,5.103e-05
NEBL/BTC,1617230938884,2021-03-31T22:48:58.884Z,sell,5.085e-05,9.0,0.00045765000000000004
NEBL/BTC,1617230986723,2021-03-31T22:49:46.723Z,buy,5.103e-05,66.0,0.00336798
NEBL/BTC,1617231028660,2021-03-31T22:50:28.660Z,buy,5.103e-05,35.0,0.00178605
NEBL/BTC,1617231028660,2021-03-31T22:50:28.660Z,buy,5.11e-05,434.0,0.0221774
NEBL/BTC,1617231192104,2021-03-31T22:53:12.104Z,buy,5.109e-05,400.0,0.020436
NEBL/BTC,1617231192104,2021-03-31T22:53:12.104Z,buy,5.11e-05,635.0,0.0324485
NEBL/BTC,1617231200569,2021-03-31T22:53:20.569Z,sell,5.111e-05,17.0,0.00086887
NEBL/BTC,1617231211251,2021-03-31T22:53:31.251Z,sell,5.11e-05,60.0,0.003066
NEBL/BTC,1617231212926,2021-03-31T22:53:32.926Z,sell,5.11e-05,25.0,0.0012775
NEBL/BTC,1617231261563,2021-03-31T22:54:21.563Z,sell,5.11e-05,2.0,0.0001022
NEBL/BTC,1617231272964,2021-03-31T22:54:32.964Z,sell,5.11e-05,580.0,0.029638
NEBL/BTC,1617231332040,2021-03-31T22:55:32.040Z,sell,5.084e-05,20.0,0.0010168
NEBL/BTC,1617231336070,2021-03-31T22:55:36.070Z,buy,5.109e-05,2.0,0.00010218
NEBL/BTC,1617231491450,2021-03-31T22:58:11.450Z,sell,5.103e-05,2.0,0.00010206
NEBL/BTC,1617231491450,2021-03-31T22:58:11.450Z,sell,5.084e-05,4.0,0.00020336
NEBL/BTC,1617231491450,2021-03-31T22:58:11.450Z,sell,5.083e-05,16.0,0.00081328
NEBL/BTC,1617231491450,2021-03-31T22:58:11.450Z,sell,5.081e-05,20.0,0.0010162
NEBL/BTC,1617231513694,2021-03-31T22:58:33.694Z,sell,5.092e-05,2.0,0.00010184
NEBL/BTC,1617231513694,2021-03-31T22:58:33.694Z,sell,5.081e-05,8.0,0.00040648
NEBL/BTC,1617231513703,2021-03-31T22:58:33.703Z,buy,5.08e-05,23.0,0.0011684
NEBL/BTC,1617231513710,2021-03-31T22:58:33.710Z,buy,5.08e-05,21.0,0.0010668000000000001
NEBL/BTC,1617231513718,2021-03-31T22:58:33.718Z,buy,5.08e-05,18.0,0.0009144
NEBL/BTC,1617231514107,2021-03-31T22:58:34.107Z,sell,5.079e-05,3.0,0.00015237
NEBL/BTC,1617231514851,2021-03-31T22:58:34.851Z,buy,5.079e-05,2.0,0.00010158
NEBL/BTC,1617231522752,2021-03-31T22:58:42.752Z,buy,5.078e-05,21.0,0.00106638
NEBL/BTC,1617231523609,2021-03-31T22:58:43.609Z,sell,5.077e-05,9.0,0.00045693
NEBL/BTC,1617231559940,2021-03-31T22:59:19.940Z,buy,5.077e-05,3.0,0.00015230999999999998
NEBL/BTC,1617231559940,2021-03-31T22:59:19.940Z,buy,5.077e-05,3.0,0.00015230999999999998
NEBL/BTC,1617231568287,2021-03-31T22:59:28.287Z,sell,5.076e-05,22.0,0.00111672
NEBL/BTC,1617231605226,2021-03-31T23:00:05.226Z,sell,5.074e-05,9.0,0.00045666
NEBL/BTC,1617231605226,2021-03-31T23:00:05.226Z,sell,5.073e-05,15.0,0.0007609499999999999
NEBL/BTC,1617231605226,2021-03-31T23:00:05.226Z,sell,5.072e-05,5.0,0.0002536
NEBL/BTC,1617231605226,2021-03-31T23:00:05.226Z,sell,5.071e-05,2.0,0.00010142
NEBL/BTC,1617231606419,2021-03-31T23:00:06.419Z,sell,5.071e-05,3.0,0.00015213
NEBL/BTC,1617231606419,2021-03-31T23:00:06.419Z,sell,5.065e-05,3.0,0.00015194999999999998
NEBL/BTC,1617231606419,2021-03-31T23:00:06.419Z,sell,5.062e-05,6.0,0.00030372
NEBL/BTC,1617231666811,2021-03-31T23:01:06.811Z,sell,5.062e-05,12.0,0.00060744
NEBL/BTC,1617231666811,2021-03-31T23:01:06.811Z,sell,5.061e-05,127.0,0.006427469999999999
NEBL/BTC,1617231666838,2021-03-31T23:01:06.838Z,buy,5.06e-05,31.0,0.0015685999999999999
NEBL/BTC,1617231670999,2021-03-31T23:01:10.999Z,buy,5.06e-05,24.0,0.0012144
NEBL/BTC,1617231680984,2021-03-31T23:01:20.984Z,buy,5.06e-05,19.0,0.0009614
NEBL/BTC,1617231691232,2021-03-31T23:01:31.232Z,sell,5.053e-05,3.0,0.00015159
NEBL/BTC,1617231691240,2021-03-31T23:01:31.240Z,buy,5.053e-05,19.0,0.0009600699999999999
NEBL/BTC,1617231691265,2021-03-31T23:01:31.265Z,buy,5.053e-05,28.0,0.0014148399999999999
NEBL/BTC,1617231693093,2021-03-31T23:01:33.093Z,sell,5.052e-05,139.0,0.00702228
NEBL/BTC,1617231693093,2021-03-31T23:01:33.093Z,sell,5.051e-05,585.0,0.02954835
NEBL/BTC,1617231705948,2021-03-31T23:01:45.948Z,buy,5.053e-05,29.0,0.00146537
NEBL/BTC,1617231705962,2021-03-31T23:01:45.962Z,buy,5.053e-05,18.0,0.00090954
NEBL/BTC,1617231752382,2021-03-31T23:02:32.382Z,sell,5.053e-05,55.0,0.0027791499999999998
NEBL/BTC,1617231785270,2021-03-31T23:03:05.270Z,buy,5.065e-05,7.0,0.00035454999999999997
NEBL/BTC,1617231845051,2021-03-31T23:04:05.051Z,buy,5.062e-05,4.0,0.00020248
NEBL/BTC,1617231845051,2021-03-31T23:04:05.051Z,buy,5.065e-05,28.0,0.0014181999999999999
NEBL/BTC,1617231861211,2021-03-31T23:04:21.211Z,sell,5.065e-05,1.0,5.065e-05
NEBL/BTC,1617231881079,2021-03-31T23:04:41.079Z,sell,5.053e-05,3.0,0.00015159
NEBL/BTC,1617231907896,2021-03-31T23:05:07.896Z,sell,5.053e-05,25.0,0.00126325
NEBL/BTC,1617231981934,2021-03-31T23:06:21.934Z,buy,5.065e-05,2.0,0.0001013
NEBL/BTC,1617231984928,2021-03-31T23:06:24.928Z,buy,5.065e-05,5.0,0.00025325
NEBL/BTC,1617232003016,2021-03-31T23:06:43.016Z,buy,5.065e-05,2.0,0.0001013
NEBL/BTC,1617232125242,2021-03-31T23:08:45.242Z,buy,5.087e-05,209.0,0.01063183
NEBL/BTC,1617232146991,2021-03-31T23:09:06.991Z,buy,5.1e-05,5.0,0.000255
NEBL/BTC,1617232146991,2021-03-31T23:09:06.991Z,buy,5.104e-05,9.0,0.00045936
NEBL/BTC,1617232146991,2021-03-31T23:09:06.991Z,buy,5.109e-05,9.0,0.00045981
NEBL/BTC,1617232146991,2021-03-31T23:09:06.991Z,buy,5.111e-05,17.0,0.00086887
NEBL/BTC,1617232146991,2021-03-31T23:09:06.991Z,buy,5.112e-05,4208.0,0.21511296
NEBL/BTC,1617232146991,2021-03-31T23:09:06.991Z,buy,5.123e-05,6.0,0.00030738
NEBL/BTC,1617232146997,2021-03-31T23:09:06.997Z,sell,5.123e-05,109.0,0.00558407
NEBL/BTC,1617232146997,2021-03-31T23:09:06.997Z,sell,5.123e-05,109.0,0.00558407
NEBL/BTC,1617232147005,2021-03-31T23:09:07.005Z,sell,5.123e-05,27.0,0.0013832100000000002
NEBL/BTC,1617232147091,2021-03-31T23:09:07.091Z,sell,5.123e-05,100.0,0.005123
NEBL/BTC,1617232147132,2021-03-31T23:09:07.132Z,sell,5.123e-05,10.0,0.0005123
NEBL/BTC,1617232147225,2021-03-31T23:09:07.225Z,sell,5.123e-05,177.0,0.00906771
NEBL/BTC,1617232147226,2021-03-31T23:09:07.226Z,sell,5.123e-05,100.0,0.005123
NEBL/BTC,1617232147297,2021-03-31T23:09:07.297Z,sell,5.123e-05,269.0,0.01378087
NEBL/BTC,1617232149797,2021-03-31T23:09:09.797Z,sell,5.123e-05,251.0,0.01285873
NEBL/BTC,1617232150638,2021-03-31T23:09:10.638Z,sell,5.123e-05,112.0,0.005737760000000001
NEBL/BTC,1617232173046,2021-03-31T23:09:33.046Z,sell,5.123e-05,47.0,0.0024078100000000002
NEBL/BTC,1617232173046,2021-03-31T23:09:33.046Z,sell,5.123e-05,9.0,0.00046107
NEBL/BTC,1617232236280,2021-03-31T23:10:36.280Z,buy,5.128e-05,2.0,0.00010256
NEBL/BTC,1617232290660,2021-03-31T23:11:30.660Z,sell,5.123e-05,20.0,0.0010246
NEBL/BTC,1617232473229,2021-03-31T23:14:33.229Z,buy,5.127e-05,23.0,0.00117921
NEBL/BTC,1617232473229,2021-03-31T23:14:33.229Z,buy,5.128e-05,12.0,0.0006153599999999999
NEBL/BTC,1617232473229,2021-03-31T23:14:33.229Z,buy,5.129e-05,14.0,0.00071806
NEBL/BTC,1617232473229,2021-03-31T23:14:33.229Z,buy,5.13e-05,19.0,0.0009747
NEBL/BTC,1617232473229,2021-03-31T23:14:33.229Z,buy,5.131e-05,8.0,0.00041048
NEBL/BTC,1617232473229,2021-03-31T23:14:33.229Z,buy,5.133e-05,9.0,0.00046196999999999997
NEBL/BTC,1617232473229,2021-03-31T23:14:33.229Z,buy,5.142e-05,112.0,0.00575904
NEBL/BTC,1617232473229,2021-03-31T23:14:33.229Z,buy,5.147e-05,158.0,0.00813226
NEBL/BTC,1617232473229,2021-03-31T23:14:33.229Z,buy,5.148e-05,20.0,0.0010296
NEBL/BTC,1617232473229,2021-03-31T23:14:33.229Z,buy,5.149e-05,23.0,0.00118427
NEBL/BTC,1617232473229,2021-03-31T23:14:33.229Z,buy,5.15e-05,1840.0,0.09476
NEBL/BTC,1617232559900,2021-03-31T23:15:59.900Z,buy,5.15e-05,3065.0,0.1578475
NEBL/BTC,1617232559900,2021-03-31T23:15:59.900Z,buy,5.152e-05,6.0,0.00030912
NEBL/BTC,1617232559900,2021-03-31T23:15:59.900Z,buy,5.153e-05,61.0,0.00314333
NEBL/BTC,1617232559900,2021-03-31T23:15:59.900Z,buy,5.157e-05,8.0,0.00041256
NEBL/BTC,1617232559900,2021-03-31T23:15:59.900Z,buy,5.158e-05,4.0,0.00020632
NEBL/BTC,1617232559900,2021-03-31T23:15:59.900Z,buy,5.161e-05,215.0,0.01109615
NEBL/BTC,1617232559900,2021-03-31T23:15:59.900Z,buy,5.162e-05,12.0,0.00061944
NEBL/BTC,1617232559900,2021-03-31T23:15:59.900Z,buy,5.163e-05,12.0,0.00061956
NEBL/BTC,1617232559900,2021-03-31T23:15:59.900Z,buy,5.165e-05,55.0,0.00284075
NEBL/BTC,1617232559900,2021-03-31T23:15:59.900Z,buy,5.167e-05,21.0,0.00108507
NEBL/BTC,1617232559900,2021-03-31T23:15:59.900Z,buy,5.17e-05,749.0,0.0387233
NEBL/BTC,1617232559900,2021-03-31T23:15:59.900Z,buy,5.171e-05,21.0,0.00108591
NEBL/BTC,1617232559900,2021-03-31T23:15:59.900Z,buy,5.175e-05,1080.0,0.055889999999999995
NEBL/BTC,1617232559900,2021-03-31T23:15:59.900Z,buy,5.177e-05,27.0,0.00139779
NEBL/BTC,1617232559900,2021-03-31T23:15:59.900Z,buy,5.178e-05,109.0,0.0056440200000000005
NEBL/BTC,1617232559900,2021-03-31T23:15:59.900Z,buy,5.18e-05,50.0,0.00259
NEBL/BTC,1617232559900,2021-03-31T23:15:59.900Z,buy,5.181e-05,100.0,0.005181
NEBL/BTC,1617232559900,2021-03-31T23:15:59.900Z,buy,5.182e-05,1777.0,0.09208414000000001
NEBL/BTC,1617232559900,2021-03-31T23:15:59.900Z,buy,5.183e-05,23.0,0.0011920899999999998
NEBL/BTC,1617232559900,2021-03-31T23:15:59.900Z,buy,5.184e-05,21.0,0.0010886399999999999
NEBL/BTC,1617232559900,2021-03-31T23:15:59.900Z,buy,5.185e-05,22.0,0.0011407
NEBL/BTC,1617232559900,2021-03-31T23:15:59.900Z,buy,5.186e-05,29.0,0.00150394
NEBL/BTC,1617232559900,2021-03-31T23:15:59.900Z,buy,5.187e-05,28.0,0.0014523600000000002
NEBL/BTC,1617232559900,2021-03-31T23:15:59.900Z,buy,5.188e-05,77.0,0.00399476
NEBL/BTC,1617232559900,2021-03-31T23:15:59.900Z,buy,5.19e-05,44.0,0.0022836
NEBL/BTC,1617232559900,2021-03-31T23:15:59.900Z,buy,5.192e-05,9.0,0.00046728
NEBL/BTC,1617232559900,2021-03-31T23:15:59.900Z,buy,5.195e-05,705.0,0.036624750000000005
NEBL/BTC,1617232559900,2021-03-31T23:15:59.900Z,buy,5.197e-05,183.0,0.00951051
NEBL/BTC,1617232559900,2021-03-31T23:15:59.900Z,buy,5.198e-05,118.0,0.00613364
NEBL/BTC,1617232559900,2021-03-31T23:15:59.900Z,buy,5.199e-05,1758.0,0.09139842000000001
NEBL/BTC,1617232559908,2021-03-31T23:15:59.908Z,sell,5.199e-05,1200.0,0.062388
NEBL/BTC,1617232559920,2021-03-31T23:15:59.920Z,buy,5.199e-05,3.0,0.00015597
NEBL/BTC,1617232559920,2021-03-31T23:15:59.920Z,buy,5.2e-05,1144.0,0.059488
NEBL/BTC,1617232560012,2021-03-31T23:16:00.012Z,buy,5.149e-05,18.0,0.0009268200000000001
NEBL/BTC,1617232561666,2021-03-31T23:16:01.666Z,buy,5.149e-05,8.0,0.00041192
NEBL/BTC,1617232564774,2021-03-31T23:16:04.774Z,sell,5.125e-05,48.0,0.00246
NEBL/BTC,1617232583789,2021-03-31T23:16:23.789Z,sell,5.133e-05,5.0,0.00025665
NEBL/BTC,1617232584125,2021-03-31T23:16:24.125Z,sell,5.133e-05,8.0,0.00041064
NEBL/BTC,1617232590371,2021-03-31T23:16:30.371Z,sell,5.133e-05,6.0,0.00030798
NEBL/BTC,1617232613525,2021-03-31T23:16:53.525Z,sell,5.134e-05,9.0,0.00046206
NEBL/BTC,1617232613525,2021-03-31T23:16:53.525Z,sell,5.133e-05,18.0,0.0009239399999999999
NEBL/BTC,1617232622598,2021-03-31T23:17:02.598Z,buy,5.149e-05,4.0,0.00020596
NEBL/BTC,1617232777053,2021-03-31T23:19:37.053Z,buy,5.147e-05,22.0,0.00113234
NEBL/BTC,1617232777053,2021-03-31T23:19:37.053Z,buy,5.148e-05,4.0,0.00020592
NEBL/BTC,1617232777053,2021-03-31T23:19:37.053Z,buy,5.149e-05,44.0,0.0022655600000000002
NEBL/BTC,1617232777053,2021-03-31T23:19:37.053Z,buy,5.15e-05,172.0,0.008858
NEBL/BTC,1617232777053,2021-03-31T23:19:37.053Z,buy,5.151e-05,110.0,0.0056661
NEBL/BTC,1617232777053,2021-03-31T23:19:37.053Z,buy,5.152e-05,4174.0,0.21504448
NEBL/BTC,1617232777053,2021-03-31T23:19:37.053Z,buy,5.165e-05,3.0,0.00015495
NEBL/BTC,1617232777053,2021-03-31T23:19:37.053Z,buy,5.185e-05,8.0,0.0004148
NEBL/BTC,1617232777053,2021-03-31T23:19:37.053Z,buy,5.199e-05,230.0,0.0119577
NEBL/BTC,1617232777053,2021-03-31T23:19:37.053Z,buy,5.2e-05,6513.0,0.338676
NEBL/BTC,1617232777053,2021-03-31T23:19:37.053Z,buy,5.202e-05,33.0,0.00171666
NEBL/BTC,1617232777053,2021-03-31T23:19:37.053Z,buy,5.203e-05,12.0,0.00062436
NEBL/BTC,1617232777053,2021-03-31T23:19:37.053Z,buy,5.207e-05,5.0,0.00026035
NEBL/BTC,1617232777053,2021-03-31T23:19:37.053Z,buy,5.212e-05,746.0,0.03888152
NEBL/BTC,1617232777053,2021-03-31T23:19:37.053Z,buy,5.214e-05,16.0,0.00083424
NEBL/BTC,1617232777053,2021-03-31T23:19:37.053Z,buy,5.215e-05,119.0,0.00620585
NEBL/BTC,1617232777053,2021-03-31T23:19:37.053Z,buy,5.221e-05,3.0,0.00015663
NEBL/BTC,1617232777053,2021-03-31T23:19:37.053Z,buy,5.222e-05,3.0,0.00015665999999999998
NEBL/BTC,1617232777053,2021-03-31T23:19:37.053Z,buy,5.225e-05,125.0,0.006531250000000001
NEBL/BTC,1617232777053,2021-03-31T23:19:37.053Z,buy,5.23e-05,35.0,0.0018304999999999999
NEBL/BTC,1617232777053,2021-03-31T23:19:37.053Z,buy,5.233e-05,8.0,0.00041864
NEBL/BTC,1617232777053,2021-03-31T23:19:37.053Z,sell,5.234e-05,16.0,0.00083744
NEBL/BTC,1617232777062,2021-03-31T23:19:37.062Z,sell,5.234e-05,22.0,0.0011514799999999999
NEBL/BTC,1617232777062,2021-03-31T23:19:37.062Z,sell,5.234e-05,22.0,0.0011514799999999999
NEBL/BTC,1617232777062,2021-03-31T23:19:37.062Z,sell,5.234e-05,22.0,0.0011514799999999999
NEBL/BTC,1617232777062,2021-03-31T23:19:37.062Z,sell,5.234e-05,22.0,0.0011514799999999999
NEBL/BTC,1617232777062,2021-03-31T23:19:37.062Z,sell,5.234e-05,22.0,0.0011514799999999999
NEBL/BTC,1617232777062,2021-03-31T23:19:37.062Z,sell,5.234e-05,22.0,0.0011514799999999999
NEBL/BTC,1617232777062,2021-03-31T23:19:37.062Z,sell,5.234e-05,22.0,0.0011514799999999999
NEBL/BTC,1617232777062,2021-03-31T23:19:37.062Z,sell,5.234e-05,22.0,0.0011514799999999999
NEBL/BTC,1617232777063,2021-03-31T23:19:37.063Z,sell,5.234e-05,22.0,0.0011514799999999999
NEBL/BTC,1617232777063,2021-03-31T23:19:37.063Z,sell,5.234e-05,22.0,0.0011514799999999999
NEBL/BTC,1617232777063,2021-03-31T23:19:37.063Z,sell,5.234e-05,22.0,0.0011514799999999999
NEBL/BTC,1617232777064,2021-03-31T23:19:37.064Z,sell,5.234e-05,22.0,0.0011514799999999999
NEBL/BTC,1617232777064,2021-03-31T23:19:37.064Z,sell,5.234e-05,22.0,0.0011514799999999999
NEBL/BTC,1617232777064,2021-03-31T23:19:37.064Z,sell,5.234e-05,22.0,0.0011514799999999999
NEBL/BTC,1617232777064,2021-03-31T23:19:37.064Z,sell,5.234e-05,21.0,0.00109914
NEBL/BTC,1617232777064,2021-03-31T23:19:37.064Z,sell,5.234e-05,22.0,0.0011514799999999999
NEBL/BTC,1617232777064,2021-03-31T23:19:37.064Z,sell,5.234e-05,27.0,0.00141318
NEBL/BTC,1617232777065,2021-03-31T23:19:37.065Z,sell,5.234e-05,22.0,0.0011514799999999999
NEBL/BTC,1617232777065,2021-03-31T23:19:37.065Z,sell,5.234e-05,22.0,0.0011514799999999999
NEBL/BTC,1617232777065,2021-03-31T23:19:37.065Z,sell,5.234e-05,30.0,0.0015702
NEBL/BTC,1617232777065,2021-03-31T23:19:37.065Z,sell,5.234e-05,22.0,0.0011514799999999999
NEBL/BTC,1617232777065,2021-03-31T23:19:37.065Z,sell,5.234e-05,22.0,0.0011514799999999999
NEBL/BTC,1617232777065,2021-03-31T23:19:37.065Z,sell,5.234e-05,22.0,0.0011514799999999999
NEBL/BTC,1617232777066,2021-03-31T23:19:37.066Z,sell,5.234e-05,22.0,0.0011514799999999999
NEBL/BTC,1617232777066,2021-03-31T23:19:37.066Z,sell,5.234e-05,22.0,0.0011514799999999999
NEBL/BTC,1617232777066,2021-03-31T23:19:37.066Z,sell,5.234e-05,22.0,0.0011514799999999999
NEBL/BTC,1617232777066,2021-03-31T23:19:37.066Z,sell,5.234e-05,22.0,0.0011514799999999999
NEBL/BTC,1617232777067,2021-03-31T23:19:37.067Z,sell,5.234e-05,22.0,0.0011514799999999999
NEBL/BTC,1617232777067,2021-03-31T23:19:37.067Z,sell,5.234e-05,22.0,0.0011514799999999999
NEBL/BTC,1617232777067,2021-03-31T23:19:37.067Z,sell,5.234e-05,22.0,0.0011514799999999999
NEBL/BTC,1617232777067,2021-03-31T23:19:37.067Z,sell,5.234e-05,22.0,0.0011514799999999999
NEBL/BTC,1617232777068,2021-03-31T23:19:37.068Z,sell,5.234e-05,22.0,0.0011514799999999999
NEBL/BTC,1617232777068,2021-03-31T23:19:37.068Z,sell,5.234e-05,22.0,0.0011514799999999999
NEBL/BTC,1617232777068,2021-03-31T23:19:37.068Z,sell,5.234e-05,22.0,0.0011514799999999999
NEBL/BTC,1617232777068,2021-03-31T23:19:37.068Z,sell,5.234e-05,22.0,0.0011514799999999999
NEBL/BTC,1617232777068,2021-03-31T23:19:37.068Z,sell,5.234e-05,22.0,0.0011514799999999999
NEBL/BTC,1617232777069,2021-03-31T23:19:37.069Z,sell,5.234e-05,22.0,0.0011514799999999999
NEBL/BTC,1617232777069,2021-03-31T23:19:37.069Z,sell,5.234e-05,22.0,0.0011514799999999999
NEBL/BTC,1617232777070,2021-03-31T23:19:37.070Z,sell,5.234e-05,22.0,0.0011514799999999999
NEBL/BTC,1617232777070,2021-03-31T23:19:37.070Z,sell,5.234e-05,22.0,0.0011514799999999999
NEBL/BTC,1617232777071,2021-03-31T23:19:37.071Z,sell,5.234e-05,22.0,0.0011514799999999999
NEBL/BTC,1617232777072,2021-03-31T23:19:37.072Z,sell,5.234e-05,22.0,0.0011514799999999999
NEBL/BTC,1617232777072,2021-03-31T23:19:37.072Z,sell,5.234e-05,22.0,0.0011514799999999999
NEBL/BTC,1617232777072,2021-03-31T23:19:37.072Z,sell,5.234e-05,22.0,0.0011514799999999999
NEBL/BTC,1617232777073,2021-03-31T23:19:37.073Z,sell,5.234e-05,22.0,0.0011514799999999999
NEBL/BTC,1617232777073,2021-03-31T23:19:37.073Z,sell,5.234e-05,21.0,0.00109914
NEBL/BTC,1617232777073,2021-03-31T23:19:37.073Z,sell,5.234e-05,22.0,0.0011514799999999999
NEBL/BTC,1617232777074,2021-03-31T23:19:37.074Z,buy,5.235e-05,98.0,0.0051303
NEBL/BTC,1617232777074,2021-03-31T23:19:37.074Z,buy,5.236e-05,40.0,0.0020944
NEBL/BTC,1617232777075,2021-03-31T23:19:37.075Z,sell,5.234e-05,22.0,0.0011514799999999999
NEBL/BTC,1617232777076,2021-03-31T23:19:37.076Z,sell,5.234e-05,22.0,0.0011514799999999999
NEBL/BTC,1617232777088,2021-03-31T23:19:37.088Z,sell,5.234e-05,19.0,0.00099446
NEBL/BTC,1617232777098,2021-03-31T23:19:37.098Z,buy,5.236e-05,31.0,0.00162316
NEBL/BTC,1617232777286,2021-03-31T23:19:37.286Z,sell,5.234e-05,12.0,0.0006280799999999999
NEBL/BTC,1617232777378,2021-03-31T23:19:37.378Z,sell,5.234e-05,364.0,0.019051759999999997
NEBL/BTC,1617232777492,2021-03-31T23:19:37.492Z,sell,5.234e-05,100.0,0.005234
NEBL/BTC,1617232777565,2021-03-31T23:19:37.565Z,sell,5.234e-05,3.0,0.00015701999999999998
NEBL/BTC,1617232777684,2021-03-31T23:19:37.684Z,sell,5.234e-05,100.0,0.005234
NEBL/BTC,1617232777767,2021-03-31T23:19:37.767Z,sell,5.234e-05,100.0,0.005234
NEBL/BTC,1617232777842,2021-03-31T23:19:37.842Z,buy,5.236e-05,4.0,0.00020944
NEBL/BTC,1617232777889,2021-03-31T23:19:37.889Z,sell,5.234e-05,100.0,0.005234
NEBL/BTC,1617232777974,2021-03-31T23:19:37.974Z,sell,5.234e-05,50.0,0.002617
NEBL/BTC,1617232778066,2021-03-31T23:19:38.066Z,buy,5.236e-05,2.0,0.00010472
NEBL/BTC,1617232778074,2021-03-31T23:19:38.074Z,sell,5.234e-05,50.0,0.002617
NEBL/BTC,1617232778198,2021-03-31T23:19:38.198Z,sell,5.234e-05,50.0,0.002617
NEBL/BTC,1617232778341,2021-03-31T23:19:38.341Z,sell,5.234e-05,50.0,0.002617
NEBL/BTC,1617232778394,2021-03-31T23:19:38.394Z,sell,5.234e-05,158.0,0.00826972
NEBL/BTC,1617232778396,2021-03-31T23:19:38.396Z,sell,5.234e-05,2.0,0.00010468
NEBL/BTC,1617232778403,2021-03-31T23:19:38.403Z,sell,5.234e-05,12.0,0.0006280799999999999
NEBL/BTC,1617232778429,2021-03-31T23:19:38.429Z,sell,5.234e-05,50.0,0.002617
NEBL/BTC,1617232778554,2021-03-31T23:19:38.554Z,sell,5.234e-05,18.0,0.00094212
NEBL/BTC,1617232779203,2021-03-31T23:19:39.203Z,sell,5.234e-05,27.0,0.00141318
NEBL/BTC,1617232779747,2021-03-31T23:19:39.747Z,sell,5.234e-05,9.0,0.00047106
NEBL/BTC,1617232779752,2021-03-31T23:19:39.752Z,sell,5.234e-05,12.0,0.0006280799999999999
NEBL/BTC,1617232779855,2021-03-31T23:19:39.855Z,buy,5.236e-05,8.0,0.00041888
NEBL/BTC,1617232780092,2021-03-31T23:19:40.092Z,buy,5.236e-05,6.0,0.00031416
NEBL/BTC,1617232780340,2021-03-31T23:19:40.340Z,sell,5.234e-05,23.0,0.00120382
NEBL/BTC,1617232780972,2021-03-31T23:19:40.972Z,buy,5.236e-05,64.0,0.00335104
NEBL/BTC,1617232782852,2021-03-31T23:19:42.852Z,sell,5.234e-05,500.0,0.02617
NEBL/BTC,1617232782969,2021-03-31T23:19:42.969Z,sell,5.234e-05,219.0,0.011462459999999999
NEBL/BTC,1617232785145,2021-03-31T23:19:45.145Z,sell,5.234e-05,215.0,0.011253099999999999
NEBL/BTC,1617232787947,2021-03-31T23:19:47.947Z,sell,5.234e-05,22.0,0.0011514799999999999
NEBL/BTC,1617232790454,2021-03-31T23:19:50.454Z,sell,5.234e-05,208.0,0.010886719999999999
NEBL/BTC,1617232813604,2021-03-31T23:20:13.604Z,buy,5.236e-05,2.0,0.00010472
NEBL/BTC,1617232814228,2021-03-31T23:20:14.228Z,buy,5.236e-05,5.0,0.0002618
NEBL/BTC,1617232814748,2021-03-31T23:20:14.748Z,sell,5.234e-05,36.0,0.00188424
NEBL/BTC,1617232814748,2021-03-31T23:20:14.748Z,sell,5.233e-05,51.0,0.00266883
NEBL/BTC,1617232814748,2021-03-31T23:20:14.748Z,sell,5.174e-05,183.0,0.00946842
NEBL/BTC,1617232814748,2021-03-31T23:20:14.748Z,sell,5.171e-05,6.0,0.00031026
NEBL/BTC,1617232814778,2021-03-31T23:20:14.778Z,sell,5.172e-05,80.0,0.0041376
NEBL/BTC,1617232815014,2021-03-31T23:20:15.014Z,buy,5.195e-05,5.0,0.00025975
NEBL/BTC,1617232817660,2021-03-31T23:20:17.660Z,buy,5.235e-05,4.0,0.0002094
NEBL/BTC,1617232820481,2021-03-31T23:20:20.481Z,sell,5.195e-05,4.0,0.0002078
NEBL/BTC,1617232820481,2021-03-31T23:20:20.481Z,sell,5.194e-05,10.0,0.0005194
NEBL/BTC,1617232820481,2021-03-31T23:20:20.481Z,sell,5.187e-05,17.0,0.00088179
NEBL/BTC,1617232820481,2021-03-31T23:20:20.481Z,sell,5.168e-05,26.0,0.00134368
NEBL/BTC,1617232820481,2021-03-31T23:20:20.481Z,sell,5.161e-05,11.0,0.00056771
NEBL/BTC,1617232820481,2021-03-31T23:20:20.481Z,sell,5.147e-05,89.0,0.00458083
NEBL/BTC,1617232820481,2021-03-31T23:20:20.481Z,sell,5.146e-05,219.0,0.01126974
NEBL/BTC,1617232820481,2021-03-31T23:20:20.481Z,sell,5.142e-05,260.0,0.0133692
NEBL/BTC,1617232820481,2021-03-31T23:20:20.481Z,sell,5.141e-05,336.0,0.01727376
NEBL/BTC,1617232820481,2021-03-31T23:20:20.481Z,sell,5.138e-05,156.0,0.00801528
NEBL/BTC,1617232820481,2021-03-31T23:20:20.481Z,sell,5.136e-05,49.0,0.00251664
NEBL/BTC,1617232820481,2021-03-31T23:20:20.481Z,sell,5.133e-05,17.0,0.00087261
NEBL/BTC,1617232820481,2021-03-31T23:20:20.481Z,sell,5.132e-05,25.0,0.001283
NEBL/BTC,1617232820481,2021-03-31T23:20:20.481Z,sell,5.131e-05,12.0,0.00061572
NEBL/BTC,1617232820481,2021-03-31T23:20:20.481Z,sell,5.13e-05,41.0,0.0021033
NEBL/BTC,1617232820481,2021-03-31T23:20:20.481Z,sell,5.125e-05,12.0,0.000615
NEBL/BTC,1617232820481,2021-03-31T23:20:20.481Z,sell,5.124e-05,124.0,0.00635376
NEBL/BTC,1617232820481,2021-03-31T23:20:20.481Z,sell,5.122e-05,52.0,0.00266344
NEBL/BTC,1617232820481,2021-03-31T23:20:20.481Z,sell,5.108e-05,3.0,0.00015324
NEBL/BTC,1617232820481,2021-03-31T23:20:20.481Z,sell,5.106e-05,16.0,0.00081696
NEBL/BTC,1617232820481,2021-03-31T23:20:20.481Z,sell,5.102e-05,5.0,0.0002551
NEBL/BTC,1617232820481,2021-03-31T23:20:20.481Z,sell,5.101e-05,89.0,0.00453989
NEBL/BTC,1617232820624,2021-03-31T23:20:20.624Z,sell,5.148e-05,130.0,0.0066924
NEBL/BTC,1617232820624,2021-03-31T23:20:20.624Z,sell,5.102e-05,145.0,0.007397900000000001
NEBL/BTC,1617232820848,2021-03-31T23:20:20.848Z,sell,5.104e-05,32.0,0.00163328
NEBL/BTC,1617232821411,2021-03-31T23:20:21.411Z,sell,5.149e-05,9.0,0.00046341000000000004
NEBL/BTC,1617232821411,2021-03-31T23:20:21.411Z,sell,5.103e-05,6.0,0.00030617999999999997
NEBL/BTC,1617232821610,2021-03-31T23:20:21.610Z,sell,5.106e-05,11.0,0.0005616600000000001
NEBL/BTC,1617232821610,2021-03-31T23:20:21.610Z,sell,5.105e-05,8.0,0.0004084
NEBL/BTC,1617232822394,2021-03-31T23:20:22.394Z,buy,5.138e-05,3.0,0.00015413999999999998
NEBL/BTC,1617232822992,2021-03-31T23:20:22.992Z,sell,5.154e-05,4.0,0.00020616
NEBL/BTC,1617232822992,2021-03-31T23:20:22.992Z,sell,5.135e-05,5.0,0.00025675000000000003
NEBL/BTC,1617232823930,2021-03-31T23:20:23.930Z,sell,5.135e-05,4.0,0.0002054
NEBL/BTC,1617232823930,2021-03-31T23:20:23.930Z,sell,5.111e-05,2.0,0.00010222
NEBL/BTC,1617232823930,2021-03-31T23:20:23.930Z,sell,5.108e-05,3.0,0.00015324
NEBL/BTC,1617232825930,2021-03-31T23:20:25.930Z,sell,5.105e-05,15.0,0.00076575
NEBL/BTC,1617232825930,2021-03-31T23:20:25.930Z,sell,5.104e-05,48.0,0.00244992
NEBL/BTC,1617232825930,2021-03-31T23:20:25.930Z,sell,5.1e-05,2.0,0.000102
NEBL/BTC,1617232825930,2021-03-31T23:20:25.930Z,sell,5.098e-05,60.0,0.0030588000000000004
NEBL/BTC,1617232825930,2021-03-31T23:20:25.930Z,sell,5.093e-05,5.0,0.00025465000000000004
NEBL/BTC,1617232825930,2021-03-31T23:20:25.930Z,sell,5.084e-05,27.0,0.00137268
NEBL/BTC,1617232825960,2021-03-31T23:20:25.960Z,sell,5.106e-05,30.0,0.0015318
NEBL/BTC,1617232825960,2021-03-31T23:20:25.960Z,sell,5.086e-05,10.0,0.0005086
NEBL/BTC,1617232825960,2021-03-31T23:20:25.960Z,sell,5.084e-05,4.0,0.00020336
NEBL/BTC,1617232825960,2021-03-31T23:20:25.960Z,sell,5.078e-05,10.0,0.0005078
NEBL/BTC,1617232825960,2021-03-31T23:20:25.960Z,sell,5.077e-05,123.0,0.00624471
NEBL/BTC,1617232827397,2021-03-31T23:20:27.397Z,sell,5.084e-05,15.0,0.0007626
NEBL/BTC,1617232827397,2021-03-31T23:20:27.397Z,sell,5.083e-05,7.0,0.00035581
NEBL/BTC,1617232827397,2021-03-31T23:20:27.397Z,sell,5.082e-05,4.0,0.00020328
NEBL/BTC,1617232827397,2021-03-31T23:20:27.397Z,sell,5.077e-05,483.0,0.024521909999999997
NEBL/BTC,1617232827397,2021-03-31T23:20:27.397Z,sell,5.076e-05,19.0,0.00096444
NEBL/BTC,1617232827397,2021-03-31T23:20:27.397Z,sell,5.074e-05,23.0,0.00116702
NEBL/BTC,1617232827397,2021-03-31T23:20:27.397Z,sell,5.071e-05,3.0,0.00015213
NEBL/BTC,1617232827397,2021-03-31T23:20:27.397Z,sell,5.07e-05,2.0,0.0001014
NEBL/BTC,1617232827397,2021-03-31T23:20:27.397Z,sell,5.069e-05,177.0,0.00897213
NEBL/BTC,1617232827397,2021-03-31T23:20:27.397Z,sell,5.065e-05,37.0,0.00187405
NEBL/BTC,1617232827397,2021-03-31T23:20:27.397Z,sell,5.061e-05,127.0,0.006427469999999999
NEBL/BTC,1617232827397,2021-03-31T23:20:27.397Z,sell,5.055e-05,13.0,0.00065715
NEBL/BTC,1617232827397,2021-03-31T23:20:27.397Z,sell,5.054e-05,19.0,0.00096026
NEBL/BTC,1617232828243,2021-03-31T23:20:28.243Z,sell,5.09e-05,2.0,0.0001018
NEBL/BTC,1617232828243,2021-03-31T23:20:28.243Z,sell,5.084e-05,8.0,0.00040672
NEBL/BTC,1617232828243,2021-03-31T23:20:28.243Z,sell,5.054e-05,31.0,0.00156674
NEBL/BTC,1617232828470,2021-03-31T23:20:28.470Z,sell,5.091e-05,4.0,0.00020364
NEBL/BTC,1617232829494,2021-03-31T23:20:29.494Z,sell,5.057e-05,169.0,0.00854633
NEBL/BTC,1617232830531,2021-03-31T23:20:30.531Z,buy,5.095e-05,158.0,0.0080501
NEBL/BTC,1617232830637,2021-03-31T23:20:30.637Z,buy,5.095e-05,61.0,0.00310795
NEBL/BTC,1617232832159,2021-03-31T23:20:32.159Z,buy,5.104e-05,4.0,0.00020416
NEBL/BTC,1617232834183,2021-03-31T23:20:34.183Z,buy,5.104e-05,5.0,0.0002552
NEBL/BTC,1617232834407,2021-03-31T23:20:34.407Z,buy,5.104e-05,4.0,0.00020416
NEBL/BTC,1617232843466,2021-03-31T23:20:43.466Z,buy,5.103e-05,3.0,0.00015308999999999999
NEBL/BTC,1617232863451,2021-03-31T23:21:03.451Z,buy,5.103e-05,5.0,0.00025515
NEBL/BTC,1617232863477,2021-03-31T23:21:03.477Z,buy,5.104e-05,17.0,0.00086768
NEBL/BTC,1617232863505,2021-03-31T23:21:03.505Z,buy,5.105e-05,17.0,0.00086785
NEBL/BTC,1617232863533,2021-03-31T23:21:03.533Z,buy,5.105e-05,17.0,0.00086785
NEBL/BTC,1617232864750,2021-03-31T23:21:04.750Z,buy,5.105e-05,45.0,0.0022972500000000002
NEBL/BTC,1617232864750,2021-03-31T23:21:04.750Z,buy,5.106e-05,13.0,0.00066378
NEBL/BTC,1617232864750,2021-03-31T23:21:04.750Z,buy,5.111e-05,25.0,0.00127775
NEBL/BTC,1617232878434,2021-03-31T23:21:18.434Z,sell,5.105e-05,4.0,0.0002042
NEBL/BTC,1617232878869,2021-03-31T23:21:18.869Z,sell,5.105e-05,20.0,0.001021
NEBL/BTC,1617232878981,2021-03-31T23:21:18.981Z,sell,5.105e-05,2.0,0.0001021
NEBL/BTC,1617232879062,2021-03-31T23:21:19.062Z,sell,5.105e-05,3.0,0.00015315
NEBL/BTC,1617232879227,2021-03-31T23:21:19.227Z,sell,5.105e-05,4.0,0.0002042
NEBL/BTC,1617232879227,2021-03-31T23:21:19.227Z,sell,5.105e-05,4.0,0.0002042
NEBL/BTC,1617232880819,2021-03-31T23:21:20.819Z,sell,5.105e-05,12.0,0.0006126
NEBL/BTC,1617232880853,2021-03-31T23:21:20.853Z,sell,5.105e-05,22.0,0.0011231
NEBL/BTC,1617232880865,2021-03-31T23:21:20.865Z,sell,5.105e-05,13.0,0.00066365
NEBL/BTC,1617232880928,2021-03-31T23:21:20.928Z,sell,5.105e-05,12.0,0.0006126
NEBL/BTC,1617232894591,2021-03-31T23:21:34.591Z,buy,5.11e-05,26.0,0.0013286
NEBL/BTC,1617232899363,2021-03-31T23:21:39.363Z,buy,5.11e-05,8.0,0.0004088
NEBL/BTC,1617232915338,2021-03-31T23:21:55.338Z,sell,5.105e-05,5.0,0.00025525
NEBL/BTC,1617232916441,2021-03-31T23:21:56.441Z,buy,5.11e-05,14.0,0.0007154
NEBL/BTC,1617232919389,2021-03-31T23:21:59.389Z,buy,5.111e-05,3.0,0.00015333
NEBL/BTC,1617232943002,2021-03-31T23:22:23.002Z,sell,5.11e-05,6.0,0.0003066
NEBL/BTC,1617232943002,2021-03-31T23:22:23.002Z,sell,5.105e-05,7.0,0.00035735
NEBL/BTC,1617232943002,2021-03-31T23:22:23.002Z,sell,5.095e-05,21.0,0.00106995
NEBL/BTC,1617232972322,2021-03-31T23:22:52.322Z,buy,5.103e-05,5.0,0.00025515
NEBL/BTC,1617232998557,2021-03-31T23:23:18.557Z,sell,5.095e-05,10.0,0.0005095
NEBL/BTC,1617232998670,2021-03-31T23:23:18.670Z,sell,5.095e-05,10.0,0.0005095
NEBL/BTC,1617232998886,2021-03-31T23:23:18.886Z,sell,5.095e-05,11.0,0.00056045
NEBL/BTC,1617232999723,2021-03-31T23:23:19.723Z,sell,5.095e-05,2.0,0.0001019
NEBL/BTC,1617232999979,2021-03-31T23:23:19.979Z,sell,5.095e-05,12.0,0.0006114
NEBL/BTC,1617233037380,2021-03-31T23:23:57.380Z,sell,5.095e-05,118.0,0.006012099999999999
NEBL/BTC,1617233076226,2021-03-31T23:24:36.226Z,buy,5.094e-05,13.0,0.0006622199999999999
NEBL/BTC,1617233121974,2021-03-31T23:25:21.974Z,sell,5.08e-05,13.0,0.0006604
NEBL/BTC,1617233161324,2021-03-31T23:26:01.324Z,buy,5.09e-05,5.0,0.0002545
NEBL/BTC,1617233179256,2021-03-31T23:26:19.256Z,sell,5.081e-05,30.0,0.0015243000000000001
NEBL/BTC,1617233251599,2021-03-31T23:27:31.599Z,sell,5.081e-05,492.0,0.024998520000000003
NEBL/BTC,1617233261986,2021-03-31T23:27:41.986Z,buy,5.086e-05,5.0,0.0002543
NEBL/BTC,1617233293561,2021-03-31T23:28:13.561Z,sell,5.081e-05,283.0,0.014379230000000002
NEBL/BTC,1617233293561,2021-03-31T23:28:13.561Z,sell,5.08e-05,896.0,0.0455168
NEBL/BTC,1617233353218,2021-03-31T23:29:13.218Z,sell,5.08e-05,16.0,0.0008128
NEBL/BTC,1617233420240,2021-03-31T23:30:20.240Z,sell,5.08e-05,13.0,0.0006604
NEBL/BTC,1617233625759,2021-03-31T23:33:45.759Z,buy,5.085e-05,203.0,0.01032255
NEBL/BTC,1617233626169,2021-03-31T23:33:46.169Z,buy,5.085e-05,94.0,0.0047799
NEBL/BTC,1617233715526,2021-03-31T23:35:15.526Z,buy,5.085e-05,84.0,0.0042714
NEBL/BTC,1617233715526,2021-03-31T23:35:15.526Z,buy,5.085e-05,86.0,0.0043731
NEBL/BTC,1617233715526,2021-03-31T23:35:15.526Z,buy,5.085e-05,86.0,0.0043731
NEBL/BTC,1617233715526,2021-03-31T23:35:15.526Z,buy,5.085e-05,86.0,0.0043731
NEBL/BTC,1617233715526,2021-03-31T23:35:15.526Z,buy,5.085e-05,86.0,0.0043731
NEBL/BTC,1617233715526,2021-03-31T23:35:15.526Z,buy,5.085e-05,86.0,0.0043731
NEBL/BTC,1617233715526,2021-03-31T23:35:15.526Z,buy,5.085e-05,74.0,0.0037629
NEBL/BTC,1617233715526,2021-03-31T23:35:15.526Z,buy,5.086e-05,12.0,0.0006103199999999999
NEBL/BTC,1617233715526,2021-03-31T23:35:15.526Z,buy,5.086e-05,70.0,0.0035602
NEBL/BTC,1617233715526,2021-03-31T23:35:15.526Z,buy,5.094e-05,16.0,0.00081504
NEBL/BTC,1617233721507,2021-03-31T23:35:21.507Z,buy,5.094e-05,7.0,0.00035658
NEBL/BTC,1617233722101,2021-03-31T23:35:22.101Z,buy,5.094e-05,23.0,0.00117162
NEBL/BTC,1617233722101,2021-03-31T23:35:22.101Z,buy,5.095e-05,2.0,0.0001019
NEBL/BTC,1617233722101,2021-03-31T23:35:22.101Z,buy,5.102e-05,13.0,0.00066326
NEBL/BTC,1617233742846,2021-03-31T23:35:42.846Z,sell,5.082e-05,4.0,0.00020328
NEBL/BTC,1617233742846,2021-03-31T23:35:42.846Z,sell,5.081e-05,55.0,0.0027945500000000002
NEBL/BTC,1617233822866,2021-03-31T23:37:02.866Z,sell,5.082e-05,10.0,0.0005082
NEBL/BTC,1617233835805,2021-03-31T23:37:15.805Z,buy,5.102e-05,4.0,0.00020408
NEBL/BTC,1617233901169,2021-03-31T23:38:21.169Z,buy,5.102e-05,1056.0,0.05387712
NEBL/BTC,1617233912259,2021-03-31T23:38:32.259Z,buy,5.103e-05,156.0,0.00796068
NEBL/BTC,1617233917526,2021-03-31T23:38:37.526Z,buy,5.103e-05,20.0,0.0010206
NEBL/BTC,1617233948318,2021-03-31T23:39:08.318Z,buy,5.103e-05,79.0,0.004031369999999999
NEBL/BTC,1617233983435,2021-03-31T23:39:43.435Z,buy,5.104e-05,106.0,0.00541024
NEBL/BTC,1617233998726,2021-03-31T23:39:58.726Z,sell,5.104e-05,32.0,0.00163328
NEBL/BTC,1617233998730,2021-03-31T23:39:58.730Z,sell,5.104e-05,13.0,0.00066352
NEBL/BTC,1617234021949,2021-03-31T23:40:21.949Z,buy,5.106e-05,10.0,0.0005106
NEBL/BTC,1617234054474,2021-03-31T23:40:54.474Z,buy,5.11e-05,1000.0,0.0511
NEBL/BTC,1617234071304,2021-03-31T23:41:11.304Z,buy,5.11e-05,7.0,0.0003577
NEBL/BTC,1617234090671,2021-03-31T23:41:30.671Z,buy,5.111e-05,61.0,0.0031177099999999997
NEBL/BTC,1617234090671,2021-03-31T23:41:30.671Z,buy,5.112e-05,86.0,0.00439632
NEBL/BTC,1617234090671,2021-03-31T23:41:30.671Z,buy,5.117e-05,6.0,0.00030701999999999997
NEBL/BTC,1617234090671,2021-03-31T23:41:30.671Z,buy,5.121e-05,5.0,0.00025605
NEBL/BTC,1617234090671,2021-03-31T23:41:30.671Z,buy,5.125e-05,19.0,0.00097375
NEBL/BTC,1617234090671,2021-03-31T23:41:30.671Z,buy,5.13e-05,19.0,0.0009747
NEBL/BTC,1617234090671,2021-03-31T23:41:30.671Z,buy,5.133e-05,9.0,0.00046196999999999997
NEBL/BTC,1617234090671,2021-03-31T23:41:30.671Z,buy,5.141e-05,34.0,0.00174794
NEBL/BTC,1617234114803,2021-03-31T23:41:54.803Z,buy,5.141e-05,62.0,0.00318742
NEBL/BTC,1617234114811,2021-03-31T23:41:54.811Z,sell,5.141e-05,15.0,0.00077115
NEBL/BTC,1617234114884,2021-03-31T23:41:54.884Z,sell,5.141e-05,186.0,0.00956226
NEBL/BTC,1617234118172,2021-03-31T23:41:58.172Z,sell,5.141e-05,30.0,0.0015423
NEBL/BTC,1617234140493,2021-03-31T23:42:20.493Z,sell,5.141e-05,62.0,0.00318742
NEBL/BTC,1617234143996,2021-03-31T23:42:23.996Z,sell,5.112e-05,157.0,0.00802584
NEBL/BTC,1617234145398,2021-03-31T23:42:25.398Z,sell,5.111e-05,4.0,0.00020444
NEBL/BTC,1617234145823,2021-03-31T23:42:25.823Z,buy,5.14e-05,126.0,0.0064764
NEBL/BTC,1617234164998,2021-03-31T23:42:44.998Z,buy,5.141e-05,96.0,0.00493536
NEBL/BTC,1617234169958,2021-03-31T23:42:49.958Z,buy,5.141e-05,24.0,0.00123384
NEBL/BTC,1617234181684,2021-03-31T23:43:01.684Z,buy,5.141e-05,81.0,0.00416421
NEBL/BTC,1617234187551,2021-03-31T23:43:07.551Z,buy,5.141e-05,30.0,0.0015423
NEBL/BTC,1617234197473,2021-03-31T23:43:17.473Z,buy,5.141e-05,289.0,0.01485749
NEBL/BTC,1617234197473,2021-03-31T23:43:17.473Z,buy,5.147e-05,29.0,0.00149263
NEBL/BTC,1617234209840,2021-03-31T23:43:29.840Z,buy,5.147e-05,29.0,0.00149263
NEBL/BTC,1617234209846,2021-03-31T23:43:29.846Z,buy,5.147e-05,26.0,0.00133822
NEBL/BTC,1617234209862,2021-03-31T23:43:29.862Z,sell,5.14e-05,13.0,0.0006682000000000001
NEBL/BTC,1617234209870,2021-03-31T23:43:29.870Z,sell,5.14e-05,13.0,0.0006682000000000001
NEBL/BTC,1617234286647,2021-03-31T23:44:46.647Z,sell,5.14e-05,6.0,0.0003084
NEBL/BTC,1617234367896,2021-03-31T23:46:07.896Z,sell,5.141e-05,2.0,0.00010282
NEBL/BTC,1617234466081,2021-03-31T23:47:46.081Z,buy,5.147e-05,29.0,0.00149263
NEBL/BTC,1617234497581,2021-03-31T23:48:17.581Z,buy,5.147e-05,50.0,0.0025735
NEBL/BTC,1617234516347,2021-03-31T23:48:36.347Z,buy,5.148e-05,3.0,0.00015444
NEBL/BTC,1617234544078,2021-03-31T23:49:04.078Z,buy,5.148e-05,2.0,0.00010296
NEBL/BTC,1617234561315,2021-03-31T23:49:21.315Z,sell,5.148e-05,270.0,0.0138996
NEBL/BTC,1617234621373,2021-03-31T23:50:21.373Z,sell,5.147e-05,197.0,0.01013959
NEBL/BTC,1617234621373,2021-03-31T23:50:21.373Z,sell,5.141e-05,84.0,0.00431844
NEBL/BTC,1617234621373,2021-03-31T23:50:21.373Z,sell,5.14e-05,16.0,0.0008224
NEBL/BTC,1617234621373,2021-03-31T23:50:21.373Z,sell,5.111e-05,39.0,0.00199329
NEBL/BTC,1617234655320,2021-03-31T23:50:55.320Z,sell,5.111e-05,43.0,0.0021977299999999997
NEBL/BTC,1617234875704,2021-03-31T23:54:35.704Z,buy,5.148e-05,2.0,0.00010296
NEBL/BTC,1617234915217,2021-03-31T23:55:15.217Z,sell,5.111e-05,308.0,0.01574188
NEBL/BTC,1617234961959,2021-03-31T23:56:01.959Z,buy,5.148e-05,36.0,0.0018532800000000001
NEBL/BTC,1617234997839,2021-03-31T23:56:37.839Z,sell,5.111e-05,222.0,0.01134642
NEBL/BTC,1617234997846,2021-03-31T23:56:37.846Z,buy,5.111e-05,17.0,0.00086887
NEBL/BTC,1617235042895,2021-03-31T23:57:22.895Z,sell,5.11e-05,3.0,0.0001533
NEBL/BTC,1617235042917,2021-03-31T23:57:22.917Z,buy,5.11e-05,29.0,0.0014819
NEBL/BTC,1617235042921,2021-03-31T23:57:22.921Z,buy,5.11e-05,17.0,0.0008687
NEBL/BTC,1617235042940,2021-03-31T23:57:22.940Z,buy,5.11e-05,10.0,0.0005110000000000001
NEBL/BTC,1617235095908,2021-03-31T23:58:15.908Z,buy,5.11e-05,3.0,0.0001533
NEBL/BTC,1617235154262,2021-03-31T23:59:14.262Z,buy,5.11e-05,122.0,0.0062342000000000005
NEBL/BTC,1617235154262,2021-03-31T23:59:14.262Z,buy,5.11e-05,11.0,0.0005621000000000001
NEBL/BTC,1617235154262,2021-03-31T23:59:14.262Z,buy,5.11e-05,122.0,0.0062342000000000005
NEBL/BTC,1617235154262,2021-03-31T23:59:14.262Z,buy,5.11e-05,11.0,0.0005621000000000001
NEBL/BTC,1617235203526,2021-04-01T00:00:03.526Z,sell,5.109e-05,2.0,0.00010218
NEBL/BTC,1617235253263,2021-04-01T00:00:53.263Z,buy,5.148e-05,49.0,0.00252252
NEBL/BTC,1617235258765,2021-04-01T00:00:58.765Z,buy,5.148e-05,81.0,0.00416988
NEBL/BTC,1617235258765,2021-04-01T00:00:58.765Z,buy,5.15e-05,5.0,0.00025749999999999997
NEBL/BTC,1617235258765,2021-04-01T00:00:58.765Z,buy,5.16e-05,9.0,0.0004644
NEBL/BTC,1617235258765,2021-04-01T00:00:58.765Z,buy,5.162e-05,12.0,0.00061944
NEBL/BTC,1617235261928,2021-04-01T00:01:01.928Z,sell,5.162e-05,35.0,0.0018066999999999998
NEBL/BTC,1617235262260,2021-04-01T00:01:02.260Z,buy,5.164e-05,21.0,0.00108444
NEBL/BTC,1617235262260,2021-04-01T00:01:02.260Z,buy,5.175e-05,5.0,0.00025875
NEBL/BTC,1617235262260,2021-04-01T00:01:02.260Z,buy,5.179e-05,50.0,0.0025895
NEBL/BTC,1617235262260,2021-04-01T00:01:02.260Z,buy,5.182e-05,3.0,0.00015546
NEBL/BTC,1617235262460,2021-04-01T00:01:02.460Z,sell,5.162e-05,365.0,0.0188413
NEBL/BTC,1617235274431,2021-04-01T00:01:14.431Z,buy,5.182e-05,1.0,5.182e-05
NEBL/BTC,1617235292541,2021-04-01T00:01:32.541Z,sell,5.163e-05,44.0,0.00227172
NEBL/BTC,1617235292541,2021-04-01T00:01:32.541Z,sell,5.162e-05,132.0,0.00681384
NEBL/BTC,1617235292564,2021-04-01T00:01:32.564Z,sell,5.163e-05,19.0,0.00098097
NEBL/BTC,1617235294333,2021-04-01T00:01:34.333Z,buy,5.182e-05,41.0,0.0021246200000000002
NEBL/BTC,1617235295543,2021-04-01T00:01:35.543Z,sell,5.182e-05,133.0,0.00689206
NEBL/BTC,1617235295543,2021-04-01T00:01:35.543Z,sell,5.162e-05,1431.0,0.07386822
NEBL/BTC,1617235307814,2021-04-01T00:01:47.814Z,buy,5.184e-05,41.0,0.00212544
NEBL/BTC,1617235339682,2021-04-01T00:02:19.682Z,buy,5.185e-05,3.0,0.00015555
NEBL/BTC,1617235339682,2021-04-01T00:02:19.682Z,buy,5.192e-05,9.0,0.00046728
NEBL/BTC,1617235339682,2021-04-01T00:02:19.682Z,buy,5.202e-05,31.0,0.00161262
NEBL/BTC,1617235339682,2021-04-01T00:02:19.682Z,buy,5.207e-05,5.0,0.00026035
NEBL/BTC,1617235339682,2021-04-01T00:02:19.682Z,buy,5.221e-05,53.0,0.00276713
NEBL/BTC,1617235339682,2021-04-01T00:02:19.682Z,buy,5.222e-05,3.0,0.00015665999999999998
NEBL/BTC,1617235339689,2021-04-01T00:02:19.689Z,sell,5.222e-05,55.0,0.0028721
NEBL/BTC,1617235339691,2021-04-01T00:02:19.691Z,sell,5.222e-05,13.0,0.00067886
NEBL/BTC,1617235339754,2021-04-01T00:02:19.754Z,sell,5.222e-05,20.0,0.0010444
NEBL/BTC,1617235339839,2021-04-01T00:02:19.839Z,sell,5.222e-05,6.0,0.00031331999999999996
NEBL/BTC,1617235339851,2021-04-01T00:02:19.851Z,sell,5.184e-05,6.0,0.00031104
NEBL/BTC,1617235348066,2021-04-01T00:02:28.066Z,buy,5.222e-05,33.0,0.00172326
NEBL/BTC,1617235359118,2021-04-01T00:02:39.118Z,buy,5.223e-05,6.0,0.00031338
NEBL/BTC,1617235362672,2021-04-01T00:02:42.672Z,buy,5.225e-05,137.0,0.0071582500000000005
NEBL/BTC,1617235371175,2021-04-01T00:02:51.175Z,sell,5.225e-05,9.0,0.00047025
NEBL/BTC,1617235371511,2021-04-01T00:02:51.511Z,sell,5.225e-05,21.0,0.0010972500000000001
NEBL/BTC,1617235376066,2021-04-01T00:02:56.066Z,sell,5.225e-05,23.0,0.0012017500000000001
NEBL/BTC,1617235376454,2021-04-01T00:02:56.454Z,buy,5.225e-05,20.0,0.0010450000000000001
NEBL/BTC,1617235377805,2021-04-01T00:02:57.805Z,sell,5.223e-05,271.0,0.01415433
NEBL/BTC,1617235395773,2021-04-01T00:03:15.773Z,buy,5.225e-05,48.0,0.0025080000000000002
NEBL/BTC,1617235407802,2021-04-01T00:03:27.802Z,buy,5.225e-05,1255.0,0.06557375
NEBL/BTC,1617235407859,2021-04-01T00:03:27.859Z,sell,5.222e-05,12.0,0.0006266399999999999
NEBL/BTC,1617235418489,2021-04-01T00:03:38.489Z,buy,5.225e-05,2.0,0.0001045
NEBL/BTC,1617235418507,2021-04-01T00:03:38.507Z,sell,5.222e-05,2.0,0.00010444
NEBL/BTC,1617235418533,2021-04-01T00:03:38.533Z,sell,5.222e-05,28.0,0.00146216
NEBL/BTC,1617235418668,2021-04-01T00:03:38.668Z,sell,5.222e-05,28.0,0.00146216
NEBL/BTC,1617235418694,2021-04-01T00:03:38.694Z,sell,5.222e-05,28.0,0.00146216
NEBL/BTC,1617235418747,2021-04-01T00:03:38.747Z,sell,5.222e-05,28.0,0.00146216
NEBL/BTC,1617235418772,2021-04-01T00:03:38.772Z,sell,5.222e-05,28.0,0.00146216
NEBL/BTC,1617235418836,2021-04-01T00:03:38.836Z,sell,5.222e-05,19.0,0.00099218
NEBL/BTC,1617235424374,2021-04-01T00:03:44.374Z,sell,5.222e-05,17.0,0.0008877399999999999
NEBL/BTC,1617235427594,2021-04-01T00:03:47.594Z,buy,5.224e-05,4.0,0.00020896
NEBL/BTC,1617235446243,2021-04-01T00:04:06.243Z,sell,5.222e-05,3.0,0.00015665999999999998
NEBL/BTC,1617235455780,2021-04-01T00:04:15.780Z,buy,5.224e-05,46.0,0.00240304
NEBL/BTC,1617235464110,2021-04-01T00:04:24.110Z,buy,5.224e-05,22.0,0.00114928
NEBL/BTC,1617235483138,2021-04-01T00:04:43.138Z,buy,5.224e-05,29.0,0.00151496
NEBL/BTC,1617235483138,2021-04-01T00:04:43.138Z,buy,5.225e-05,1588.0,0.082973
NEBL/BTC,1617235492024,2021-04-01T00:04:52.024Z,buy,5.225e-05,5.0,0.00026125000000000003
NEBL/BTC,1617235493971,2021-04-01T00:04:53.971Z,sell,5.222e-05,20.0,0.0010444
NEBL/BTC,1617235509335,2021-04-01T00:05:09.335Z,buy,5.223e-05,2.0,0.00010446
NEBL/BTC,1617235528709,2021-04-01T00:05:28.709Z,buy,5.223e-05,24.0,0.00125352
NEBL/BTC,1617235528743,2021-04-01T00:05:28.743Z,buy,5.223e-05,134.0,0.00699882
NEBL/BTC,1617235533066,2021-04-01T00:05:33.066Z,sell,5.222e-05,2.0,0.00010444
NEBL/BTC,1617235544354,2021-04-01T00:05:44.354Z,sell,5.222e-05,43.0,0.00224546
NEBL/BTC,1617235544354,2021-04-01T00:05:44.354Z,sell,5.184e-05,3.0,0.00015552
NEBL/BTC,1617235550471,2021-04-01T00:05:50.471Z,sell,5.186e-05,130.0,0.0067418
NEBL/BTC,1617235550471,2021-04-01T00:05:50.471Z,sell,5.185e-05,9.0,0.00046665
NEBL/BTC,1617235550471,2021-04-01T00:05:50.471Z,sell,5.184e-05,16.0,0.00082944
NEBL/BTC,1617235552651,2021-04-01T00:05:52.651Z,sell,5.184e-05,6.0,0.00031104
NEBL/BTC,1617235553188,2021-04-01T00:05:53.188Z,sell,5.184e-05,2.0,0.00010368
NEBL/BTC,1617235571477,2021-04-01T00:06:11.477Z,buy,5.201e-05,4.0,0.00020804
NEBL/BTC,1617235582042,2021-04-01T00:06:22.042Z,buy,5.201e-05,5.0,0.00026005
NEBL/BTC,1617235596833,2021-04-01T00:06:36.833Z,buy,5.222e-05,10.0,0.0005222
NEBL/BTC,1617235610587,2021-04-01T00:06:50.587Z,buy,5.222e-05,356.0,0.01859032
NEBL/BTC,1617235615516,2021-04-01T00:06:55.516Z,buy,5.222e-05,45.0,0.0023499
NEBL/BTC,1617235625364,2021-04-01T00:07:05.364Z,sell,5.202e-05,9.0,0.00046818
NEBL/BTC,1617235626368,2021-04-01T00:07:06.368Z,sell,5.201e-05,2.0,0.00010402
NEBL/BTC,1617235627377,2021-04-01T00:07:07.377Z,sell,5.186e-05,105.0,0.0054453
NEBL/BTC,1617235637906,2021-04-01T00:07:17.906Z,buy,5.216e-05,2.0,0.00010432
NEBL/BTC,1617235663750,2021-04-01T00:07:43.750Z,buy,5.218e-05,2.0,0.00010436
NEBL/BTC,1617235666263,2021-04-01T00:07:46.263Z,sell,5.217e-05,9.0,0.00046952999999999996
NEBL/BTC,1617235666744,2021-04-01T00:07:46.744Z,sell,5.216e-05,22.0,0.00114752
NEBL/BTC,1617235685878,2021-04-01T00:08:05.878Z,buy,5.218e-05,2.0,0.00010436
NEBL/BTC,1617235714586,2021-04-01T00:08:34.586Z,buy,5.218e-05,2.0,0.00010436
NEBL/BTC,1617235754047,2021-04-01T00:09:14.047Z,buy,5.218e-05,5.0,0.0002609
NEBL/BTC,1617235756349,2021-04-01T00:09:16.349Z,buy,5.218e-05,3.0,0.00015654
NEBL/BTC,1617235757573,2021-04-01T00:09:17.573Z,buy,5.218e-05,2.0,0.00010436
NEBL/BTC,1617235779057,2021-04-01T00:09:39.057Z,buy,5.218e-05,100.0,0.0052179999999999995
NEBL/BTC,1617235788204,2021-04-01T00:09:48.204Z,buy,5.221e-05,3.0,0.00015663
NEBL/BTC,1617235788835,2021-04-01T00:09:48.835Z,sell,5.218e-05,459.0,0.02395062
NEBL/BTC,1617235791028,2021-04-01T00:09:51.028Z,buy,5.221e-05,38.0,0.00198398
NEBL/BTC,1617235795724,2021-04-01T00:09:55.724Z,buy,5.221e-05,2.0,0.00010442
NEBL/BTC,1617235811591,2021-04-01T00:10:11.591Z,buy,5.221e-05,897.0,0.046832370000000005
NEBL/BTC,1617235847931,2021-04-01T00:10:47.931Z,buy,5.222e-05,4.0,0.00020888
NEBL/BTC,1617235861615,2021-04-01T00:11:01.615Z,buy,5.222e-05,102.0,0.00532644
NEBL/BTC,1617235863260,2021-04-01T00:11:03.260Z,buy,5.222e-05,166.0,0.008668519999999999
NEBL/BTC,1617235931107,2021-04-01T00:12:11.107Z,sell,5.221e-05,131.0,0.00683951
NEBL/BTC,1617235931107,2021-04-01T00:12:11.107Z,sell,5.22e-05,28.0,0.0014616
NEBL/BTC,1617235970368,2021-04-01T00:12:50.368Z,sell,5.218e-05,1.0,5.218e-05
NEBL/BTC,1617235979985,2021-04-01T00:12:59.985Z,buy,5.22e-05,73.0,0.0038106
NEBL/BTC,1617236021360,2021-04-01T00:13:41.360Z,sell,5.22e-05,5.0,0.000261
NEBL/BTC,1617236031900,2021-04-01T00:13:51.900Z,sell,5.22e-05,13.0,0.0006786
NEBL/BTC,1617236038320,2021-04-01T00:13:58.320Z,sell,5.22e-05,732.0,0.0382104
NEBL/BTC,1617236045325,2021-04-01T00:14:05.325Z,buy,5.22e-05,191.0,0.0099702
NEBL/BTC,1617236098420,2021-04-01T00:14:58.420Z,buy,5.22e-05,79.0,0.0041238
NEBL/BTC,1617236166593,2021-04-01T00:16:06.593Z,sell,5.218e-05,2.0,0.00010436
NEBL/BTC,1617236167058,2021-04-01T00:16:07.058Z,buy,5.22e-05,299.0,0.0156078
NEBL/BTC,1617236195279,2021-04-01T00:16:35.279Z,buy,5.22e-05,63.0,0.0032886
NEBL/BTC,1617236198794,2021-04-01T00:16:38.794Z,buy,5.22e-05,154.0,0.0080388
NEBL/BTC,1617236293449,2021-04-01T00:18:13.449Z,sell,5.218e-05,427.0,0.02228086
NEBL/BTC,1617236305507,2021-04-01T00:18:25.507Z,buy,5.218e-05,573.0,0.029899139999999998
NEBL/BTC,1617236319057,2021-04-01T00:18:39.057Z,sell,5.218e-05,524.0,0.02734232
NEBL/BTC,1617236409144,2021-04-01T00:20:09.144Z,buy,5.218e-05,108.0,0.00563544
NEBL/BTC,1617236428289,2021-04-01T00:20:28.289Z,buy,5.218e-05,13.0,0.0006783399999999999
NEBL/BTC,1617236560320,2021-04-01T00:22:40.320Z,buy,5.218e-05,354.0,0.01847172
NEBL/BTC,1617236599222,2021-04-01T00:23:19.222Z,buy,5.218e-05,11.0,0.00057398
NEBL/BTC,1617236662119,2021-04-01T00:24:22.119Z,sell,5.212e-05,2.0,0.00010424
NEBL/BTC,1617236746098,2021-04-01T00:25:46.098Z,sell,5.207e-05,4.0,0.00020828
NEBL/BTC,1617236931418,2021-04-01T00:28:51.418Z,buy,5.218e-05,6.0,0.00031308
NEBL/BTC,1617237056965,2021-04-01T00:30:56.965Z,buy,5.218e-05,325.0,0.016958499999999998
NEBL/BTC,1617237077473,2021-04-01T00:31:17.473Z,buy,5.218e-05,7.0,0.00036526
NEBL/BTC,1617237104560,2021-04-01T00:31:44.560Z,buy,5.218e-05,252.0,0.013149359999999999
NEBL/BTC,1617237104560,2021-04-01T00:31:44.560Z,buy,5.229e-05,19.0,0.00099351
NEBL/BTC,1617237104560,2021-04-01T00:31:44.560Z,buy,5.231e-05,11.0,0.0005754099999999999
NEBL/BTC,1617237104560,2021-04-01T00:31:44.560Z,buy,5.232e-05,3.0,0.00015696
NEBL/BTC,1617237104560,2021-04-01T00:31:44.560Z,buy,5.233e-05,4.0,0.00020932
NEBL/BTC,1617237104560,2021-04-01T00:31:44.560Z,buy,5.236e-05,9.0,0.00047124
NEBL/BTC,1617237104560,2021-04-01T00:31:44.560Z,buy,5.237e-05,4.0,0.00020948
NEBL/BTC,1617237104560,2021-04-01T00:31:44.560Z,buy,5.238e-05,19.0,0.00099522
NEBL/BTC,1617237104560,2021-04-01T00:31:44.560Z,buy,5.239e-05,45.0,0.00235755
NEBL/BTC,1617237123901,2021-04-01T00:32:03.901Z,buy,5.239e-05,2.0,0.00010478
NEBL/BTC,1617237159354,2021-04-01T00:32:39.354Z,buy,5.239e-05,5.0,0.00026195
NEBL/BTC,1617237181740,2021-04-01T00:33:01.740Z,buy,5.239e-05,145.0,0.00759655
NEBL/BTC,1617237188871,2021-04-01T00:33:08.871Z,buy,5.239e-05,157.0,0.00822523
NEBL/BTC,1617237199064,2021-04-01T00:33:19.064Z,buy,5.24e-05,2.0,0.0001048
NEBL/BTC,1617237200200,2021-04-01T00:33:20.200Z,buy,5.24e-05,4.0,0.0002096
NEBL/BTC,1617237212083,2021-04-01T00:33:32.083Z,sell,5.239e-05,2.0,0.00010478
NEBL/BTC,1617237218699,2021-04-01T00:33:38.699Z,buy,5.24e-05,2.0,0.0001048
NEBL/BTC,1617237222999,2021-04-01T00:33:42.999Z,buy,5.24e-05,57.0,0.0029868
NEBL/BTC,1617237227281,2021-04-01T00:33:47.281Z,buy,5.243e-05,12.0,0.0006291599999999999
NEBL/BTC,1617237234771,2021-04-01T00:33:54.771Z,buy,5.243e-05,677.0,0.035495109999999996
NEBL/BTC,1617237235288,2021-04-01T00:33:55.288Z,sell,5.243e-05,6.0,0.00031457999999999996
NEBL/BTC,1617237265696,2021-04-01T00:34:25.696Z,buy,5.245e-05,30.0,0.0015735
NEBL/BTC,1617237265696,2021-04-01T00:34:25.696Z,buy,5.247e-05,5.0,0.00026235
NEBL/BTC,1617237265696,2021-04-01T00:34:25.696Z,buy,5.249e-05,15.0,0.00078735
NEBL/BTC,1617237320331,2021-04-01T00:35:20.331Z,buy,5.248e-05,2.0,0.00010496
NEBL/BTC,1617237347651,2021-04-01T00:35:47.651Z,buy,5.249e-05,2.0,0.00010498
NEBL/BTC,1617237347651,2021-04-01T00:35:47.651Z,buy,5.25e-05,449.0,0.0235725
NEBL/BTC,1617237387796,2021-04-01T00:36:27.796Z,sell,5.243e-05,2.0,0.00010486
NEBL/BTC,1617237398771,2021-04-01T00:36:38.771Z,buy,5.25e-05,2.0,0.000105
NEBL/BTC,1617237407614,2021-04-01T00:36:47.614Z,buy,5.25e-05,15.0,0.0007875
NEBL/BTC,1617237479713,2021-04-01T00:37:59.713Z,buy,5.25e-05,12.0,0.00063
NEBL/BTC,1617237485865,2021-04-01T00:38:05.865Z,buy,5.25e-05,10.0,0.0005250000000000001
NEBL/BTC,1617237562895,2021-04-01T00:39:22.895Z,sell,5.244e-05,14.0,0.00073416
NEBL/BTC,1617237562926,2021-04-01T00:39:22.926Z,sell,5.244e-05,12.0,0.00062928
NEBL/BTC,1617237562971,2021-04-01T00:39:22.971Z,sell,5.244e-05,11.0,0.00057684
NEBL/BTC,1617237563007,2021-04-01T00:39:23.007Z,sell,5.244e-05,10.0,0.0005244
NEBL/BTC,1617237653265,2021-04-01T00:40:53.265Z,sell,5.244e-05,56.0,0.00293664
NEBL/BTC,1617237665923,2021-04-01T00:41:05.923Z,buy,5.249e-05,144.0,0.00755856
NEBL/BTC,1617237765322,2021-04-01T00:42:45.322Z,buy,5.249e-05,11.0,0.00057739
NEBL/BTC,1617237894504,2021-04-01T00:44:54.504Z,buy,5.248e-05,5.0,0.0002624
NEBL/BTC,1617237934040,2021-04-01T00:45:34.040Z,buy,5.249e-05,11.0,0.00057739
NEBL/BTC,1617237940320,2021-04-01T00:45:40.320Z,sell,5.248e-05,236.0,0.01238528
NEBL/BTC,1617237977182,2021-04-01T00:46:17.182Z,buy,5.247e-05,3.0,0.00015741
NEBL/BTC,1617237977204,2021-04-01T00:46:17.204Z,buy,5.249e-05,11.0,0.00057739
NEBL/BTC,1617237998736,2021-04-01T00:46:38.736Z,buy,5.249e-05,77.0,0.00404173
NEBL/BTC,1617238108215,2021-04-01T00:48:28.215Z,buy,5.245e-05,118.0,0.0061891
NEBL/BTC,1617238189378,2021-04-01T00:49:49.378Z,buy,5.245e-05,16.0,0.0008392
NEBL/BTC,1617238284230,2021-04-01T00:51:24.230Z,buy,5.245e-05,83.0,0.00435335
NEBL/BTC,1617238482892,2021-04-01T00:54:42.892Z,sell,5.244e-05,4.0,0.00020976
NEBL/BTC,1617238482892,2021-04-01T00:54:42.892Z,sell,5.241e-05,3.0,0.00015723
NEBL/BTC,1617238482892,2021-04-01T00:54:42.892Z,sell,5.24e-05,31.0,0.0016244
NEBL/BTC,1617238482892,2021-04-01T00:54:42.892Z,sell,5.232e-05,12.0,0.00062784
NEBL/BTC,1617238482892,2021-04-01T00:54:42.892Z,sell,5.231e-05,16.0,0.00083696
NEBL/BTC,1617238482892,2021-04-01T00:54:42.892Z,sell,5.21e-05,28.0,0.0014588
NEBL/BTC,1617238482892,2021-04-01T00:54:42.892Z,sell,5.201e-05,88.0,0.00457688
NEBL/BTC,1617238482892,2021-04-01T00:54:42.892Z,sell,5.2e-05,208.0,0.010816
NEBL/BTC,1617238485050,2021-04-01T00:54:45.050Z,sell,5.204e-05,7.0,0.00036428000000000003
NEBL/BTC,1617238485050,2021-04-01T00:54:45.050Z,sell,5.203e-05,44.0,0.00228932
NEBL/BTC,1617238485050,2021-04-01T00:54:45.050Z,sell,5.202e-05,22.0,0.00114444
NEBL/BTC,1617238485050,2021-04-01T00:54:45.050Z,sell,5.2e-05,84.0,0.0043679999999999995
NEBL/BTC,1617238485552,2021-04-01T00:54:45.552Z,sell,5.205e-05,22.0,0.0011451
NEBL/BTC,1617238485552,2021-04-01T00:54:45.552Z,sell,5.2e-05,151.0,0.007852
NEBL/BTC,1617238538157,2021-04-01T00:55:38.157Z,buy,5.241e-05,8.0,0.00041928
NEBL/BTC,1617238539271,2021-04-01T00:55:39.271Z,sell,5.241e-05,164.0,0.00859524
NEBL/BTC,1617238539271,2021-04-01T00:55:39.271Z,sell,5.202e-05,11.0,0.00057222
NEBL/BTC,1617238539271,2021-04-01T00:55:39.271Z,sell,5.201e-05,139.0,0.00722939
NEBL/BTC,1617238539271,2021-04-01T00:55:39.271Z,sell,5.2e-05,131.0,0.0068119999999999995
NEBL/BTC,1617238539288,2021-04-01T00:55:39.288Z,buy,5.2e-05,35.0,0.0018199999999999998
NEBL/BTC,1617238539301,2021-04-01T00:55:39.301Z,buy,5.2e-05,20.0,0.00104
NEBL/BTC,1617238539600,2021-04-01T00:55:39.600Z,buy,5.2e-05,160.0,0.00832
NEBL/BTC,1617238584407,2021-04-01T00:56:24.407Z,buy,5.2e-05,12.0,0.000624
NEBL/BTC,1617238584431,2021-04-01T00:56:24.431Z,buy,5.212e-05,9.0,0.00046908000000000003
NEBL/BTC,1617238638822,2021-04-01T00:57:18.822Z,buy,5.217e-05,20.0,0.0010433999999999999
NEBL/BTC,1617238654957,2021-04-01T00:57:34.957Z,buy,5.218e-05,4.0,0.00020872
NEBL/BTC,1617238698107,2021-04-01T00:58:18.107Z,buy,5.217e-05,31.0,0.0016172699999999999
NEBL/BTC,1617238698107,2021-04-01T00:58:18.107Z,buy,5.217e-05,31.0,0.0016172699999999999
NEBL/BTC,1617238835048,2021-04-01T01:00:35.048Z,sell,5.217e-05,293.0,0.015285809999999999
NEBL/BTC,1617238836037,2021-04-01T01:00:36.037Z,sell,5.217e-05,76.0,0.003964919999999999
NEBL/BTC,1617238837977,2021-04-01T01:00:37.977Z,buy,5.218e-05,2.0,0.00010436
NEBL/BTC,1617238843940,2021-04-01T01:00:43.940Z,buy,5.218e-05,243.0,0.01267974
NEBL/BTC,1617238846474,2021-04-01T01:00:46.474Z,buy,5.218e-05,117.0,0.00610506
NEBL/BTC,1617238846474,2021-04-01T01:00:46.474Z,buy,5.22e-05,739.0,0.0385758
NEBL/BTC,1617238848209,2021-04-01T01:00:48.209Z,buy,5.22e-05,32.0,0.0016704
NEBL/BTC,1617238851349,2021-04-01T01:00:51.349Z,buy,5.22e-05,38.0,0.0019836
NEBL/BTC,1617238882215,2021-04-01T01:01:22.215Z,buy,5.227e-05,10.0,0.0005227
NEBL/BTC,1617238883954,2021-04-01T01:01:23.954Z,buy,5.227e-05,470.0,0.0245669
NEBL/BTC,1617238885560,2021-04-01T01:01:25.560Z,buy,5.227e-05,926.0,0.04840202
NEBL/BTC,1617238885891,2021-04-01T01:01:25.891Z,buy,5.227e-05,468.0,0.02446236
NEBL/BTC,1617238887361,2021-04-01T01:01:27.361Z,buy,5.227e-05,39.0,0.0020385299999999998
NEBL/BTC,1617238889479,2021-04-01T01:01:29.479Z,buy,5.227e-05,5.0,0.00026135
NEBL/BTC,1617238891419,2021-04-01T01:01:31.419Z,buy,5.227e-05,67.0,0.00350209
NEBL/BTC,1617238892020,2021-04-01T01:01:32.020Z,buy,5.227e-05,31.0,0.0016203699999999999
NEBL/BTC,1617238892285,2021-04-01T01:01:32.285Z,buy,5.227e-05,31.0,0.0016203699999999999
NEBL/BTC,1617238895722,2021-04-01T01:01:35.722Z,buy,5.227e-05,60.0,0.0031362
NEBL/BTC,1617238897282,2021-04-01T01:01:37.282Z,buy,5.227e-05,191.0,0.00998357
NEBL/BTC,1617238897561,2021-04-01T01:01:37.561Z,buy,5.227e-05,43.0,0.00224761
NEBL/BTC,1617238899556,2021-04-01T01:01:39.556Z,buy,5.227e-05,58.0,0.00303166
NEBL/BTC,1617238900786,2021-04-01T01:01:40.786Z,buy,5.227e-05,230.0,0.012022099999999999
NEBL/BTC,1617238901579,2021-04-01T01:01:41.579Z,buy,5.227e-05,19.0,0.00099313
NEBL/BTC,1617238905059,2021-04-01T01:01:45.059Z,buy,5.227e-05,206.0,0.01076762
NEBL/BTC,1617238908807,2021-04-01T01:01:48.807Z,buy,5.227e-05,587.0,0.03068249
NEBL/BTC,1617238910483,2021-04-01T01:01:50.483Z,buy,5.227e-05,679.0,0.03549133
NEBL/BTC,1617238910483,2021-04-01T01:01:50.483Z,buy,5.23e-05,49.0,0.0025627
NEBL/BTC,1617238910483,2021-04-01T01:01:50.483Z,buy,5.24e-05,28.0,0.0014672
NEBL/BTC,1617238910483,2021-04-01T01:01:50.483Z,buy,5.245e-05,115.0,0.00603175
NEBL/BTC,1617238911330,2021-04-01T01:01:51.330Z,buy,5.245e-05,7.0,0.00036715
NEBL/BTC,1617238916287,2021-04-01T01:01:56.287Z,buy,5.245e-05,333.0,0.01746585
NEBL/BTC,1617238917565,2021-04-01T01:01:57.565Z,buy,5.245e-05,57.0,0.00298965
NEBL/BTC,1617238918779,2021-04-01T01:01:58.779Z,buy,5.245e-05,271.0,0.01421395
NEBL/BTC,1617238918779,2021-04-01T01:01:58.779Z,buy,5.248e-05,28.0,0.00146944
NEBL/BTC,1617238918779,2021-04-01T01:01:58.779Z,buy,5.249e-05,3.0,0.00015747
NEBL/BTC,1617238929038,2021-04-01T01:02:09.038Z,buy,5.249e-05,14.0,0.00073486
NEBL/BTC,1617238929381,2021-04-01T01:02:09.381Z,buy,5.249e-05,166.0,0.00871334
NEBL/BTC,1617238930417,2021-04-01T01:02:10.417Z,buy,5.249e-05,57.0,0.00299193
NEBL/BTC,1617238932116,2021-04-01T01:02:12.116Z,buy,5.249e-05,319.0,0.016744310000000002
NEBL/BTC,1617238934989,2021-04-01T01:02:14.989Z,buy,5.249e-05,2.0,0.00010498
NEBL/BTC,1617238936988,2021-04-01T01:02:16.988Z,buy,5.249e-05,321.0,0.01684929
NEBL/BTC,1617238943233,2021-04-01T01:02:23.233Z,sell,5.245e-05,2.0,0.0001049
NEBL/BTC,1617238945335,2021-04-01T01:02:25.335Z,buy,5.249e-05,60.0,0.0031494
NEBL/BTC,1617238955049,2021-04-01T01:02:35.049Z,buy,5.249e-05,153.0,0.00803097
NEBL/BTC,1617238955778,2021-04-01T01:02:35.778Z,buy,5.249e-05,99.0,0.00519651
NEBL/BTC,1617238956562,2021-04-01T01:02:36.562Z,buy,5.249e-05,71.0,0.0037267900000000002
NEBL/BTC,1617238958860,2021-04-01T01:02:38.860Z,buy,5.249e-05,882.0,0.04629618
NEBL/BTC,1617238964717,2021-04-01T01:02:44.717Z,buy,5.249e-05,9.0,0.00047241
NEBL/BTC,1617238965285,2021-04-01T01:02:45.285Z,buy,5.249e-05,59.0,0.00309691
NEBL/BTC,1617238965476,2021-04-01T01:02:45.476Z,buy,5.249e-05,642.0,0.03369858
NEBL/BTC,1617238965887,2021-04-01T01:02:45.887Z,buy,5.249e-05,24.0,0.00125976
NEBL/BTC,1617238966333,2021-04-01T01:02:46.333Z,buy,5.249e-05,1000.0,0.05249
NEBL/BTC,1617238967444,2021-04-01T01:02:47.444Z,buy,5.249e-05,331.0,0.01737419
NEBL/BTC,1617238971546,2021-04-01T01:02:51.546Z,buy,5.249e-05,55.0,0.00288695
NEBL/BTC,1617238972755,2021-04-01T01:02:52.755Z,buy,5.249e-05,330.0,0.0173217
NEBL/BTC,1617238981350,2021-04-01T01:03:01.350Z,buy,5.249e-05,16.0,0.00083984
NEBL/BTC,1617238981362,2021-04-01T01:03:01.362Z,buy,5.249e-05,81.0,0.00425169
NEBL/BTC,1617238981379,2021-04-01T01:03:01.379Z,buy,5.249e-05,16.0,0.00083984
NEBL/BTC,1617238985275,2021-04-01T01:03:05.275Z,buy,5.249e-05,219.0,0.01149531
NEBL/BTC,1617238986604,2021-04-01T01:03:06.604Z,buy,5.249e-05,66.0,0.00346434
NEBL/BTC,1617238986805,2021-04-01T01:03:06.805Z,buy,5.249e-05,152.0,0.00797848
NEBL/BTC,1617238987721,2021-04-01T01:03:07.721Z,buy,5.249e-05,1027.0,0.05390723
NEBL/BTC,1617238988582,2021-04-01T01:03:08.582Z,buy,5.25e-05,22.0,0.001155
NEBL/BTC,1617238989644,2021-04-01T01:03:09.644Z,buy,5.25e-05,6.0,0.000315
NEBL/BTC,1617238995238,2021-04-01T01:03:15.238Z,buy,5.25e-05,189.0,0.0099225
NEBL/BTC,1617238997449,2021-04-01T01:03:17.449Z,buy,5.25e-05,16.0,0.00084
NEBL/BTC,1617238997786,2021-04-01T01:03:17.786Z,buy,5.25e-05,87.0,0.0045675
NEBL/BTC,1617239009800,2021-04-01T01:03:29.800Z,buy,5.251e-05,14.0,0.00073514
NEBL/BTC,1617239015398,2021-04-01T01:03:35.398Z,buy,5.253e-05,10.0,0.0005253
NEBL/BTC,1617239020977,2021-04-01T01:03:40.977Z,buy,5.254e-05,5.0,0.0002627
NEBL/BTC,1617239020977,2021-04-01T01:03:40.977Z,buy,5.255e-05,1.0,5.255e-05
NEBL/BTC,1617239022052,2021-04-01T01:03:42.052Z,buy,5.255e-05,9.0,0.00047295
NEBL/BTC,1617239026918,2021-04-01T01:03:46.918Z,buy,5.255e-05,569.0,0.02990095
NEBL/BTC,1617239027921,2021-04-01T01:03:47.921Z,buy,5.255e-05,75.0,0.0039412499999999994
NEBL/BTC,1617239028563,2021-04-01T01:03:48.563Z,buy,5.255e-05,19.0,0.00099845
NEBL/BTC,1617239034757,2021-04-01T01:03:54.757Z,buy,5.256e-05,3.0,0.00015768
NEBL/BTC,1617239034757,2021-04-01T01:03:54.757Z,buy,5.257e-05,33.0,0.00173481
NEBL/BTC,1617239034757,2021-04-01T01:03:54.757Z,buy,5.258e-05,114.0,0.00599412
NEBL/BTC,1617239034757,2021-04-01T01:03:54.757Z,buy,5.259e-05,3.0,0.00015777
NEBL/BTC,1617239034757,2021-04-01T01:03:54.757Z,buy,5.261e-05,5.0,0.00026305
NEBL/BTC,1617239034757,2021-04-01T01:03:54.757Z,buy,5.263e-05,45.0,0.00236835
NEBL/BTC,1617239034757,2021-04-01T01:03:54.757Z,buy,5.264e-05,5.0,0.0002632
NEBL/BTC,1617239034757,2021-04-01T01:03:54.757Z,buy,5.265e-05,262.0,0.013794299999999999
NEBL/BTC,1617239034807,2021-04-01T01:03:54.807Z,buy,5.265e-05,48.0,0.0025272
NEBL/BTC,1617239038843,2021-04-01T01:03:58.843Z,buy,5.265e-05,74.0,0.0038961
NEBL/BTC,1617239043583,2021-04-01T01:04:03.583Z,buy,5.267e-05,2.0,0.00010534
NEBL/BTC,1617239047402,2021-04-01T01:04:07.402Z,buy,5.27e-05,42.0,0.0022134
NEBL/BTC,1617239047684,2021-04-01T01:04:07.684Z,buy,5.27e-05,1583.0,0.0834241
NEBL/BTC,1617239048367,2021-04-01T01:04:08.367Z,buy,5.27e-05,16.0,0.0008432
NEBL/BTC,1617239049192,2021-04-01T01:04:09.192Z,sell,5.267e-05,72.0,0.00379224
NEBL/BTC,1617239049764,2021-04-01T01:04:09.764Z,buy,5.27e-05,4.0,0.0002108
NEBL/BTC,1617239050340,2021-04-01T01:04:10.340Z,buy,5.27e-05,58.0,0.0030566
NEBL/BTC,1617239051564,2021-04-01T01:04:11.564Z,buy,5.27e-05,410.0,0.021607
NEBL/BTC,1617239051616,2021-04-01T01:04:11.616Z,buy,5.27e-05,553.0,0.0291431
NEBL/BTC,1617239051971,2021-04-01T01:04:11.971Z,buy,5.27e-05,67.0,0.0035309
NEBL/BTC,1617239053293,2021-04-01T01:04:13.293Z,buy,5.27e-05,94.0,0.0049538
NEBL/BTC,1617239053967,2021-04-01T01:04:13.967Z,sell,5.267e-05,251.0,0.01322017
NEBL/BTC,1617239057918,2021-04-01T01:04:17.918Z,buy,5.267e-05,96.0,0.00505632
NEBL/BTC,1617239058439,2021-04-01T01:04:18.439Z,sell,5.265e-05,22.0,0.0011583
NEBL/BTC,1617239058439,2021-04-01T01:04:18.439Z,sell,5.255e-05,26.0,0.0013663
NEBL/BTC,1617239060769,2021-04-01T01:04:20.769Z,buy,5.267e-05,65.0,0.00342355
NEBL/BTC,1617239061831,2021-04-01T01:04:21.831Z,sell,5.255e-05,5.0,0.00026274999999999996
NEBL/BTC,1617239063495,2021-04-01T01:04:23.495Z,buy,5.267e-05,1.0,5.267e-05
NEBL/BTC,1617239063495,2021-04-01T01:04:23.495Z,buy,5.27e-05,228.0,0.0120156
NEBL/BTC,1617239067558,2021-04-01T01:04:27.558Z,buy,5.27e-05,208.0,0.0109616
NEBL/BTC,1617239070306,2021-04-01T01:04:30.306Z,buy,5.27e-05,634.0,0.0334118
NEBL/BTC,1617239071210,2021-04-01T01:04:31.210Z,buy,5.27e-05,32.0,0.0016864
NEBL/BTC,1617239075200,2021-04-01T01:04:35.200Z,buy,5.27e-05,14.0,0.0007378
NEBL/BTC,1617239076837,2021-04-01T01:04:36.837Z,buy,5.27e-05,25.0,0.0013175
NEBL/BTC,1617239080720,2021-04-01T01:04:40.720Z,buy,5.27e-05,118.0,0.0062186
NEBL/BTC,1617239080720,2021-04-01T01:04:40.720Z,buy,5.271e-05,86.0,0.00453306
NEBL/BTC,1617239080720,2021-04-01T01:04:40.720Z,buy,5.272e-05,8.0,0.00042176
NEBL/BTC,1617239080720,2021-04-01T01:04:40.720Z,buy,5.275e-05,48.0,0.002532
NEBL/BTC,1617239081854,2021-04-01T01:04:41.854Z,buy,5.275e-05,2.0,0.0001055
NEBL/BTC,1617239081854,2021-04-01T01:04:41.854Z,buy,5.277e-05,92.0,0.00485484
NEBL/BTC,1617239086608,2021-04-01T01:04:46.608Z,buy,5.277e-05,8.0,0.00042216
NEBL/BTC,1617239087552,2021-04-01T01:04:47.552Z,buy,5.277e-05,32.0,0.00168864
NEBL/BTC,1617239090158,2021-04-01T01:04:50.158Z,buy,5.277e-05,4.0,0.00021108
NEBL/BTC,1617239091545,2021-04-01T01:04:51.545Z,buy,5.28e-05,27.0,0.0014256000000000002
NEBL/BTC,1617239094700,2021-04-01T01:04:54.700Z,buy,5.28e-05,29.0,0.0015312000000000001
NEBL/BTC,1617239111182,2021-04-01T01:05:11.182Z,buy,5.281e-05,80.0,0.0042248
NEBL/BTC,1617239113390,2021-04-01T01:05:13.390Z,buy,5.281e-05,23.0,0.00121463
NEBL/BTC,1617239113390,2021-04-01T01:05:13.390Z,buy,5.29e-05,8.0,0.0004232
NEBL/BTC,1617239117958,2021-04-01T01:05:17.958Z,buy,5.29e-05,65.0,0.0034384999999999997
NEBL/BTC,1617239118791,2021-04-01T01:05:18.791Z,sell,5.281e-05,10.0,0.0005281
NEBL/BTC,1617239119747,2021-04-01T01:05:19.747Z,sell,5.281e-05,13.0,0.00068653
NEBL/BTC,1617239123519,2021-04-01T01:05:23.519Z,buy,5.29e-05,2.0,0.0001058
NEBL/BTC,1617239126040,2021-04-01T01:05:26.040Z,buy,5.29e-05,91.0,0.004813899999999999
NEBL/BTC,1617239131979,2021-04-01T01:05:31.979Z,buy,5.29e-05,750.0,0.039675
NEBL/BTC,1617239132052,2021-04-01T01:05:32.052Z,buy,5.29e-05,132.0,0.0069828
NEBL/BTC,1617239136124,2021-04-01T01:05:36.124Z,buy,5.29e-05,55.0,0.0029094999999999998
NEBL/BTC,1617239136362,2021-04-01T01:05:36.362Z,buy,5.29e-05,152.0,0.008040799999999999
NEBL/BTC,1617239138513,2021-04-01T01:05:38.513Z,buy,5.29e-05,22.0,0.0011638
NEBL/BTC,1617239138603,2021-04-01T01:05:38.603Z,buy,5.29e-05,4.0,0.0002116
NEBL/BTC,1617239141623,2021-04-01T01:05:41.623Z,buy,5.29e-05,47.0,0.0024863
NEBL/BTC,1617239142682,2021-04-01T01:05:42.682Z,buy,5.29e-05,5.0,0.0002645
NEBL/BTC,1617239143295,2021-04-01T01:05:43.295Z,buy,5.29e-05,139.0,0.0073531
NEBL/BTC,1617239144163,2021-04-01T01:05:44.163Z,buy,5.29e-05,1348.0,0.0713092
NEBL/BTC,1617239144327,2021-04-01T01:05:44.327Z,buy,5.29e-05,52.0,0.0027508
NEBL/BTC,1617239144609,2021-04-01T01:05:44.609Z,buy,5.29e-05,92.0,0.0048668
NEBL/BTC,1617239145737,2021-04-01T01:05:45.737Z,buy,5.29e-05,21.0,0.0011109
NEBL/BTC,1617239147140,2021-04-01T01:05:47.140Z,buy,5.29e-05,1086.0,0.0574494
NEBL/BTC,1617239147148,2021-04-01T01:05:47.148Z,sell,5.29e-05,16.0,0.0008464
NEBL/BTC,1617239147645,2021-04-01T01:05:47.645Z,sell,5.29e-05,146.0,0.0077234
NEBL/BTC,1617239150824,2021-04-01T01:05:50.824Z,buy,5.292e-05,19.0,0.00100548
NEBL/BTC,1617239150824,2021-04-01T01:05:50.824Z,buy,5.296e-05,3.0,0.00015888
NEBL/BTC,1617239150824,2021-04-01T01:05:50.824Z,buy,5.299e-05,34.0,0.00180166
NEBL/BTC,1617239153112,2021-04-01T01:05:53.112Z,sell,5.29e-05,9.0,0.00047609999999999997
NEBL/BTC,1617239155769,2021-04-01T01:05:55.769Z,buy,5.299e-05,69.0,0.00365631
NEBL/BTC,1617239155769,2021-04-01T01:05:55.769Z,buy,5.3e-05,156.0,0.008268
NEBL/BTC,1617239156951,2021-04-01T01:05:56.951Z,buy,5.3e-05,30.0,0.00159
NEBL/BTC,1617239159369,2021-04-01T01:05:59.369Z,buy,5.3e-05,336.0,0.017808
NEBL/BTC,1617239160423,2021-04-01T01:06:00.423Z,buy,5.3e-05,239.0,0.012667
NEBL/BTC,1617239162168,2021-04-01T01:06:02.168Z,buy,5.3e-05,395.0,0.020935
NEBL/BTC,1617239162931,2021-04-01T01:06:02.931Z,buy,5.3e-05,128.0,0.006784
NEBL/BTC,1617239164846,2021-04-01T01:06:04.846Z,buy,5.3e-05,25.0,0.001325
NEBL/BTC,1617239166040,2021-04-01T01:06:06.040Z,buy,5.3e-05,65.0,0.003445
NEBL/BTC,1617239169007,2021-04-01T01:06:09.007Z,buy,5.3e-05,31.0,0.001643
NEBL/BTC,1617239170590,2021-04-01T01:06:10.590Z,buy,5.3e-05,263.0,0.013939
NEBL/BTC,1617239171662,2021-04-01T01:06:11.662Z,buy,5.3e-05,3189.0,0.169017
NEBL/BTC,1617239176332,2021-04-01T01:06:16.332Z,buy,5.3e-05,123.0,0.0065190000000000005
NEBL/BTC,1617239176533,2021-04-01T01:06:16.533Z,buy,5.3e-05,2.0,0.000106
NEBL/BTC,1617239176930,2021-04-01T01:06:16.930Z,buy,5.3e-05,12.0,0.0006360000000000001
NEBL/BTC,1617239177768,2021-04-01T01:06:17.768Z,buy,5.3e-05,30.0,0.00159
NEBL/BTC,1617239180908,2021-04-01T01:06:20.908Z,buy,5.3e-05,315.0,0.016695
NEBL/BTC,1617239182597,2021-04-01T01:06:22.597Z,sell,5.295e-05,2.0,0.0001059
NEBL/BTC,1617239182770,2021-04-01T01:06:22.770Z,buy,5.3e-05,171.0,0.009063
NEBL/BTC,1617239183460,2021-04-01T01:06:23.460Z,buy,5.3e-05,376.0,0.019928
NEBL/BTC,1617239183991,2021-04-01T01:06:23.991Z,sell,5.295e-05,25.0,0.00132375
NEBL/BTC,1617239184016,2021-04-01T01:06:24.016Z,sell,5.29e-05,25.0,0.0013224999999999999
NEBL/BTC,1617239184016,2021-04-01T01:06:24.016Z,sell,5.29e-05,28.0,0.0014812
NEBL/BTC,1617239184044,2021-04-01T01:06:24.044Z,sell,5.29e-05,27.0,0.0014283
NEBL/BTC,1617239184267,2021-04-01T01:06:24.267Z,buy,5.3e-05,61.0,0.003233
NEBL/BTC,1617239184486,2021-04-01T01:06:24.486Z,buy,5.3e-05,159.0,0.008427
NEBL/BTC,1617239194552,2021-04-01T01:06:34.552Z,buy,5.3e-05,2.0,0.000106
NEBL/BTC,1617239199519,2021-04-01T01:06:39.519Z,buy,5.3e-05,47.0,0.002491
NEBL/BTC,1617239200816,2021-04-01T01:06:40.816Z,buy,5.3e-05,42.0,0.002226
NEBL/BTC,1617239205408,2021-04-01T01:06:45.408Z,sell,5.3e-05,11.0,0.000583
NEBL/BTC,1617239206697,2021-04-01T01:06:46.697Z,buy,5.302e-05,23.0,0.00121946
NEBL/BTC,1617239206697,2021-04-01T01:06:46.697Z,buy,5.304e-05,107.0,0.00567528
NEBL/BTC,1617239213451,2021-04-01T01:06:53.451Z,buy,5.304e-05,16.0,0.00084864
NEBL/BTC,1617239220311,2021-04-01T01:07:00.311Z,sell,5.304e-05,44.0,0.00233376
NEBL/BTC,1617239230122,2021-04-01T01:07:10.122Z,buy,5.305e-05,12.0,0.0006366
NEBL/BTC,1617239230122,2021-04-01T01:07:10.122Z,buy,5.306e-05,3.0,0.00015917999999999998
NEBL/BTC,1617239230122,2021-04-01T01:07:10.122Z,buy,5.308e-05,3.0,0.00015924
NEBL/BTC,1617239230122,2021-04-01T01:07:10.122Z,buy,5.309e-05,2.0,0.00010618
