symbol,timestamp,datetime,side,price,amount,btc_volume
NEBL/BTC,1604167234820,2020-10-31T18:00:34.820Z,sell,2.444e-05,752.0,0.01837888
NEBL/BTC,1604167248190,2020-10-31T18:00:48.190Z,sell,2.444e-05,2149.0,0.05252156
NEBL/BTC,1604167248190,2020-10-31T18:00:48.190Z,sell,2.442e-05,562.0,0.01372404
NEBL/BTC,1604167248195,2020-10-31T18:00:48.195Z,buy,2.442e-05,845.0,0.0206349
NEBL/BTC,1604167248197,2020-10-31T18:00:48.197Z,buy,2.442e-05,131.0,0.00319902
NEBL/BTC,1604167282629,2020-10-31T18:01:22.629Z,buy,2.444e-05,10.0,0.0002444
NEBL/BTC,1604167380303,2020-10-31T18:03:00.303Z,sell,2.441e-05,5.0,0.00012204999999999999
NEBL/BTC,1604167510767,2020-10-31T18:05:10.767Z,buy,2.445e-05,5.0,0.00012225000000000002
NEBL/BTC,1604167536767,2020-10-31T18:05:36.767Z,buy,2.45e-05,41.0,0.0010045
NEBL/BTC,1604168040764,2020-10-31T18:14:00.764Z,buy,2.45e-05,2.0,4.9e-05
NEBL/BTC,1604168249101,2020-10-31T18:17:29.101Z,sell,2.45e-05,116.0,0.002842
NEBL/BTC,1604168435391,2020-10-31T18:20:35.391Z,sell,2.446e-05,41.0,0.00100286
NEBL/BTC,1604168435391,2020-10-31T18:20:35.391Z,sell,2.44e-05,8.0,0.0001952
NEBL/BTC,1604168435391,2020-10-31T18:20:35.391Z,sell,2.438e-05,706.0,0.01721228
NEBL/BTC,1604168601052,2020-10-31T18:23:21.052Z,buy,2.446e-05,2.0,4.892e-05
NEBL/BTC,1604168827027,2020-10-31T18:27:07.027Z,sell,2.44e-05,47.0,0.0011468
NEBL/BTC,1604168828348,2020-10-31T18:27:08.348Z,sell,2.437e-05,5.0,0.00012185
NEBL/BTC,1604168828348,2020-10-31T18:27:08.348Z,sell,2.436e-05,5.0,0.0001218
NEBL/BTC,1604168828348,2020-10-31T18:27:08.348Z,sell,2.435e-05,786.0,0.0191391
NEBL/BTC,1604168828373,2020-10-31T18:27:08.373Z,buy,2.446e-05,2.0,4.892e-05
NEBL/BTC,1604168883253,2020-10-31T18:28:03.253Z,buy,2.445e-05,6.0,0.00014670000000000002
NEBL/BTC,1604168883730,2020-10-31T18:28:03.730Z,sell,2.435e-05,5.0,0.00012174999999999999
NEBL/BTC,1604168926683,2020-10-31T18:28:46.683Z,buy,2.445e-05,28.0,0.0006846
NEBL/BTC,1604168952774,2020-10-31T18:29:12.774Z,sell,2.443e-05,7.0,0.00017101
NEBL/BTC,1604169009815,2020-10-31T18:30:09.815Z,buy,2.441e-05,8.0,0.00019528
NEBL/BTC,1604169135111,2020-10-31T18:32:15.111Z,buy,2.44e-05,9.0,0.0002196
NEBL/BTC,1604169561423,2020-10-31T18:39:21.423Z,sell,2.436e-05,515.0,0.0125454
NEBL/BTC,1604169561491,2020-10-31T18:39:21.491Z,buy,2.436e-05,1008.0,0.02455488
NEBL/BTC,1604169635670,2020-10-31T18:40:35.670Z,sell,2.433e-05,16.0,0.00038928
NEBL/BTC,1604169635670,2020-10-31T18:40:35.670Z,sell,2.432e-05,63.0,0.00153216
NEBL/BTC,1604169635670,2020-10-31T18:40:35.670Z,sell,2.43e-05,680.0,0.016524
NEBL/BTC,1604169670372,2020-10-31T18:41:10.372Z,buy,2.437e-05,5.0,0.00012185
NEBL/BTC,1604169755545,2020-10-31T18:42:35.545Z,buy,2.437e-05,117.0,0.00285129
NEBL/BTC,1604169886601,2020-10-31T18:44:46.601Z,buy,2.445e-05,2.0,4.89e-05
NEBL/BTC,1604169939974,2020-10-31T18:45:39.974Z,buy,2.447e-05,2.0,4.894e-05
NEBL/BTC,1604169939974,2020-10-31T18:45:39.974Z,buy,2.447e-05,2.0,4.894e-05
NEBL/BTC,1604170900687,2020-10-31T19:01:40.687Z,buy,2.442e-05,8.0,0.00019536
NEBL/BTC,1604171038771,2020-10-31T19:03:58.771Z,buy,2.442e-05,29.0,0.00070818
NEBL/BTC,1604171038783,2020-10-31T19:03:58.783Z,buy,2.442e-05,22.0,0.00053724
NEBL/BTC,1604171039417,2020-10-31T19:03:59.417Z,buy,2.442e-05,22.0,0.00053724
NEBL/BTC,1604171039430,2020-10-31T19:03:59.430Z,buy,2.442e-05,17.0,0.00041514
NEBL/BTC,1604171039454,2020-10-31T19:03:59.454Z,buy,2.442e-05,2.0,4.884e-05
NEBL/BTC,1604171039472,2020-10-31T19:03:59.472Z,buy,2.442e-05,17.0,0.00041514
NEBL/BTC,1604171039484,2020-10-31T19:03:59.484Z,buy,2.442e-05,7.0,0.00017094
NEBL/BTC,1604171040855,2020-10-31T19:04:00.855Z,buy,2.442e-05,46.0,0.00112332
NEBL/BTC,1604171049307,2020-10-31T19:04:09.307Z,buy,2.448e-05,2.0,4.896e-05
NEBL/BTC,1604171071115,2020-10-31T19:04:31.115Z,buy,2.439e-05,12.0,0.00029267999999999997
NEBL/BTC,1604171086496,2020-10-31T19:04:46.496Z,sell,2.44e-05,9.0,0.0002196
NEBL/BTC,1604172029112,2020-10-31T19:20:29.112Z,buy,2.437e-05,6.0,0.00014622
NEBL/BTC,1604172249424,2020-10-31T19:24:09.424Z,buy,2.437e-05,8.0,0.00019496
NEBL/BTC,1604172361476,2020-10-31T19:26:01.476Z,buy,2.436e-05,398.0,0.00969528
NEBL/BTC,1604172403371,2020-10-31T19:26:43.371Z,buy,2.449e-05,2.0,4.898e-05
NEBL/BTC,1604172526013,2020-10-31T19:28:46.013Z,buy,2.449e-05,2.0,4.898e-05
NEBL/BTC,1604172690058,2020-10-31T19:31:30.058Z,buy,2.449e-05,2.0,4.898e-05
NEBL/BTC,1604172935634,2020-10-31T19:35:35.634Z,sell,2.433e-05,6.0,0.00014597999999999998
NEBL/BTC,1604172935634,2020-10-31T19:35:35.634Z,sell,2.431e-05,6.0,0.00014586
NEBL/BTC,1604172935634,2020-10-31T19:35:35.634Z,sell,2.43e-05,743.0,0.018054900000000002
NEBL/BTC,1604173292091,2020-10-31T19:41:32.091Z,buy,2.447e-05,2.0,4.894e-05
NEBL/BTC,1604173292091,2020-10-31T19:41:32.091Z,buy,2.447e-05,2.0,4.894e-05
NEBL/BTC,1604173717712,2020-10-31T19:48:37.712Z,buy,2.438e-05,167.0,0.00407146
NEBL/BTC,1604173975014,2020-10-31T19:52:55.014Z,buy,2.449e-05,2.0,4.898e-05
NEBL/BTC,1604174436246,2020-10-31T20:00:36.246Z,sell,2.428e-05,755.0,0.0183314
NEBL/BTC,1604174679177,2020-10-31T20:04:39.177Z,buy,2.441e-05,508.0,0.01240028
NEBL/BTC,1604174716621,2020-10-31T20:05:16.621Z,buy,2.449e-05,2042.0,0.050008580000000004
NEBL/BTC,1604174721302,2020-10-31T20:05:21.302Z,buy,2.45e-05,876.0,0.021462
NEBL/BTC,1604175148662,2020-10-31T20:12:28.662Z,buy,2.449e-05,9.0,0.00022041
NEBL/BTC,1604175706209,2020-10-31T20:21:46.209Z,buy,2.445e-05,877.0,0.02144265
NEBL/BTC,1604175706209,2020-10-31T20:21:46.209Z,buy,2.446e-05,8.0,0.00019568
NEBL/BTC,1604175706209,2020-10-31T20:21:46.209Z,buy,2.45e-05,15.0,0.0003675
NEBL/BTC,1604175706209,2020-10-31T20:21:46.209Z,buy,2.456e-05,250.0,0.00614
NEBL/BTC,1604175706209,2020-10-31T20:21:46.209Z,buy,2.458e-05,11.0,0.00027037999999999997
NEBL/BTC,1604175706209,2020-10-31T20:21:46.209Z,buy,2.459e-05,1432.0,0.03521288
NEBL/BTC,1604176111674,2020-10-31T20:28:31.674Z,buy,2.457e-05,673.0,0.01653561
NEBL/BTC,1604176111674,2020-10-31T20:28:31.674Z,buy,2.458e-05,124.0,0.00304792
NEBL/BTC,1604176111674,2020-10-31T20:28:31.674Z,buy,2.457e-05,673.0,0.01653561
NEBL/BTC,1604176111674,2020-10-31T20:28:31.674Z,buy,2.458e-05,124.0,0.00304792
NEBL/BTC,1604178114281,2020-10-31T21:01:54.281Z,buy,2.449e-05,5.0,0.00012245
NEBL/BTC,1604178134771,2020-10-31T21:02:14.771Z,sell,2.443e-05,69.0,0.00168567
NEBL/BTC,1604178134771,2020-10-31T21:02:14.771Z,sell,2.443e-05,69.0,0.00168567
NEBL/BTC,1604180002975,2020-10-31T21:33:22.975Z,buy,2.448e-05,67.0,0.0016401599999999999
NEBL/BTC,1604180132045,2020-10-31T21:35:32.045Z,sell,2.439e-05,5.0,0.00012195
NEBL/BTC,1604180132045,2020-10-31T21:35:32.045Z,sell,2.433e-05,20.0,0.0004866
NEBL/BTC,1604180132045,2020-10-31T21:35:32.045Z,sell,2.431e-05,41.0,0.00099671
NEBL/BTC,1604180502697,2020-10-31T21:41:42.697Z,buy,2.445e-05,5.0,0.00012225000000000002
NEBL/BTC,1604181635462,2020-10-31T22:00:35.462Z,sell,2.435e-05,20.0,0.00048699999999999997
NEBL/BTC,1604181635462,2020-10-31T22:00:35.462Z,sell,2.429e-05,347.0,0.00842863
NEBL/BTC,1604181635462,2020-10-31T22:00:35.462Z,sell,2.426e-05,9.0,0.00021834000000000003
NEBL/BTC,1604181635462,2020-10-31T22:00:35.462Z,sell,2.423e-05,60.0,0.0014538
NEBL/BTC,1604181635462,2020-10-31T22:00:35.462Z,sell,2.422e-05,7.0,0.00016953999999999998
NEBL/BTC,1604181635462,2020-10-31T22:00:35.462Z,sell,2.421e-05,5.0,0.00012105
NEBL/BTC,1604181635462,2020-10-31T22:00:35.462Z,sell,2.42e-05,212.0,0.005130399999999999
NEBL/BTC,1604181635462,2020-10-31T22:00:35.462Z,sell,2.419e-05,96.0,0.00232224
NEBL/BTC,1604181637376,2020-10-31T22:00:37.376Z,buy,2.444e-05,2.0,4.888e-05
NEBL/BTC,1604181640896,2020-10-31T22:00:40.896Z,sell,2.425e-05,8.0,0.000194
NEBL/BTC,1604181673055,2020-10-31T22:01:13.055Z,buy,2.444e-05,2.0,4.888e-05
NEBL/BTC,1604181679805,2020-10-31T22:01:19.805Z,buy,2.444e-05,2.0,4.888e-05
NEBL/BTC,1604181723736,2020-10-31T22:02:03.736Z,sell,2.426e-05,5.0,0.00012130000000000001
NEBL/BTC,1604181723736,2020-10-31T22:02:03.736Z,sell,2.426e-05,5.0,0.00012130000000000001
NEBL/BTC,1604182122770,2020-10-31T22:08:42.770Z,buy,2.443e-05,2.0,4.886e-05
NEBL/BTC,1604182124291,2020-10-31T22:08:44.291Z,buy,2.443e-05,2.0,4.886e-05
NEBL/BTC,1604182357027,2020-10-31T22:12:37.027Z,buy,2.443e-05,2.0,4.886e-05
NEBL/BTC,1604182441113,2020-10-31T22:14:01.113Z,sell,2.429e-05,408.0,0.00991032
NEBL/BTC,1604182441118,2020-10-31T22:14:01.118Z,buy,2.429e-05,1596.0,0.03876684
NEBL/BTC,1604182441147,2020-10-31T22:14:01.147Z,buy,2.445e-05,1581.0,0.03865545
NEBL/BTC,1604182444979,2020-10-31T22:14:04.979Z,buy,2.436e-05,7.0,0.00017052000000000001
NEBL/BTC,1604182446850,2020-10-31T22:14:06.850Z,buy,2.436e-05,8.0,0.00019488
NEBL/BTC,1604182801763,2020-10-31T22:20:01.763Z,buy,2.445e-05,2.0,4.89e-05
NEBL/BTC,1604183433677,2020-10-31T22:30:33.677Z,buy,2.445e-05,2.0,4.89e-05
NEBL/BTC,1604183444832,2020-10-31T22:30:44.832Z,buy,2.445e-05,14.0,0.0003423
NEBL/BTC,1604183714880,2020-10-31T22:35:14.880Z,sell,2.439e-05,13.0,0.00031706999999999997
NEBL/BTC,1604183715040,2020-10-31T22:35:15.040Z,buy,2.439e-05,1.0,2.439e-05
NEBL/BTC,1604183715040,2020-10-31T22:35:15.040Z,buy,2.44e-05,1.0,2.44e-05
NEBL/BTC,1604184081901,2020-10-31T22:41:21.901Z,sell,2.422e-05,5.0,0.00012109999999999999
NEBL/BTC,1604184631488,2020-10-31T22:50:31.488Z,sell,2.423e-05,763.0,0.01848749
NEBL/BTC,1604184777947,2020-10-31T22:52:57.947Z,buy,2.435e-05,5.0,0.00012174999999999999
NEBL/BTC,1604184990799,2020-10-31T22:56:30.799Z,buy,2.438e-05,2.0,4.876e-05
NEBL/BTC,1604184990799,2020-10-31T22:56:30.799Z,buy,2.438e-05,2.0,4.876e-05
NEBL/BTC,1604185531743,2020-10-31T23:05:31.743Z,sell,2.427e-05,758.0,0.01839666
NEBL/BTC,1604185697545,2020-10-31T23:08:17.545Z,buy,2.438e-05,2.0,4.876e-05
NEBL/BTC,1604186276916,2020-10-31T23:17:56.916Z,buy,2.437e-05,56.0,0.0013647199999999998
NEBL/BTC,1604186277211,2020-10-31T23:17:57.211Z,buy,2.437e-05,54.0,0.00131598
NEBL/BTC,1604186736066,2020-10-31T23:25:36.066Z,sell,2.427e-05,389.0,0.00944103
NEBL/BTC,1604186736066,2020-10-31T23:25:36.066Z,sell,2.426e-05,5.0,0.00012130000000000001
NEBL/BTC,1604186736066,2020-10-31T23:25:36.066Z,sell,2.423e-05,5.0,0.00012115
NEBL/BTC,1604186736066,2020-10-31T23:25:36.066Z,sell,2.418e-05,5.0,0.0001209
NEBL/BTC,1604186736066,2020-10-31T23:25:36.066Z,sell,2.417e-05,13.0,0.00031421
NEBL/BTC,1604186736066,2020-10-31T23:25:36.066Z,sell,2.414e-05,11.0,0.00026554
NEBL/BTC,1604186736066,2020-10-31T23:25:36.066Z,sell,2.413e-05,182.0,0.00439166
NEBL/BTC,1604186736066,2020-10-31T23:25:36.066Z,sell,2.412e-05,73.0,0.0017607599999999999
NEBL/BTC,1604186736066,2020-10-31T23:25:36.066Z,sell,2.41e-05,76.0,0.0018316
NEBL/BTC,1604186799314,2020-10-31T23:26:39.314Z,buy,2.434e-05,32.0,0.00077888
NEBL/BTC,1604186960707,2020-10-31T23:29:20.707Z,buy,2.434e-05,2.0,4.868e-05
NEBL/BTC,1604187663434,2020-10-31T23:41:03.434Z,sell,2.417e-05,5.0,0.00012085000000000001
NEBL/BTC,1604187736062,2020-10-31T23:42:16.062Z,sell,2.417e-05,421.0,0.01017557
NEBL/BTC,1604187758251,2020-10-31T23:42:38.251Z,buy,2.434e-05,41.0,0.0009979400000000001
NEBL/BTC,1604187774772,2020-10-31T23:42:54.772Z,buy,2.434e-05,2.0,4.868e-05
NEBL/BTC,1604188237729,2020-10-31T23:50:37.729Z,sell,2.417e-05,457.0,0.01104569
NEBL/BTC,1604188237729,2020-10-31T23:50:37.729Z,sell,2.41e-05,24.0,0.0005784
NEBL/BTC,1604188237729,2020-10-31T23:50:37.729Z,sell,2.408e-05,6.0,0.00014448
NEBL/BTC,1604188237729,2020-10-31T23:50:37.729Z,sell,2.406e-05,119.0,0.00286314
NEBL/BTC,1604188237729,2020-10-31T23:50:37.729Z,sell,2.405e-05,154.0,0.0037037
NEBL/BTC,1604188254335,2020-10-31T23:50:54.335Z,sell,2.413e-05,42.0,0.00101346
NEBL/BTC,1604188254335,2020-10-31T23:50:54.335Z,sell,2.413e-05,42.0,0.00101346
NEBL/BTC,1604188634151,2020-10-31T23:57:14.151Z,buy,2.434e-05,908.0,0.02210072
NEBL/BTC,1604188634151,2020-10-31T23:57:14.151Z,buy,2.436e-05,198.0,0.00482328
NEBL/BTC,1604188634151,2020-10-31T23:57:14.151Z,buy,2.437e-05,192.0,0.00467904
NEBL/BTC,1604188637138,2020-10-31T23:57:17.138Z,buy,2.436e-05,2.0,4.872e-05
NEBL/BTC,1604188992076,2020-11-01T00:03:12.076Z,buy,2.435e-05,139.0,0.00338465
NEBL/BTC,1604189056836,2020-11-01T00:04:16.836Z,buy,2.435e-05,29.0,0.00070615
NEBL/BTC,1604189056868,2020-11-01T00:04:16.868Z,buy,2.435e-05,17.0,0.00041395
NEBL/BTC,1604190156842,2020-11-01T00:22:36.842Z,buy,2.439e-05,2.0,4.878e-05
NEBL/BTC,1604190464819,2020-11-01T00:27:44.819Z,buy,2.435e-05,2.0,4.87e-05
NEBL/BTC,1604190549551,2020-11-01T00:29:09.551Z,buy,2.434e-05,8.0,0.00019472
NEBL/BTC,1604190803320,2020-11-01T00:33:23.320Z,buy,2.434e-05,94.0,0.00228796
NEBL/BTC,1604190803323,2020-11-01T00:33:23.323Z,buy,2.434e-05,94.0,0.00228796
NEBL/BTC,1604190834099,2020-11-01T00:33:54.099Z,buy,2.434e-05,94.0,0.00228796
NEBL/BTC,1604190834102,2020-11-01T00:33:54.102Z,buy,2.434e-05,94.0,0.00228796
NEBL/BTC,1604191083790,2020-11-01T00:38:03.790Z,buy,2.434e-05,139.0,0.00338326
NEBL/BTC,1604191089663,2020-11-01T00:38:09.663Z,buy,2.434e-05,324.0,0.00788616
NEBL/BTC,1604191229615,2020-11-01T00:40:29.615Z,buy,2.439e-05,2.0,4.878e-05
NEBL/BTC,1604191447249,2020-11-01T00:44:07.249Z,buy,2.438e-05,1000.0,0.02438
NEBL/BTC,1604191447249,2020-11-01T00:44:07.249Z,buy,2.438e-05,1000.0,0.02438
NEBL/BTC,1604191968132,2020-11-01T00:52:48.132Z,buy,2.435e-05,145.0,0.00353075
NEBL/BTC,1604193008636,2020-11-01T01:10:08.636Z,buy,2.434e-05,2.0,4.868e-05
NEBL/BTC,1604193008659,2020-11-01T01:10:08.659Z,buy,2.434e-05,17.0,0.00041378
NEBL/BTC,1604193188585,2020-11-01T01:13:08.585Z,buy,2.434e-05,2.0,4.868e-05
NEBL/BTC,1604193338539,2020-11-01T01:15:38.539Z,buy,2.433e-05,5.0,0.00012165
NEBL/BTC,1604193385551,2020-11-01T01:16:25.551Z,buy,2.434e-05,29.0,0.00070586
NEBL/BTC,1604193385561,2020-11-01T01:16:25.561Z,buy,2.434e-05,23.0,0.00055982
NEBL/BTC,1604193385571,2020-11-01T01:16:25.571Z,buy,2.434e-05,18.0,0.00043812
NEBL/BTC,1604193385585,2020-11-01T01:16:25.585Z,buy,2.434e-05,17.0,0.00041378
NEBL/BTC,1604193417262,2020-11-01T01:16:57.262Z,buy,2.434e-05,17.0,0.00041378
NEBL/BTC,1604193507460,2020-11-01T01:18:27.460Z,buy,2.434e-05,47.0,0.00114398
NEBL/BTC,1604193682390,2020-11-01T01:21:22.390Z,buy,2.434e-05,13.0,0.00031642
NEBL/BTC,1604194216235,2020-11-01T01:30:16.235Z,buy,2.434e-05,242.0,0.00589028
NEBL/BTC,1604194342117,2020-11-01T01:32:22.117Z,buy,2.434e-05,103.0,0.00250702
NEBL/BTC,1604194595106,2020-11-01T01:36:35.106Z,buy,2.439e-05,28.0,0.00068292
NEBL/BTC,1604194667921,2020-11-01T01:37:47.921Z,buy,2.439e-05,66.0,0.00160974
NEBL/BTC,1604194667921,2020-11-01T01:37:47.921Z,buy,2.439e-05,66.0,0.00160974
NEBL/BTC,1604195346922,2020-11-01T01:49:06.922Z,sell,2.438e-05,31.0,0.0007557800000000001
NEBL/BTC,1604196476276,2020-11-01T02:07:56.276Z,buy,2.438e-05,9.0,0.00021942
NEBL/BTC,1604196476276,2020-11-01T02:07:56.276Z,buy,2.438e-05,9.0,0.00021942
NEBL/BTC,1604198403237,2020-11-01T02:40:03.237Z,buy,2.439e-05,28.0,0.00068292
NEBL/BTC,1604198666382,2020-11-01T02:44:26.382Z,buy,2.439e-05,100.0,0.0024389999999999998
NEBL/BTC,1604199419165,2020-11-01T02:56:59.165Z,sell,2.437e-05,100.0,0.002437
NEBL/BTC,1604199599180,2020-11-01T02:59:59.180Z,buy,2.439e-05,2500.0,0.060974999999999994
NEBL/BTC,1604199724534,2020-11-01T03:02:04.534Z,buy,2.444e-05,2.0,4.888e-05
NEBL/BTC,1604199724534,2020-11-01T03:02:04.534Z,buy,2.444e-05,2.0,4.888e-05
NEBL/BTC,1604200129172,2020-11-01T03:08:49.172Z,sell,2.44e-05,5.0,0.000122
NEBL/BTC,1604200129172,2020-11-01T03:08:49.172Z,sell,2.438e-05,16.0,0.00039008
NEBL/BTC,1604200134509,2020-11-01T03:08:54.509Z,sell,2.439e-05,6.0,0.00014633999999999998
NEBL/BTC,1604200149730,2020-11-01T03:09:09.730Z,sell,2.438e-05,6.0,0.00014628
NEBL/BTC,1604200149730,2020-11-01T03:09:09.730Z,sell,2.437e-05,97.0,0.00236389
NEBL/BTC,1604200152227,2020-11-01T03:09:12.227Z,sell,2.438e-05,6.0,0.00014628
NEBL/BTC,1604200710063,2020-11-01T03:18:30.063Z,sell,2.439e-05,5.0,0.00012195
NEBL/BTC,1604200719931,2020-11-01T03:18:39.931Z,buy,2.439e-05,15.0,0.00036585
NEBL/BTC,1604200838798,2020-11-01T03:20:38.798Z,buy,2.443e-05,24.0,0.00058632
NEBL/BTC,1604201583679,2020-11-01T03:33:03.679Z,sell,2.439e-05,12.0,0.00029267999999999997
NEBL/BTC,1604201587589,2020-11-01T03:33:07.589Z,sell,2.438e-05,10.0,0.00024380000000000002
NEBL/BTC,1604201589056,2020-11-01T03:33:09.056Z,sell,2.438e-05,10.0,0.00024380000000000002
NEBL/BTC,1604201593057,2020-11-01T03:33:13.057Z,sell,2.438e-05,10.0,0.00024380000000000002
NEBL/BTC,1604202256177,2020-11-01T03:44:16.177Z,buy,2.444e-05,220.0,0.0053768
NEBL/BTC,1604202310105,2020-11-01T03:45:10.105Z,sell,2.444e-05,8.0,0.00019552
NEBL/BTC,1604202367392,2020-11-01T03:46:07.392Z,sell,2.444e-05,1281.0,0.03130764
NEBL/BTC,1604202370368,2020-11-01T03:46:10.368Z,sell,2.444e-05,8.0,0.00019552
NEBL/BTC,1604202993288,2020-11-01T03:56:33.288Z,sell,2.444e-05,623.0,0.01522612
NEBL/BTC,1604202993288,2020-11-01T03:56:33.288Z,sell,2.444e-05,623.0,0.01522612
NEBL/BTC,1604203940376,2020-11-01T04:12:20.376Z,buy,2.445e-05,1929.0,0.047164050000000006
NEBL/BTC,1604203968126,2020-11-01T04:12:48.126Z,sell,2.444e-05,657.0,0.01605708
NEBL/BTC,1604203999834,2020-11-01T04:13:19.834Z,sell,2.435e-05,29.0,0.00070615
NEBL/BTC,1604203999834,2020-11-01T04:13:19.834Z,sell,2.434e-05,1426.0,0.03470884
NEBL/BTC,1604204040014,2020-11-01T04:14:00.014Z,sell,2.424e-05,8.0,0.00019392
NEBL/BTC,1604204040014,2020-11-01T04:14:00.014Z,sell,2.423e-05,71.0,0.00172033
NEBL/BTC,1604204040014,2020-11-01T04:14:00.014Z,sell,2.418e-05,5.0,0.0001209
NEBL/BTC,1604204040014,2020-11-01T04:14:00.014Z,sell,2.415e-05,276.0,0.0066654
NEBL/BTC,1604204040014,2020-11-01T04:14:00.014Z,sell,2.414e-05,1199.0,0.02894386
NEBL/BTC,1604204040014,2020-11-01T04:14:00.014Z,sell,2.413e-05,11.0,0.00026543
NEBL/BTC,1604204040023,2020-11-01T04:14:00.023Z,buy,2.413e-05,489.0,0.01179957
NEBL/BTC,1604204040027,2020-11-01T04:14:00.027Z,buy,2.413e-05,490.0,0.011823700000000001
NEBL/BTC,1604204040028,2020-11-01T04:14:00.028Z,buy,2.413e-05,337.0,0.00813181
NEBL/BTC,1604204105822,2020-11-01T04:15:05.822Z,buy,2.435e-05,5.0,0.00012174999999999999
NEBL/BTC,1604204140063,2020-11-01T04:15:40.063Z,buy,2.435e-05,42.0,0.0010226999999999999
NEBL/BTC,1604204342019,2020-11-01T04:19:02.019Z,buy,2.435e-05,7.0,0.00017045
NEBL/BTC,1604204383769,2020-11-01T04:19:43.769Z,buy,2.435e-05,222.0,0.005405699999999999
NEBL/BTC,1604204408802,2020-11-01T04:20:08.802Z,buy,2.437e-05,11.0,0.00026806999999999997
NEBL/BTC,1604204408802,2020-11-01T04:20:08.802Z,buy,2.445e-05,5.0,0.00012225000000000002
NEBL/BTC,1604204408802,2020-11-01T04:20:08.802Z,buy,2.447e-05,56.0,0.00137032
NEBL/BTC,1604204408802,2020-11-01T04:20:08.802Z,buy,2.448e-05,215.0,0.0052632
NEBL/BTC,1604204408802,2020-11-01T04:20:08.802Z,buy,2.45e-05,952.0,0.023323999999999998
NEBL/BTC,1604204408802,2020-11-01T04:20:08.802Z,buy,2.453e-05,1748.0,0.042878440000000004
NEBL/BTC,1604204408836,2020-11-01T04:20:08.836Z,sell,2.453e-05,13.0,0.00031889
NEBL/BTC,1604204418663,2020-11-01T04:20:18.663Z,buy,2.453e-05,8.0,0.00019624
NEBL/BTC,1604204418663,2020-11-01T04:20:18.663Z,buy,2.454e-05,2992.0,0.07342367999999999
NEBL/BTC,1604204517503,2020-11-01T04:21:57.503Z,sell,2.441e-05,78.0,0.0019039799999999998
NEBL/BTC,1604204522316,2020-11-01T04:22:02.316Z,buy,2.441e-05,6.0,0.00014646
NEBL/BTC,1604204660178,2020-11-01T04:24:20.178Z,buy,2.441e-05,6039.0,0.14741199
NEBL/BTC,1604204693759,2020-11-01T04:24:53.759Z,buy,2.441e-05,8593.0,0.20975512999999998
NEBL/BTC,1604204941274,2020-11-01T04:29:01.274Z,sell,2.445e-05,6.0,0.00014670000000000002
NEBL/BTC,1604204941274,2020-11-01T04:29:01.274Z,sell,2.444e-05,1.0,2.444e-05
NEBL/BTC,1604205512440,2020-11-01T04:38:32.440Z,buy,2.456e-05,538.0,0.013213279999999999
NEBL/BTC,1604205512440,2020-11-01T04:38:32.440Z,buy,2.458e-05,32.0,0.00078656
NEBL/BTC,1604205512440,2020-11-01T04:38:32.440Z,buy,2.46e-05,452.0,0.011119200000000001
NEBL/BTC,1604205512440,2020-11-01T04:38:32.440Z,buy,2.461e-05,2478.0,0.06098358
NEBL/BTC,1604205519785,2020-11-01T04:38:39.785Z,buy,2.461e-05,514.0,0.01264954
NEBL/BTC,1604205530982,2020-11-01T04:38:50.982Z,buy,2.462e-05,190.0,0.0046778
NEBL/BTC,1604205888331,2020-11-01T04:44:48.331Z,sell,2.45e-05,5.0,0.0001225
NEBL/BTC,1604205888331,2020-11-01T04:44:48.331Z,sell,2.441e-05,77.0,0.00187957
NEBL/BTC,1604205888331,2020-11-01T04:44:48.331Z,sell,2.44e-05,106.0,0.0025864
NEBL/BTC,1604205888331,2020-11-01T04:44:48.331Z,sell,2.435e-05,12.0,0.0002922
NEBL/BTC,1604205888331,2020-11-01T04:44:48.331Z,sell,2.435e-05,16.0,0.0003896
NEBL/BTC,1604206027479,2020-11-01T04:47:07.479Z,buy,2.435e-05,5.0,0.00012174999999999999
NEBL/BTC,1604206096194,2020-11-01T04:48:16.194Z,buy,2.435e-05,5.0,0.00012174999999999999
NEBL/BTC,1604206113912,2020-11-01T04:48:33.912Z,buy,2.435e-05,23.0,0.00056005
NEBL/BTC,1604206113912,2020-11-01T04:48:33.912Z,buy,2.437e-05,1319.0,0.03214403
NEBL/BTC,1604206181919,2020-11-01T04:49:41.919Z,buy,2.442e-05,8.0,0.00019536
NEBL/BTC,1604206181919,2020-11-01T04:49:41.919Z,buy,2.445e-05,5.0,0.00012225000000000002
NEBL/BTC,1604206181919,2020-11-01T04:49:41.919Z,buy,2.452e-05,77.0,0.00188804
NEBL/BTC,1604206181940,2020-11-01T04:49:41.940Z,sell,2.452e-05,136.0,0.00333472
NEBL/BTC,1604206189554,2020-11-01T04:49:49.554Z,buy,2.456e-05,5.0,0.0001228
NEBL/BTC,1604206189554,2020-11-01T04:49:49.554Z,buy,2.457e-05,218.0,0.00535626
NEBL/BTC,1604206300025,2020-11-01T04:51:40.025Z,buy,2.46e-05,2.0,4.92e-05
NEBL/BTC,1604206365754,2020-11-01T04:52:45.754Z,buy,2.46e-05,11.0,0.0002706
NEBL/BTC,1604206365754,2020-11-01T04:52:45.754Z,buy,2.46e-05,11.0,0.0002706
NEBL/BTC,1604206988711,2020-11-01T05:03:08.711Z,buy,2.46e-05,21.0,0.0005166000000000001
NEBL/BTC,1604206988711,2020-11-01T05:03:08.711Z,buy,2.461e-05,5.0,0.00012305
NEBL/BTC,1604206988711,2020-11-01T05:03:08.711Z,buy,2.464e-05,93.0,0.00229152
NEBL/BTC,1604206988711,2020-11-01T05:03:08.711Z,buy,2.465e-05,236.0,0.0058173999999999995
NEBL/BTC,1604206988711,2020-11-01T05:03:08.711Z,buy,2.466e-05,3051.0,0.07523766
NEBL/BTC,1604206988731,2020-11-01T05:03:08.731Z,sell,2.466e-05,94.0,0.00231804
NEBL/BTC,1604207002476,2020-11-01T05:03:22.476Z,buy,2.468e-05,88.0,0.00217184
NEBL/BTC,1604207002476,2020-11-01T05:03:22.476Z,buy,2.469e-05,113.0,0.0027899699999999997
NEBL/BTC,1604207002476,2020-11-01T05:03:22.476Z,buy,2.47e-05,2799.0,0.0691353
NEBL/BTC,1604207009421,2020-11-01T05:03:29.421Z,buy,2.47e-05,177.0,0.0043719
NEBL/BTC,1604207020596,2020-11-01T05:03:40.596Z,sell,2.458e-05,42.0,0.00103236
NEBL/BTC,1604207200366,2020-11-01T05:06:40.366Z,buy,2.472e-05,44.0,0.00108768
NEBL/BTC,1604207260207,2020-11-01T05:07:40.207Z,sell,2.465e-05,327.0,0.00806055
NEBL/BTC,1604207698725,2020-11-01T05:14:58.725Z,buy,2.465e-05,5.0,0.00012325
NEBL/BTC,1604207698725,2020-11-01T05:14:58.725Z,buy,2.47e-05,2976.0,0.07350720000000001
NEBL/BTC,1604207698751,2020-11-01T05:14:58.751Z,sell,2.47e-05,636.0,0.0157092
NEBL/BTC,1604207698773,2020-11-01T05:14:58.773Z,sell,2.451e-05,81.0,0.00198531
NEBL/BTC,1604207698773,2020-11-01T05:14:58.773Z,sell,2.45e-05,247.0,0.0060515
NEBL/BTC,1604207698773,2020-11-01T05:14:58.773Z,sell,2.443e-05,21.0,0.00051303
NEBL/BTC,1604207698773,2020-11-01T05:14:58.773Z,sell,2.44e-05,271.0,0.0066124
NEBL/BTC,1604207698773,2020-11-01T05:14:58.773Z,sell,2.439e-05,16.0,0.00039024
NEBL/BTC,1604207698787,2020-11-01T05:14:58.787Z,buy,2.442e-05,12.0,0.00029304
NEBL/BTC,1604207758796,2020-11-01T05:15:58.796Z,sell,2.438e-05,82.0,0.00199916
NEBL/BTC,1604207758796,2020-11-01T05:15:58.796Z,sell,2.435e-05,29.0,0.00070615
NEBL/BTC,1604207874790,2020-11-01T05:17:54.790Z,sell,2.457e-05,81.0,0.00199017
NEBL/BTC,1604207884210,2020-11-01T05:18:04.210Z,sell,2.457e-05,43.0,0.00105651
NEBL/BTC,1604208038773,2020-11-01T05:20:38.773Z,sell,2.457e-05,139.0,0.00341523
NEBL/BTC,1604208101075,2020-11-01T05:21:41.075Z,sell,2.458e-05,7.0,0.00017205999999999998
NEBL/BTC,1604208199656,2020-11-01T05:23:19.656Z,sell,2.457e-05,375.0,0.00921375
NEBL/BTC,1604208239293,2020-11-01T05:23:59.293Z,sell,2.457e-05,426.0,0.01046682
NEBL/BTC,1604208260132,2020-11-01T05:24:20.132Z,sell,2.457e-05,71.0,0.00174447
NEBL/BTC,1604208294087,2020-11-01T05:24:54.087Z,buy,2.453e-05,5.0,0.00012265
NEBL/BTC,1604208746890,2020-11-01T05:32:26.890Z,buy,2.445e-05,5.0,0.00012225000000000002
NEBL/BTC,1604208789632,2020-11-01T05:33:09.632Z,buy,2.444e-05,8.0,0.00019552
NEBL/BTC,1604209128907,2020-11-01T05:38:48.907Z,sell,2.433e-05,154.0,0.0037468199999999997
NEBL/BTC,1604209425334,2020-11-01T05:43:45.334Z,sell,2.436e-05,6.0,0.00014616
NEBL/BTC,1604209425334,2020-11-01T05:43:45.334Z,sell,2.434e-05,27.0,0.00065718
NEBL/BTC,1604209538630,2020-11-01T05:45:38.630Z,buy,2.446e-05,269.0,0.00657974
NEBL/BTC,1604209538630,2020-11-01T05:45:38.630Z,buy,2.447e-05,16.0,0.00039152
NEBL/BTC,1604209538630,2020-11-01T05:45:38.630Z,buy,2.448e-05,475.0,0.011628
NEBL/BTC,1604209538630,2020-11-01T05:45:38.630Z,buy,2.446e-05,269.0,0.00657974
NEBL/BTC,1604209538630,2020-11-01T05:45:38.630Z,buy,2.447e-05,16.0,0.00039152
NEBL/BTC,1604209538630,2020-11-01T05:45:38.630Z,buy,2.448e-05,475.0,0.011628
NEBL/BTC,1604210137087,2020-11-01T05:55:37.087Z,buy,2.448e-05,755.0,0.0184824
NEBL/BTC,1604210534499,2020-11-01T06:02:14.499Z,buy,2.448e-05,7.0,0.00017135999999999999
NEBL/BTC,1604211089228,2020-11-01T06:11:29.228Z,sell,2.444e-05,40.0,0.0009776
NEBL/BTC,1604211091348,2020-11-01T06:11:31.348Z,sell,2.444e-05,38.0,0.00092872
NEBL/BTC,1604211097104,2020-11-01T06:11:37.104Z,sell,2.444e-05,34.0,0.0008309599999999999
NEBL/BTC,1604211099183,2020-11-01T06:11:39.183Z,sell,2.444e-05,33.0,0.00080652
NEBL/BTC,1604211123021,2020-11-01T06:12:03.021Z,sell,2.444e-05,6.0,0.00014664
NEBL/BTC,1604211130391,2020-11-01T06:12:10.391Z,sell,2.444e-05,24.0,0.00058656
NEBL/BTC,1604211134925,2020-11-01T06:12:14.925Z,sell,2.444e-05,26.0,0.00063544
NEBL/BTC,1604211139053,2020-11-01T06:12:19.053Z,sell,2.444e-05,25.0,0.000611
NEBL/BTC,1604211139061,2020-11-01T06:12:19.061Z,sell,2.443e-05,25.0,0.0006107500000000001
NEBL/BTC,1604211144722,2020-11-01T06:12:24.722Z,sell,2.444e-05,23.0,0.00056212
NEBL/BTC,1604211146497,2020-11-01T06:12:26.497Z,sell,2.444e-05,22.0,0.00053768
NEBL/BTC,1604211151460,2020-11-01T06:12:31.460Z,sell,2.444e-05,21.0,0.00051324
NEBL/BTC,1604211170946,2020-11-01T06:12:50.946Z,sell,2.444e-05,93.0,0.00227292
NEBL/BTC,1604211481977,2020-11-01T06:18:01.977Z,sell,2.446e-05,5.0,0.0001223
NEBL/BTC,1604211609616,2020-11-01T06:20:09.616Z,sell,2.447e-05,7.0,0.00017129
NEBL/BTC,1604211609616,2020-11-01T06:20:09.616Z,sell,2.447e-05,7.0,0.00017129
NEBL/BTC,1604213434538,2020-11-01T06:50:34.538Z,buy,2.448e-05,319.0,0.00780912
NEBL/BTC,1604213434538,2020-11-01T06:50:34.538Z,buy,2.456e-05,5.0,0.0001228
NEBL/BTC,1604213434538,2020-11-01T06:50:34.538Z,buy,2.458e-05,11.0,0.00027037999999999997
NEBL/BTC,1604213434538,2020-11-01T06:50:34.538Z,buy,2.461e-05,5.0,0.00012305
NEBL/BTC,1604213434538,2020-11-01T06:50:34.538Z,buy,2.464e-05,416.0,0.01025024
NEBL/BTC,1604213811999,2020-11-01T06:56:51.999Z,sell,2.452e-05,63.0,0.0015447599999999998
NEBL/BTC,1604213813291,2020-11-01T06:56:53.291Z,sell,2.453e-05,5.0,0.00012265
NEBL/BTC,1604213813709,2020-11-01T06:56:53.709Z,sell,2.45e-05,5.0,0.0001225
NEBL/BTC,1604213813709,2020-11-01T06:56:53.709Z,sell,2.442e-05,125.0,0.0030525
NEBL/BTC,1604213813709,2020-11-01T06:56:53.709Z,sell,2.44e-05,61.0,0.0014884
NEBL/BTC,1604213813709,2020-11-01T06:56:53.709Z,sell,2.438e-05,89.0,0.00216982
NEBL/BTC,1604213813709,2020-11-01T06:56:53.709Z,sell,2.436e-05,30.0,0.0007308
NEBL/BTC,1604214248265,2020-11-01T07:04:08.265Z,sell,2.452e-05,112.0,0.00274624
NEBL/BTC,1604214253313,2020-11-01T07:04:13.313Z,sell,2.453e-05,19.0,0.00046607
NEBL/BTC,1604214321194,2020-11-01T07:05:21.194Z,sell,2.454e-05,6.0,0.00014723999999999998
NEBL/BTC,1604214368490,2020-11-01T07:06:08.490Z,sell,2.454e-05,98.0,0.00240492
NEBL/BTC,1604214371565,2020-11-01T07:06:11.565Z,sell,2.453e-05,287.0,0.0070401100000000005
NEBL/BTC,1604214375155,2020-11-01T07:06:15.155Z,sell,2.454e-05,6.0,0.00014723999999999998
NEBL/BTC,1604214695002,2020-11-01T07:11:35.002Z,buy,2.454e-05,3.0,7.361999999999999e-05
NEBL/BTC,1604214803660,2020-11-01T07:13:23.660Z,buy,2.461e-05,5.0,0.00012305
NEBL/BTC,1604214803660,2020-11-01T07:13:23.660Z,buy,2.466e-05,5.0,0.00012330000000000002
NEBL/BTC,1604214803660,2020-11-01T07:13:23.660Z,buy,2.469e-05,89.0,0.00219741
NEBL/BTC,1604214803660,2020-11-01T07:13:23.660Z,buy,2.47e-05,30.0,0.000741
NEBL/BTC,1604214803660,2020-11-01T07:13:23.660Z,buy,2.471e-05,448.0,0.01107008
NEBL/BTC,1604214803660,2020-11-01T07:13:23.660Z,buy,2.472e-05,32.0,0.00079104
NEBL/BTC,1604214803660,2020-11-01T07:13:23.660Z,buy,2.461e-05,5.0,0.00012305
NEBL/BTC,1604214803660,2020-11-01T07:13:23.660Z,buy,2.466e-05,5.0,0.00012330000000000002
NEBL/BTC,1604214803660,2020-11-01T07:13:23.660Z,buy,2.469e-05,89.0,0.00219741
NEBL/BTC,1604214803660,2020-11-01T07:13:23.660Z,buy,2.47e-05,30.0,0.000741
NEBL/BTC,1604214803660,2020-11-01T07:13:23.660Z,buy,2.471e-05,448.0,0.01107008
NEBL/BTC,1604214803660,2020-11-01T07:13:23.660Z,buy,2.472e-05,32.0,0.00079104
NEBL/BTC,1604215534372,2020-11-01T07:25:34.372Z,buy,2.471e-05,82.0,0.00202622
NEBL/BTC,1604215534372,2020-11-01T07:25:34.372Z,buy,2.472e-05,666.0,0.01646352
NEBL/BTC,1604216006080,2020-11-01T07:33:26.080Z,buy,2.472e-05,8.0,0.00019776
NEBL/BTC,1604216006080,2020-11-01T07:33:26.080Z,buy,2.473e-05,5.0,0.00012365
NEBL/BTC,1604216006080,2020-11-01T07:33:26.080Z,buy,2.475e-05,67.0,0.00165825
NEBL/BTC,1604216435497,2020-11-01T07:40:35.497Z,buy,2.47e-05,77.0,0.0019019
NEBL/BTC,1604216435497,2020-11-01T07:40:35.497Z,buy,2.476e-05,5.0,0.0001238
NEBL/BTC,1604216435497,2020-11-01T07:40:35.497Z,buy,2.478e-05,11.0,0.00027258
NEBL/BTC,1604216435497,2020-11-01T07:40:35.497Z,buy,2.48e-05,214.0,0.0053072
NEBL/BTC,1604216435497,2020-11-01T07:40:35.497Z,buy,2.481e-05,61.0,0.0015134100000000002
NEBL/BTC,1604216435497,2020-11-01T07:40:35.497Z,buy,2.483e-05,379.0,0.00941057
NEBL/BTC,1604216955828,2020-11-01T07:49:15.828Z,sell,2.474e-05,5.0,0.0001237
NEBL/BTC,1604216955828,2020-11-01T07:49:15.828Z,sell,2.474e-05,69.0,0.00170706
NEBL/BTC,1604217008222,2020-11-01T07:50:08.222Z,sell,2.474e-05,124.0,0.00306776
NEBL/BTC,1604217111780,2020-11-01T07:51:51.780Z,sell,2.48e-05,23.0,0.0005704
NEBL/BTC,1604217176562,2020-11-01T07:52:56.562Z,sell,2.479e-05,52.0,0.0012890800000000002
NEBL/BTC,1604217178666,2020-11-01T07:52:58.666Z,sell,2.48e-05,12.0,0.00029759999999999997
NEBL/BTC,1604217284603,2020-11-01T07:54:44.603Z,sell,2.48e-05,51.0,0.0012648
NEBL/BTC,1604217284603,2020-11-01T07:54:44.603Z,sell,2.461e-05,28.0,0.00068908
NEBL/BTC,1604217729225,2020-11-01T08:02:09.225Z,sell,2.463e-05,7.0,0.00017241
NEBL/BTC,1604218047202,2020-11-01T08:07:27.202Z,buy,2.473e-05,5.0,0.00012365
NEBL/BTC,1604218047202,2020-11-01T08:07:27.202Z,buy,2.48e-05,45.0,0.001116
NEBL/BTC,1604218047202,2020-11-01T08:07:27.202Z,buy,2.482e-05,23.0,0.00057086
NEBL/BTC,1604218047202,2020-11-01T08:07:27.202Z,buy,2.483e-05,9.0,0.00022347
NEBL/BTC,1604218047202,2020-11-01T08:07:27.202Z,buy,2.473e-05,5.0,0.00012365
NEBL/BTC,1604218047202,2020-11-01T08:07:27.202Z,buy,2.48e-05,45.0,0.001116
NEBL/BTC,1604218047202,2020-11-01T08:07:27.202Z,buy,2.482e-05,23.0,0.00057086
NEBL/BTC,1604218047202,2020-11-01T08:07:27.202Z,buy,2.483e-05,9.0,0.00022347
NEBL/BTC,1604219546573,2020-11-01T08:32:26.573Z,sell,2.481e-05,37.0,0.00091797
NEBL/BTC,1604219608595,2020-11-01T08:33:28.595Z,buy,2.482e-05,12.0,0.00029784
NEBL/BTC,1604219756510,2020-11-01T08:35:56.510Z,sell,2.484e-05,240.0,0.0059616
NEBL/BTC,1604219758551,2020-11-01T08:35:58.551Z,sell,2.484e-05,5.0,0.00012419999999999998
NEBL/BTC,1604219758785,2020-11-01T08:35:58.785Z,buy,2.484e-05,2.0,4.968e-05
NEBL/BTC,1604220552212,2020-11-01T08:49:12.212Z,sell,2.474e-05,117.0,0.00289458
NEBL/BTC,1604220935550,2020-11-01T08:55:35.550Z,sell,2.472e-05,408.0,0.010085760000000001
NEBL/BTC,1604221475086,2020-11-01T09:04:35.086Z,buy,2.474e-05,241.0,0.00596234
NEBL/BTC,1604221475086,2020-11-01T09:04:35.086Z,buy,2.474e-05,241.0,0.00596234
NEBL/BTC,1604223635612,2020-11-01T09:40:35.612Z,sell,2.484e-05,575.0,0.014282999999999999
NEBL/BTC,1604223635612,2020-11-01T09:40:35.612Z,sell,2.469e-05,34.0,0.00083946
NEBL/BTC,1604223635612,2020-11-01T09:40:35.612Z,sell,2.467e-05,138.0,0.0034044599999999998
NEBL/BTC,1604223785661,2020-11-01T09:43:05.661Z,buy,2.485e-05,2.0,4.97e-05
NEBL/BTC,1604224358193,2020-11-01T09:52:38.193Z,buy,2.484e-05,2.0,4.968e-05
NEBL/BTC,1604224834500,2020-11-01T10:00:34.500Z,sell,2.477e-05,113.0,0.0027990099999999998
NEBL/BTC,1604224834500,2020-11-01T10:00:34.500Z,sell,2.463e-05,146.0,0.00359598
NEBL/BTC,1604224834500,2020-11-01T10:00:34.500Z,sell,2.461e-05,5.0,0.00012305
NEBL/BTC,1604224834500,2020-11-01T10:00:34.500Z,sell,2.458e-05,480.0,0.011798399999999999
NEBL/BTC,1604224868915,2020-11-01T10:01:08.915Z,sell,2.46e-05,82.0,0.0020172000000000002
NEBL/BTC,1604224868915,2020-11-01T10:01:08.915Z,sell,2.46e-05,82.0,0.0020172000000000002
NEBL/BTC,1604225586434,2020-11-01T10:13:06.434Z,buy,2.472e-05,5.0,0.0001236
NEBL/BTC,1604225837506,2020-11-01T10:17:17.506Z,buy,2.472e-05,2.0,4.944e-05
NEBL/BTC,1604225912921,2020-11-01T10:18:32.921Z,buy,2.473e-05,5.0,0.00012365
NEBL/BTC,1604225968427,2020-11-01T10:19:28.427Z,sell,2.474e-05,5.0,0.0001237
NEBL/BTC,1604225973958,2020-11-01T10:19:33.958Z,buy,2.475e-05,26.0,0.0006435
NEBL/BTC,1604226913148,2020-11-01T10:35:13.148Z,buy,2.475e-05,7.0,0.00017324999999999998
NEBL/BTC,1604226913148,2020-11-01T10:35:13.148Z,buy,2.475e-05,7.0,0.00017324999999999998
NEBL/BTC,1604228554107,2020-11-01T11:02:34.107Z,buy,2.475e-05,12.0,0.00029699999999999996
NEBL/BTC,1604229367307,2020-11-01T11:16:07.307Z,sell,2.467e-05,238.0,0.00587146
NEBL/BTC,1604229367307,2020-11-01T11:16:07.307Z,sell,2.467e-05,238.0,0.00587146
NEBL/BTC,1604231132430,2020-11-01T11:45:32.430Z,buy,2.475e-05,73.0,0.00180675
NEBL/BTC,1604231132430,2020-11-01T11:45:32.430Z,buy,2.484e-05,72.0,0.0017884799999999998
NEBL/BTC,1604231132430,2020-11-01T11:45:32.430Z,buy,2.485e-05,67.0,0.0016649500000000001
NEBL/BTC,1604231132430,2020-11-01T11:45:32.430Z,buy,2.487e-05,243.0,0.00604341
NEBL/BTC,1604231132430,2020-11-01T11:45:32.430Z,buy,2.488e-05,10.0,0.0002488
NEBL/BTC,1604231132430,2020-11-01T11:45:32.430Z,buy,2.489e-05,284.0,0.00706876
NEBL/BTC,1604231804810,2020-11-01T11:56:44.810Z,buy,2.489e-05,49.0,0.00121961
NEBL/BTC,1604232741280,2020-11-01T12:12:21.280Z,buy,2.495e-05,46.0,0.0011477
NEBL/BTC,1604232741280,2020-11-01T12:12:21.280Z,buy,2.495e-05,46.0,0.0011477
NEBL/BTC,1604233233656,2020-11-01T12:20:33.656Z,sell,2.474e-05,19.0,0.00047006
NEBL/BTC,1604233233656,2020-11-01T12:20:33.656Z,sell,2.473e-05,129.0,0.00319017
NEBL/BTC,1604233233656,2020-11-01T12:20:33.656Z,sell,2.466e-05,96.0,0.00236736
NEBL/BTC,1604233233656,2020-11-01T12:20:33.656Z,sell,2.465e-05,133.0,0.00327845
NEBL/BTC,1604233233656,2020-11-01T12:20:33.656Z,sell,2.464e-05,130.0,0.0032032000000000002
NEBL/BTC,1604233233656,2020-11-01T12:20:33.656Z,sell,2.463e-05,234.0,0.00576342
NEBL/BTC,1604233297480,2020-11-01T12:21:37.480Z,buy,2.472e-05,5.0,0.0001236
NEBL/BTC,1604233493480,2020-11-01T12:24:53.480Z,sell,2.461e-05,5.0,0.00012305
NEBL/BTC,1604234498905,2020-11-01T12:41:38.905Z,sell,2.461e-05,34.0,0.00083674
NEBL/BTC,1604235154841,2020-11-01T12:52:34.841Z,sell,2.46e-05,10.0,0.000246
NEBL/BTC,1604235156225,2020-11-01T12:52:36.225Z,buy,2.46e-05,162.0,0.0039852
NEBL/BTC,1604235161403,2020-11-01T12:52:41.403Z,buy,2.46e-05,5.0,0.000123
NEBL/BTC,1604235312222,2020-11-01T12:55:12.222Z,sell,2.453e-05,11.0,0.00026983
NEBL/BTC,1604235315236,2020-11-01T12:55:15.236Z,buy,2.452e-05,13.0,0.00031875999999999996
NEBL/BTC,1604235323804,2020-11-01T12:55:23.804Z,sell,2.45e-05,5.0,0.0001225
NEBL/BTC,1604235324227,2020-11-01T12:55:24.227Z,sell,2.449e-05,102.0,0.00249798
NEBL/BTC,1604235332444,2020-11-01T12:55:32.444Z,sell,2.448e-05,339.0,0.008298719999999999
NEBL/BTC,1604235538761,2020-11-01T12:58:58.761Z,sell,2.451e-05,118.0,0.0028921800000000003
NEBL/BTC,1604235538761,2020-11-01T12:58:58.761Z,sell,2.45e-05,119.0,0.0029154999999999997
NEBL/BTC,1604235538761,2020-11-01T12:58:58.761Z,sell,2.448e-05,296.0,0.00724608
NEBL/BTC,1604235695741,2020-11-01T13:01:35.741Z,buy,2.461e-05,5.0,0.00012305
NEBL/BTC,1604235695741,2020-11-01T13:01:35.741Z,buy,2.461e-05,5.0,0.00012305
NEBL/BTC,1604238092517,2020-11-01T13:41:32.517Z,buy,2.465e-05,184.0,0.0045356
NEBL/BTC,1604238092517,2020-11-01T13:41:32.517Z,buy,2.466e-05,119.0,0.0029345400000000002
NEBL/BTC,1604238092517,2020-11-01T13:41:32.517Z,buy,2.469e-05,109.0,0.00269121
NEBL/BTC,1604238092517,2020-11-01T13:41:32.517Z,buy,2.471e-05,53.0,0.00130963
NEBL/BTC,1604238095948,2020-11-01T13:41:35.948Z,buy,2.473e-05,5.0,0.00012365
NEBL/BTC,1604238188090,2020-11-01T13:43:08.090Z,sell,2.474e-05,8.0,0.00019792
NEBL/BTC,1604238405948,2020-11-01T13:46:45.948Z,sell,2.474e-05,51.0,0.00126174
NEBL/BTC,1604238405948,2020-11-01T13:46:45.948Z,sell,2.474e-05,51.0,0.00126174
NEBL/BTC,1604239354292,2020-11-01T14:02:34.292Z,sell,2.474e-05,31.0,0.00076694
NEBL/BTC,1604239652238,2020-11-01T14:07:32.238Z,sell,2.474e-05,191.0,0.00472534
NEBL/BTC,1604239656351,2020-11-01T14:07:36.351Z,sell,2.474e-05,79.0,0.00195446
NEBL/BTC,1604239658351,2020-11-01T14:07:38.351Z,sell,2.474e-05,79.0,0.00195446
NEBL/BTC,1604239660366,2020-11-01T14:07:40.366Z,sell,2.474e-05,35.0,0.0008659
NEBL/BTC,1604240703716,2020-11-01T14:25:03.716Z,buy,2.476e-05,558.0,0.01381608
NEBL/BTC,1604240703716,2020-11-01T14:25:03.716Z,buy,2.478e-05,11.0,0.00027258
NEBL/BTC,1604240703716,2020-11-01T14:25:03.716Z,buy,2.479e-05,113.0,0.0028012700000000002
NEBL/BTC,1604240703716,2020-11-01T14:25:03.716Z,buy,2.48e-05,152.0,0.0037696
NEBL/BTC,1604240703716,2020-11-01T14:25:03.716Z,buy,2.476e-05,558.0,0.01381608
NEBL/BTC,1604240703716,2020-11-01T14:25:03.716Z,buy,2.478e-05,11.0,0.00027258
NEBL/BTC,1604240703716,2020-11-01T14:25:03.716Z,buy,2.479e-05,113.0,0.0028012700000000002
NEBL/BTC,1604240703716,2020-11-01T14:25:03.716Z,buy,2.48e-05,152.0,0.0037696
NEBL/BTC,1604244153691,2020-11-01T15:22:33.691Z,sell,2.474e-05,8.0,0.00019792
NEBL/BTC,1604244153691,2020-11-01T15:22:33.691Z,sell,2.474e-05,8.0,0.00019792
NEBL/BTC,1604245835770,2020-11-01T15:50:35.770Z,sell,2.474e-05,55.0,0.0013607
NEBL/BTC,1604245835770,2020-11-01T15:50:35.770Z,sell,2.462e-05,110.0,0.0027082
NEBL/BTC,1604245835770,2020-11-01T15:50:35.770Z,sell,2.461e-05,5.0,0.00012305
NEBL/BTC,1604245835770,2020-11-01T15:50:35.770Z,sell,2.46e-05,134.0,0.0032964
NEBL/BTC,1604245835770,2020-11-01T15:50:35.770Z,sell,2.458e-05,95.0,0.0023350999999999997
NEBL/BTC,1604245835770,2020-11-01T15:50:35.770Z,sell,2.454e-05,116.0,0.0028466399999999997
NEBL/BTC,1604245835770,2020-11-01T15:50:35.770Z,sell,2.453e-05,11.0,0.00026983
NEBL/BTC,1604245835770,2020-11-01T15:50:35.770Z,sell,2.452e-05,221.0,0.00541892
NEBL/BTC,1604247683450,2020-11-01T16:21:23.450Z,buy,2.471e-05,2.0,4.942e-05
NEBL/BTC,1604247709975,2020-11-01T16:21:49.975Z,buy,2.47e-05,2.0,4.94e-05
NEBL/BTC,1604247722529,2020-11-01T16:22:02.529Z,buy,2.47e-05,3.0,7.41e-05
NEBL/BTC,1604247722529,2020-11-01T16:22:02.529Z,buy,2.47e-05,3.0,7.41e-05
NEBL/BTC,1604248099281,2020-11-01T16:28:19.281Z,buy,2.471e-05,114.0,0.00281694
NEBL/BTC,1604248833476,2020-11-01T16:40:33.476Z,buy,2.471e-05,2.0,4.942e-05
NEBL/BTC,1604248862373,2020-11-01T16:41:02.373Z,sell,2.458e-05,65.0,0.0015976999999999999
NEBL/BTC,1604249067870,2020-11-01T16:44:27.870Z,sell,2.46e-05,29.0,0.0007134000000000001
NEBL/BTC,1604249290223,2020-11-01T16:48:10.223Z,buy,2.471e-05,2.0,4.942e-05
NEBL/BTC,1604249565588,2020-11-01T16:52:45.588Z,sell,2.463e-05,29.0,0.00071427
NEBL/BTC,1604249662938,2020-11-01T16:54:22.938Z,sell,2.464e-05,89.0,0.0021929600000000003
NEBL/BTC,1604251295074,2020-11-01T17:21:35.074Z,sell,2.465e-05,25.0,0.0006162499999999999
NEBL/BTC,1604251295074,2020-11-01T17:21:35.074Z,sell,2.463e-05,447.0,0.01100961
NEBL/BTC,1604251295074,2020-11-01T17:21:35.074Z,sell,2.465e-05,25.0,0.0006162499999999999
NEBL/BTC,1604251295074,2020-11-01T17:21:35.074Z,sell,2.463e-05,447.0,0.01100961
NEBL/BTC,1604252265781,2020-11-01T17:37:45.781Z,sell,2.464e-05,8.0,0.00019712
NEBL/BTC,1604252265781,2020-11-01T17:37:45.781Z,sell,2.463e-05,33.0,0.00081279
NEBL/BTC,1604252386623,2020-11-01T17:39:46.623Z,sell,2.463e-05,1233.0,0.03036879
NEBL/BTC,1604253563941,2020-11-01T17:59:23.941Z,sell,2.463e-05,46.0,0.00113298
NEBL/BTC,1604254719585,2020-11-01T18:18:39.585Z,sell,2.463e-05,1030.0,0.0253689
NEBL/BTC,1604254719585,2020-11-01T18:18:39.585Z,sell,2.463e-05,1030.0,0.0253689
NEBL/BTC,1604256150881,2020-11-01T18:42:30.881Z,sell,2.463e-05,46.0,0.00113298
NEBL/BTC,1604256194964,2020-11-01T18:43:14.964Z,sell,2.463e-05,199.0,0.0049013699999999995
NEBL/BTC,1604256803198,2020-11-01T18:53:23.198Z,sell,2.463e-05,144.0,0.0035467199999999997
NEBL/BTC,1604257150139,2020-11-01T18:59:10.139Z,sell,2.463e-05,230.0,0.0056649
NEBL/BTC,1604257150139,2020-11-01T18:59:10.139Z,sell,2.459e-05,2188.0,0.05380292
NEBL/BTC,1604257150139,2020-11-01T18:59:10.139Z,sell,2.457e-05,163.0,0.00400491
NEBL/BTC,1604257150139,2020-11-01T18:59:10.139Z,sell,2.45e-05,1351.0,0.0330995
NEBL/BTC,1604257188271,2020-11-01T18:59:48.271Z,buy,2.46e-05,5.0,0.000123
NEBL/BTC,1604257353947,2020-11-01T19:02:33.947Z,buy,2.46e-05,10.0,0.000246
NEBL/BTC,1604257355747,2020-11-01T19:02:35.747Z,buy,2.461e-05,129.0,0.00317469
NEBL/BTC,1604257611472,2020-11-01T19:06:51.472Z,sell,2.461e-05,115.0,0.00283015
NEBL/BTC,1604257611472,2020-11-01T19:06:51.472Z,sell,2.461e-05,115.0,0.00283015
NEBL/BTC,1604258510467,2020-11-01T19:21:50.467Z,buy,2.461e-05,10.0,0.0002461
NEBL/BTC,1604258647574,2020-11-01T19:24:07.574Z,buy,2.461e-05,10.0,0.0002461
NEBL/BTC,1604258647574,2020-11-01T19:24:07.574Z,buy,2.473e-05,5.0,0.00012365
NEBL/BTC,1604258647574,2020-11-01T19:24:07.574Z,buy,2.476e-05,5.0,0.0001238
NEBL/BTC,1604258647574,2020-11-01T19:24:07.574Z,buy,2.478e-05,11.0,0.00027258
NEBL/BTC,1604258647574,2020-11-01T19:24:07.574Z,buy,2.484e-05,125.0,0.003105
NEBL/BTC,1604258647574,2020-11-01T19:24:07.574Z,buy,2.485e-05,1155.0,0.02870175
NEBL/BTC,1604258660685,2020-11-01T19:24:20.685Z,sell,2.475e-05,72.0,0.001782
NEBL/BTC,1604258855485,2020-11-01T19:27:35.485Z,sell,2.473e-05,144.0,0.0035611199999999997
NEBL/BTC,1604259015097,2020-11-01T19:30:15.097Z,buy,2.485e-05,2.0,4.97e-05
NEBL/BTC,1604260337393,2020-11-01T19:52:17.393Z,sell,2.463e-05,340.0,0.0083742
NEBL/BTC,1604260337393,2020-11-01T19:52:17.393Z,sell,2.461e-05,5.0,0.00012305
NEBL/BTC,1604260337408,2020-11-01T19:52:17.408Z,buy,2.458e-05,267.0,0.006562859999999999
NEBL/BTC,1604260395882,2020-11-01T19:53:15.882Z,buy,2.46e-05,5.0,0.000123
NEBL/BTC,1604260398314,2020-11-01T19:53:18.314Z,sell,2.459e-05,16.0,0.00039344
NEBL/BTC,1604260918866,2020-11-01T20:01:58.866Z,buy,2.459e-05,8.0,0.00019672
NEBL/BTC,1604260949526,2020-11-01T20:02:29.526Z,buy,2.459e-05,629.0,0.01546711
NEBL/BTC,1604260949526,2020-11-01T20:02:29.526Z,buy,2.459e-05,629.0,0.01546711
NEBL/BTC,1604261623705,2020-11-01T20:13:43.705Z,sell,2.461e-05,12.0,0.00029532
NEBL/BTC,1604262320719,2020-11-01T20:25:20.719Z,sell,2.472e-05,29.0,0.00071688
NEBL/BTC,1604262902449,2020-11-01T20:35:02.449Z,sell,2.463e-05,39.0,0.00096057
NEBL/BTC,1604263143309,2020-11-01T20:39:03.309Z,buy,2.47e-05,2.0,4.94e-05
NEBL/BTC,1604263451032,2020-11-01T20:44:11.032Z,buy,2.471e-05,5.0,0.00012355
NEBL/BTC,1604263534197,2020-11-01T20:45:34.197Z,buy,2.471e-05,748.0,0.01848308
NEBL/BTC,1604263613881,2020-11-01T20:46:53.881Z,buy,2.471e-05,400.0,0.009884
NEBL/BTC,1604263667952,2020-11-01T20:47:47.952Z,buy,2.471e-05,25.0,0.00061775
NEBL/BTC,1604263667959,2020-11-01T20:47:47.959Z,buy,2.471e-05,23.0,0.0005683299999999999
NEBL/BTC,1604263667968,2020-11-01T20:47:47.968Z,buy,2.471e-05,22.0,0.00054362
NEBL/BTC,1604263667980,2020-11-01T20:47:47.980Z,buy,2.471e-05,17.0,0.00042007
NEBL/BTC,1604263684728,2020-11-01T20:48:04.728Z,sell,2.466e-05,302.0,0.00744732
NEBL/BTC,1604263684728,2020-11-01T20:48:04.728Z,sell,2.462e-05,125.0,0.0030775000000000004
NEBL/BTC,1604263684728,2020-11-01T20:48:04.728Z,sell,2.461e-05,388.0,0.00954868
NEBL/BTC,1604263684728,2020-11-01T20:48:04.728Z,sell,2.459e-05,276.0,0.00678684
NEBL/BTC,1604263684728,2020-11-01T20:48:04.728Z,sell,2.458e-05,1233.0,0.03030714
NEBL/BTC,1604263684735,2020-11-01T20:48:04.735Z,buy,2.458e-05,427.0,0.010495659999999999
NEBL/BTC,1604263811172,2020-11-01T20:50:11.172Z,sell,2.462e-05,5.0,0.0001231
NEBL/BTC,1604263905591,2020-11-01T20:51:45.591Z,buy,2.471e-05,2.0,4.942e-05
NEBL/BTC,1604264128781,2020-11-01T20:55:28.781Z,buy,2.471e-05,2.0,4.942e-05
NEBL/BTC,1604264503774,2020-11-01T21:01:43.774Z,buy,2.471e-05,726.0,0.01793946
NEBL/BTC,1604264503774,2020-11-01T21:01:43.774Z,buy,2.471e-05,726.0,0.01793946
NEBL/BTC,1604264804008,2020-11-01T21:06:44.008Z,buy,2.471e-05,130.0,0.0032123
NEBL/BTC,1604264815905,2020-11-01T21:06:55.905Z,sell,2.466e-05,8.0,0.00019728
NEBL/BTC,1604264902886,2020-11-01T21:08:22.886Z,sell,2.468e-05,11.0,0.00027148
NEBL/BTC,1604264902886,2020-11-01T21:08:22.886Z,sell,2.467e-05,118.0,0.00291106
NEBL/BTC,1604265934915,2020-11-01T21:25:34.915Z,buy,2.471e-05,749.0,0.01850779
NEBL/BTC,1604266101907,2020-11-01T21:28:21.907Z,buy,2.471e-05,566.0,0.01398586
NEBL/BTC,1604266399143,2020-11-01T21:33:19.143Z,sell,2.472e-05,79.0,0.00195288
NEBL/BTC,1604266685898,2020-11-01T21:38:05.898Z,buy,2.473e-05,2.0,4.946e-05
NEBL/BTC,1604267475480,2020-11-01T21:51:15.480Z,buy,2.473e-05,2.0,4.946e-05
NEBL/BTC,1604267475480,2020-11-01T21:51:15.480Z,buy,2.473e-05,2.0,4.946e-05
NEBL/BTC,1604268220304,2020-11-01T22:03:40.304Z,buy,2.473e-05,1.0,2.473e-05
NEBL/BTC,1604268220304,2020-11-01T22:03:40.304Z,buy,2.476e-05,1.0,2.476e-05
NEBL/BTC,1604268259122,2020-11-01T22:04:19.122Z,buy,2.476e-05,5.0,0.0001238
NEBL/BTC,1604269211865,2020-11-01T22:20:11.865Z,buy,2.484e-05,2.0,4.968e-05
NEBL/BTC,1604269212429,2020-11-01T22:20:12.429Z,buy,2.484e-05,2.0,4.968e-05
NEBL/BTC,1604269379521,2020-11-01T22:22:59.521Z,buy,2.484e-05,6.0,0.00014904
NEBL/BTC,1604269661147,2020-11-01T22:27:41.147Z,sell,2.482e-05,10.0,0.0002482
NEBL/BTC,1604269661147,2020-11-01T22:27:41.147Z,sell,2.482e-05,22.0,0.00054604
NEBL/BTC,1604269917508,2020-11-01T22:31:57.508Z,sell,2.483e-05,60.0,0.0014898000000000001
NEBL/BTC,1604269943193,2020-11-01T22:32:23.193Z,sell,2.483e-05,6.0,0.00014898
NEBL/BTC,1604269943197,2020-11-01T22:32:23.197Z,sell,2.483e-05,6.0,0.00014898
NEBL/BTC,1604269947572,2020-11-01T22:32:27.572Z,sell,2.483e-05,6.0,0.00014898
NEBL/BTC,1604270365195,2020-11-01T22:39:25.195Z,buy,2.484e-05,2.0,4.968e-05
NEBL/BTC,1604270365195,2020-11-01T22:39:25.195Z,buy,2.485e-05,3.0,7.455e-05
NEBL/BTC,1604270365195,2020-11-01T22:39:25.195Z,buy,2.487e-05,5.0,0.00012435000000000001
NEBL/BTC,1604270365195,2020-11-01T22:39:25.195Z,buy,2.488e-05,1.0,2.488e-05
NEBL/BTC,1604270365203,2020-11-01T22:39:25.203Z,buy,2.488e-05,9.0,0.00022391999999999998
NEBL/BTC,1604270516284,2020-11-01T22:41:56.284Z,buy,2.496e-05,10.0,0.0002496
NEBL/BTC,1604270595299,2020-11-01T22:43:15.299Z,buy,2.497e-05,19.0,0.00047442999999999997
NEBL/BTC,1604270595299,2020-11-01T22:43:15.299Z,buy,2.498e-05,3.0,7.494000000000001e-05
NEBL/BTC,1604270663397,2020-11-01T22:44:23.397Z,sell,2.49e-05,54.0,0.0013445999999999998
NEBL/BTC,1604270663397,2020-11-01T22:44:23.397Z,sell,2.49e-05,7.0,0.00017429999999999998
NEBL/BTC,1604270947477,2020-11-01T22:49:07.477Z,buy,2.498e-05,2.0,4.996e-05
NEBL/BTC,1604271026011,2020-11-01T22:50:26.011Z,buy,2.498e-05,2.0,4.996e-05
NEBL/BTC,1604271026011,2020-11-01T22:50:26.011Z,buy,2.498e-05,2.0,4.996e-05
NEBL/BTC,1604271519250,2020-11-01T22:58:39.250Z,buy,2.498e-05,50.0,0.0012490000000000001
NEBL/BTC,1604271533649,2020-11-01T22:58:53.649Z,buy,2.498e-05,40.0,0.0009992
NEBL/BTC,1604273270381,2020-11-01T23:27:50.381Z,buy,2.498e-05,830.0,0.020733400000000003
NEBL/BTC,1604273270381,2020-11-01T23:27:50.381Z,buy,2.505e-05,159.0,0.00398295
NEBL/BTC,1604273270398,2020-11-01T23:27:50.398Z,sell,2.505e-05,796.0,0.0199398
NEBL/BTC,1604273325585,2020-11-01T23:28:45.585Z,buy,2.505e-05,43.0,0.00107715
NEBL/BTC,1604273325585,2020-11-01T23:28:45.585Z,buy,2.508e-05,8.0,0.00020064
NEBL/BTC,1604273325585,2020-11-01T23:28:45.585Z,buy,2.509e-05,178.0,0.004466019999999999
NEBL/BTC,1604273325585,2020-11-01T23:28:45.585Z,buy,2.51e-05,259.0,0.0065009
NEBL/BTC,1604273325585,2020-11-01T23:28:45.585Z,buy,2.511e-05,130.0,0.0032643
NEBL/BTC,1604273326203,2020-11-01T23:28:46.203Z,sell,2.511e-05,25.0,0.0006277499999999999
NEBL/BTC,1604273327073,2020-11-01T23:28:47.073Z,sell,2.511e-05,21.0,0.00052731
NEBL/BTC,1604273335098,2020-11-01T23:28:55.098Z,sell,2.511e-05,11.0,0.00027621
NEBL/BTC,1604273335926,2020-11-01T23:28:55.926Z,sell,2.511e-05,32.0,0.00080352
NEBL/BTC,1604273337327,2020-11-01T23:28:57.327Z,sell,2.511e-05,61.0,0.00153171
NEBL/BTC,1604273348403,2020-11-01T23:29:08.403Z,sell,2.511e-05,8.0,0.00020088
NEBL/BTC,1604273485951,2020-11-01T23:31:25.951Z,buy,2.513e-05,77.0,0.00193501
NEBL/BTC,1604273485951,2020-11-01T23:31:25.951Z,buy,2.514e-05,3.0,7.542e-05
NEBL/BTC,1604273524195,2020-11-01T23:32:04.195Z,sell,2.511e-05,105.0,0.0026365499999999997
NEBL/BTC,1604273925180,2020-11-01T23:38:45.180Z,buy,2.507e-05,32.0,0.00080224
NEBL/BTC,1604273925180,2020-11-01T23:38:45.180Z,buy,2.508e-05,275.0,0.006897
NEBL/BTC,1604273925180,2020-11-01T23:38:45.180Z,buy,2.509e-05,88.0,0.00220792
NEBL/BTC,1604273925180,2020-11-01T23:38:45.180Z,buy,2.511e-05,16.0,0.00040176
NEBL/BTC,1604273925180,2020-11-01T23:38:45.180Z,buy,2.513e-05,194.0,0.00487522
NEBL/BTC,1604273925180,2020-11-01T23:38:45.180Z,buy,2.514e-05,2974.0,0.07476636
NEBL/BTC,1604273956978,2020-11-01T23:39:16.978Z,buy,2.516e-05,10.0,0.0002516
NEBL/BTC,1604273956978,2020-11-01T23:39:16.978Z,buy,2.518e-05,605.0,0.0152339
NEBL/BTC,1604273956978,2020-11-01T23:39:16.978Z,buy,2.519e-05,1061.0,0.02672659
NEBL/BTC,1604274296121,2020-11-01T23:44:56.121Z,sell,2.498e-05,11.0,0.00027478
NEBL/BTC,1604274296121,2020-11-01T23:44:56.121Z,sell,2.498e-05,83.0,0.00207334
NEBL/BTC,1604274296121,2020-11-01T23:44:56.121Z,sell,2.498e-05,11.0,0.00027478
NEBL/BTC,1604274296121,2020-11-01T23:44:56.121Z,sell,2.498e-05,83.0,0.00207334
NEBL/BTC,1604274684245,2020-11-01T23:51:24.245Z,buy,2.517e-05,105.0,0.00264285
NEBL/BTC,1604274684252,2020-11-01T23:51:24.252Z,sell,2.517e-05,93.0,0.00234081
NEBL/BTC,1604275535537,2020-11-02T00:05:35.537Z,sell,2.5e-05,735.0,0.018375000000000002
NEBL/BTC,1604276151651,2020-11-02T00:15:51.651Z,sell,2.502e-05,12.0,0.00030024
NEBL/BTC,1604277615182,2020-11-02T00:40:15.182Z,buy,2.513e-05,42.0,0.00105546
NEBL/BTC,1604277663548,2020-11-02T00:41:03.548Z,buy,2.517e-05,11.0,0.00027687
NEBL/BTC,1604277751335,2020-11-02T00:42:31.335Z,buy,2.52e-05,215.0,0.005418
NEBL/BTC,1604277785034,2020-11-02T00:43:05.034Z,buy,2.521e-05,4.0,0.00010084
NEBL/BTC,1604277812025,2020-11-02T00:43:32.025Z,buy,2.522e-05,24.0,0.0006052799999999999
NEBL/BTC,1604277812150,2020-11-02T00:43:32.150Z,buy,2.522e-05,16.0,0.00040352
NEBL/BTC,1604277812150,2020-11-02T00:43:32.150Z,buy,2.522e-05,16.0,0.00040352
NEBL/BTC,1604278057201,2020-11-02T00:47:37.201Z,buy,2.529e-05,38.0,0.00096102
NEBL/BTC,1604278057201,2020-11-02T00:47:37.201Z,buy,2.531e-05,5.0,0.00012655
NEBL/BTC,1604278057201,2020-11-02T00:47:37.201Z,buy,2.54e-05,146.0,0.0037084
NEBL/BTC,1604278057201,2020-11-02T00:47:37.201Z,buy,2.542e-05,207.0,0.0052619400000000005
NEBL/BTC,1604278108899,2020-11-02T00:48:28.899Z,buy,2.541e-05,83.0,0.00210903
NEBL/BTC,1604278143943,2020-11-02T00:49:03.943Z,buy,2.541e-05,280.0,0.0071148
NEBL/BTC,1604278144215,2020-11-02T00:49:04.215Z,sell,2.541e-05,8.0,0.00020328
NEBL/BTC,1604278668063,2020-11-02T00:57:48.063Z,sell,2.525e-05,5.0,0.00012625
NEBL/BTC,1604278668063,2020-11-02T00:57:48.063Z,sell,2.525e-05,51.0,0.00128775
NEBL/BTC,1604278993178,2020-11-02T01:03:13.178Z,sell,2.525e-05,64.0,0.001616
NEBL/BTC,1604279370595,2020-11-02T01:09:30.595Z,sell,2.525e-05,29.0,0.00073225
NEBL/BTC,1604279370595,2020-11-02T01:09:30.595Z,sell,2.522e-05,80.0,0.0020176
NEBL/BTC,1604279380257,2020-11-02T01:09:40.257Z,buy,2.522e-05,347.0,0.00875134
NEBL/BTC,1604279381430,2020-11-02T01:09:41.430Z,buy,2.522e-05,4.0,0.00010088
NEBL/BTC,1604279456050,2020-11-02T01:10:56.050Z,sell,2.521e-05,5.0,0.00012605
NEBL/BTC,1604280215451,2020-11-02T01:23:35.451Z,sell,2.521e-05,5.0,0.00012605
NEBL/BTC,1604280348319,2020-11-02T01:25:48.319Z,buy,2.522e-05,30.0,0.0007566
NEBL/BTC,1604280348319,2020-11-02T01:25:48.319Z,buy,2.522e-05,30.0,0.0007566
NEBL/BTC,1604281674612,2020-11-02T01:47:54.612Z,buy,2.522e-05,5.0,0.0001261
NEBL/BTC,1604281681856,2020-11-02T01:48:01.856Z,buy,2.522e-05,5.0,0.0001261
NEBL/BTC,1604281683924,2020-11-02T01:48:03.924Z,sell,2.525e-05,4.0,0.000101
NEBL/BTC,1604281864142,2020-11-02T01:51:04.142Z,sell,2.522e-05,18.0,0.00045396
NEBL/BTC,1604282736290,2020-11-02T02:05:36.290Z,buy,2.538e-05,5.0,0.0001269
NEBL/BTC,1604282736290,2020-11-02T02:05:36.290Z,buy,2.54e-05,4.0,0.0001016
NEBL/BTC,1604282736290,2020-11-02T02:05:36.290Z,buy,2.543e-05,34.0,0.00086462
NEBL/BTC,1604282736290,2020-11-02T02:05:36.290Z,buy,2.544e-05,10.0,0.0002544
NEBL/BTC,1604282736290,2020-11-02T02:05:36.290Z,buy,2.545e-05,4.0,0.0001018
NEBL/BTC,1604282736290,2020-11-02T02:05:36.290Z,buy,2.55e-05,111.0,0.0028305
NEBL/BTC,1604282736290,2020-11-02T02:05:36.290Z,buy,2.552e-05,461.0,0.01176472
NEBL/BTC,1604282736290,2020-11-02T02:05:36.290Z,buy,2.553e-05,104.0,0.00265512
NEBL/BTC,1604282783009,2020-11-02T02:06:23.009Z,sell,2.536e-05,33.0,0.00083688
NEBL/BTC,1604283311071,2020-11-02T02:15:11.071Z,sell,2.537e-05,209.0,0.00530233
NEBL/BTC,1604283345647,2020-11-02T02:15:45.647Z,buy,2.537e-05,4.0,0.00010148
NEBL/BTC,1604283364390,2020-11-02T02:16:04.390Z,sell,2.532e-05,786.0,0.019901520000000002
NEBL/BTC,1604283364390,2020-11-02T02:16:04.390Z,sell,2.532e-05,6.0,0.00015192
NEBL/BTC,1604283690540,2020-11-02T02:21:30.540Z,buy,2.549e-05,44.0,0.0011215600000000002
NEBL/BTC,1604283704398,2020-11-02T02:21:44.398Z,buy,2.549e-05,12.0,0.00030588
NEBL/BTC,1604283704508,2020-11-02T02:21:44.508Z,sell,2.549e-05,795.0,0.020264550000000003
NEBL/BTC,1604283718023,2020-11-02T02:21:58.023Z,sell,2.549e-05,84.0,0.00214116
NEBL/BTC,1604283720082,2020-11-02T02:22:00.082Z,sell,2.549e-05,388.0,0.00989012
NEBL/BTC,1604283720283,2020-11-02T02:22:00.283Z,sell,2.549e-05,93.0,0.0023705700000000002
NEBL/BTC,1604283720283,2020-11-02T02:22:00.283Z,sell,2.549e-05,93.0,0.0023705700000000002
NEBL/BTC,1604284313260,2020-11-02T02:31:53.260Z,sell,2.531e-05,5.0,0.00012655
NEBL/BTC,1604284313260,2020-11-02T02:31:53.260Z,sell,2.521e-05,113.0,0.0028487300000000003
NEBL/BTC,1604284313260,2020-11-02T02:31:53.260Z,sell,2.52e-05,112.0,0.0028224
NEBL/BTC,1604284313260,2020-11-02T02:31:53.260Z,sell,2.519e-05,289.0,0.0072799100000000005
NEBL/BTC,1604284328190,2020-11-02T02:32:08.190Z,sell,2.518e-05,80.0,0.0020144
NEBL/BTC,1604287214727,2020-11-02T03:20:14.727Z,buy,2.531e-05,5.0,0.00012655
NEBL/BTC,1604287214727,2020-11-02T03:20:14.727Z,buy,2.531e-05,5.0,0.00012655
NEBL/BTC,1604287330665,2020-11-02T03:22:10.665Z,sell,2.521e-05,36.0,0.0009075600000000001
NEBL/BTC,1604287330665,2020-11-02T03:22:10.665Z,sell,2.521e-05,36.0,0.0009075600000000001
NEBL/BTC,1604291508146,2020-11-02T04:31:48.146Z,sell,2.52e-05,74.0,0.0018648
NEBL/BTC,1604291515942,2020-11-02T04:31:55.942Z,buy,2.52e-05,4.0,0.0001008
NEBL/BTC,1604291515942,2020-11-02T04:31:55.942Z,buy,2.52e-05,4.0,0.0001008
NEBL/BTC,1604291624760,2020-11-02T04:33:44.760Z,sell,2.517e-05,71.0,0.0017870700000000002
NEBL/BTC,1604291624760,2020-11-02T04:33:44.760Z,sell,2.516e-05,10.0,0.0002516
NEBL/BTC,1604291624760,2020-11-02T04:33:44.760Z,sell,2.515e-05,25.0,0.0006287500000000001
NEBL/BTC,1604292236297,2020-11-02T04:43:56.297Z,buy,2.525e-05,4.0,0.000101
NEBL/BTC,1604292236297,2020-11-02T04:43:56.297Z,buy,2.526e-05,113.0,0.0028543799999999997
NEBL/BTC,1604292236297,2020-11-02T04:43:56.297Z,buy,2.527e-05,54.0,0.00136458
NEBL/BTC,1604292236297,2020-11-02T04:43:56.297Z,buy,2.531e-05,5.0,0.00012655
NEBL/BTC,1604292236297,2020-11-02T04:43:56.297Z,buy,2.534e-05,58.0,0.00146972
NEBL/BTC,1604292236297,2020-11-02T04:43:56.297Z,buy,2.535e-05,59.0,0.00149565
NEBL/BTC,1604292236297,2020-11-02T04:43:56.297Z,buy,2.536e-05,33.0,0.00083688
NEBL/BTC,1604292236297,2020-11-02T04:43:56.297Z,buy,2.54e-05,3093.0,0.0785622
NEBL/BTC,1604292236305,2020-11-02T04:43:56.305Z,sell,2.54e-05,518.0,0.0131572
NEBL/BTC,1604292846987,2020-11-02T04:54:06.987Z,buy,2.535e-05,38.0,0.0009632999999999999
NEBL/BTC,1604293537738,2020-11-02T05:05:37.738Z,sell,2.521e-05,259.0,0.00652939
NEBL/BTC,1604293537738,2020-11-02T05:05:37.738Z,sell,2.52e-05,470.0,0.011844
NEBL/BTC,1604293537738,2020-11-02T05:05:37.738Z,sell,2.521e-05,259.0,0.00652939
NEBL/BTC,1604293537738,2020-11-02T05:05:37.738Z,sell,2.52e-05,470.0,0.011844
NEBL/BTC,1604296305217,2020-11-02T05:51:45.217Z,buy,2.53e-05,7.0,0.0001771
NEBL/BTC,1604296305217,2020-11-02T05:51:45.217Z,buy,2.53e-05,7.0,0.0001771
NEBL/BTC,1604297138912,2020-11-02T06:05:38.912Z,sell,2.515e-05,11.0,0.00027665000000000003
NEBL/BTC,1604297138912,2020-11-02T06:05:38.912Z,sell,2.51e-05,42.0,0.0010542
NEBL/BTC,1604297138912,2020-11-02T06:05:38.912Z,sell,2.509e-05,678.0,0.017011019999999998
NEBL/BTC,1604297674866,2020-11-02T06:14:34.866Z,buy,2.529e-05,4.0,0.00010116
NEBL/BTC,1604297891142,2020-11-02T06:18:11.142Z,buy,2.529e-05,420.0,0.0106218
NEBL/BTC,1604299249657,2020-11-02T06:40:49.657Z,sell,2.515e-05,92.0,0.0023138
NEBL/BTC,1604299249657,2020-11-02T06:40:49.657Z,sell,2.515e-05,92.0,0.0023138
NEBL/BTC,1604300881961,2020-11-02T07:08:01.961Z,buy,2.524e-05,6.0,0.00015144
NEBL/BTC,1604300881972,2020-11-02T07:08:01.972Z,buy,2.524e-05,6.0,0.00015144
NEBL/BTC,1604300882008,2020-11-02T07:08:02.008Z,buy,2.524e-05,5.0,0.0001262
NEBL/BTC,1604301635762,2020-11-02T07:20:35.762Z,sell,2.515e-05,8.0,0.0002012
NEBL/BTC,1604301635762,2020-11-02T07:20:35.762Z,sell,2.514e-05,30.0,0.0007542
NEBL/BTC,1604301635762,2020-11-02T07:20:35.762Z,sell,2.513e-05,174.0,0.004372620000000001
NEBL/BTC,1604301635762,2020-11-02T07:20:35.762Z,sell,2.512e-05,520.0,0.0130624
NEBL/BTC,1604301697104,2020-11-02T07:21:37.104Z,sell,2.514e-05,196.0,0.00492744
NEBL/BTC,1604301697104,2020-11-02T07:21:37.104Z,sell,2.513e-05,3.0,7.539000000000001e-05
NEBL/BTC,1604301697104,2020-11-02T07:21:37.104Z,sell,2.514e-05,196.0,0.00492744
NEBL/BTC,1604301697104,2020-11-02T07:21:37.104Z,sell,2.513e-05,3.0,7.539000000000001e-05
NEBL/BTC,1604303247487,2020-11-02T07:47:27.487Z,sell,2.518e-05,7.0,0.00017626
NEBL/BTC,1604304160409,2020-11-02T08:02:40.409Z,buy,2.519e-05,95.0,0.0023930500000000003
NEBL/BTC,1604305289746,2020-11-02T08:21:29.746Z,buy,2.531e-05,7.0,0.00017716999999999999
NEBL/BTC,1604305289746,2020-11-02T08:21:29.746Z,buy,2.531e-05,7.0,0.00017716999999999999
NEBL/BTC,1604305416584,2020-11-02T08:23:36.584Z,buy,2.54e-05,8.0,0.0002032
NEBL/BTC,1604305502325,2020-11-02T08:25:02.325Z,buy,2.54e-05,79.0,0.0020066
NEBL/BTC,1604305561050,2020-11-02T08:26:01.050Z,sell,2.529e-05,4.0,0.00010116
NEBL/BTC,1604305564629,2020-11-02T08:26:04.629Z,sell,2.527e-05,918.0,0.02319786
NEBL/BTC,1604305564819,2020-11-02T08:26:04.819Z,sell,2.527e-05,170.0,0.0042959
NEBL/BTC,1604305565166,2020-11-02T08:26:05.166Z,sell,2.527e-05,348.0,0.00879396
NEBL/BTC,1604305566936,2020-11-02T08:26:06.936Z,sell,2.527e-05,44.0,0.00111188
NEBL/BTC,1604305567036,2020-11-02T08:26:07.036Z,sell,2.527e-05,22.0,0.00055594
NEBL/BTC,1604305567231,2020-11-02T08:26:07.231Z,sell,2.527e-05,37.0,0.00093499
NEBL/BTC,1604305573994,2020-11-02T08:26:13.994Z,sell,2.52e-05,5.0,0.000126
NEBL/BTC,1604305573994,2020-11-02T08:26:13.994Z,sell,2.515e-05,11.0,0.00027665000000000003
NEBL/BTC,1604305573994,2020-11-02T08:26:13.994Z,sell,2.514e-05,127.0,0.00319278
NEBL/BTC,1604305573994,2020-11-02T08:26:13.994Z,sell,2.512e-05,823.0,0.02067376
NEBL/BTC,1604305579975,2020-11-02T08:26:19.975Z,sell,2.511e-05,146.0,0.0036660599999999996
NEBL/BTC,1604305579975,2020-11-02T08:26:19.975Z,sell,2.51e-05,44.0,0.0011044
NEBL/BTC,1604305579975,2020-11-02T08:26:19.975Z,sell,2.509e-05,45.0,0.00112905
NEBL/BTC,1604305579975,2020-11-02T08:26:19.975Z,sell,2.508e-05,5.0,0.0001254
NEBL/BTC,1604305579975,2020-11-02T08:26:19.975Z,sell,2.507e-05,482.0,0.012083739999999999
NEBL/BTC,1604305595708,2020-11-02T08:26:35.708Z,sell,2.508e-05,79.0,0.00198132
NEBL/BTC,1604305638855,2020-11-02T08:27:18.855Z,buy,2.52e-05,4.0,0.0001008
NEBL/BTC,1604306590514,2020-11-02T08:43:10.514Z,sell,2.514e-05,53.0,0.00133242
NEBL/BTC,1604306648502,2020-11-02T08:44:08.502Z,buy,2.513e-05,8.0,0.00020104
NEBL/BTC,1604306682085,2020-11-02T08:44:42.085Z,buy,2.513e-05,4.0,0.00010052
NEBL/BTC,1604306713856,2020-11-02T08:45:13.856Z,sell,2.506e-05,91.0,0.00228046
NEBL/BTC,1604306724395,2020-11-02T08:45:24.395Z,buy,2.506e-05,4.0,0.00010024
NEBL/BTC,1604307038110,2020-11-02T08:50:38.110Z,sell,2.499e-05,6.0,0.00014994
NEBL/BTC,1604307518792,2020-11-02T08:58:38.792Z,sell,2.499e-05,8.0,0.00019992
NEBL/BTC,1604308038118,2020-11-02T09:07:18.118Z,sell,2.496e-05,15.0,0.00037440000000000005
NEBL/BTC,1604308163412,2020-11-02T09:09:23.412Z,sell,2.495e-05,87.0,0.00217065
NEBL/BTC,1604308164104,2020-11-02T09:09:24.104Z,sell,2.495e-05,59.0,0.00147205
NEBL/BTC,1604308310411,2020-11-02T09:11:50.411Z,sell,2.497e-05,21.0,0.00052437
NEBL/BTC,1604308448369,2020-11-02T09:14:08.369Z,sell,2.496e-05,29.0,0.00072384
NEBL/BTC,1604308531890,2020-11-02T09:15:31.890Z,sell,2.495e-05,56.0,0.0013972
NEBL/BTC,1604308533886,2020-11-02T09:15:33.886Z,sell,2.494e-05,11.0,0.00027434
NEBL/BTC,1604308533886,2020-11-02T09:15:33.886Z,sell,2.494e-05,11.0,0.00027434
NEBL/BTC,1604309138168,2020-11-02T09:25:38.168Z,sell,2.491e-05,741.0,0.01845831
NEBL/BTC,1604309138168,2020-11-02T09:25:38.168Z,sell,2.491e-05,96.0,0.00239136
NEBL/BTC,1604309138168,2020-11-02T09:25:38.168Z,sell,2.491e-05,48.0,0.00119568
NEBL/BTC,1604309138168,2020-11-02T09:25:38.168Z,sell,2.491e-05,48.0,0.00119568
NEBL/BTC,1604309138168,2020-11-02T09:25:38.168Z,sell,2.491e-05,37.0,0.00092167
NEBL/BTC,1604309138168,2020-11-02T09:25:38.168Z,sell,2.49e-05,11.0,0.0002739
NEBL/BTC,1604309138168,2020-11-02T09:25:38.168Z,sell,2.49e-05,48.0,0.0011952
NEBL/BTC,1604309872895,2020-11-02T09:37:52.895Z,sell,2.49e-05,229.0,0.0057021
NEBL/BTC,1604311538658,2020-11-02T10:05:38.658Z,sell,2.49e-05,742.0,0.0184758
NEBL/BTC,1604311538658,2020-11-02T10:05:38.658Z,sell,2.49e-05,742.0,0.0184758
NEBL/BTC,1604314103470,2020-11-02T10:48:23.470Z,sell,2.49e-05,148.0,0.0036852
NEBL/BTC,1604314520551,2020-11-02T10:55:20.551Z,buy,2.492e-05,166.0,0.00413672
NEBL/BTC,1604314534913,2020-11-02T10:55:34.913Z,sell,2.491e-05,73.0,0.00181843
NEBL/BTC,1604314534913,2020-11-02T10:55:34.913Z,sell,2.49e-05,669.0,0.0166581
NEBL/BTC,1604314571687,2020-11-02T10:56:11.687Z,buy,2.492e-05,88.0,0.00219296
NEBL/BTC,1604314904981,2020-11-02T11:01:44.981Z,buy,2.492e-05,139.0,0.00346388
NEBL/BTC,1604314904981,2020-11-02T11:01:44.981Z,buy,2.492e-05,139.0,0.00346388
NEBL/BTC,1604315411860,2020-11-02T11:10:11.860Z,sell,2.49e-05,88.0,0.0021912
NEBL/BTC,1604315743375,2020-11-02T11:15:43.375Z,sell,2.49e-05,100.0,0.00249
NEBL/BTC,1604315904365,2020-11-02T11:18:24.365Z,buy,2.492e-05,639.0,0.015923879999999998
NEBL/BTC,1604316334023,2020-11-02T11:25:34.023Z,buy,2.492e-05,65.0,0.0016197999999999998
NEBL/BTC,1604316398948,2020-11-02T11:26:38.948Z,sell,2.491e-05,426.0,0.01061166
NEBL/BTC,1604316398948,2020-11-02T11:26:38.948Z,sell,2.49e-05,63.0,0.0015687
NEBL/BTC,1604317447448,2020-11-02T11:44:07.448Z,buy,2.498e-05,17.0,0.00042466000000000004
NEBL/BTC,1604317447448,2020-11-02T11:44:07.448Z,buy,2.508e-05,5.0,0.0001254
NEBL/BTC,1604317447448,2020-11-02T11:44:07.448Z,buy,2.51e-05,44.0,0.0011044
NEBL/BTC,1604317447448,2020-11-02T11:44:07.448Z,buy,2.512e-05,45.0,0.0011304
NEBL/BTC,1604317447448,2020-11-02T11:44:07.448Z,buy,2.518e-05,36.0,0.00090648
NEBL/BTC,1604317447448,2020-11-02T11:44:07.448Z,buy,2.519e-05,11.0,0.00027709
NEBL/BTC,1604317447448,2020-11-02T11:44:07.448Z,buy,2.52e-05,13.0,0.0003276
NEBL/BTC,1604317450080,2020-11-02T11:44:10.080Z,buy,2.498e-05,5.0,0.0001249
NEBL/BTC,1604317836021,2020-11-02T11:50:36.021Z,sell,2.499e-05,740.0,0.0184926
NEBL/BTC,1604317836021,2020-11-02T11:50:36.021Z,sell,2.499e-05,740.0,0.0184926
NEBL/BTC,1604319072700,2020-11-02T12:11:12.700Z,sell,2.498e-05,745.0,0.0186101
NEBL/BTC,1604319072700,2020-11-02T12:11:12.700Z,sell,2.496e-05,513.0,0.01280448
NEBL/BTC,1604319072700,2020-11-02T12:11:12.700Z,sell,2.495e-05,3721.0,0.09283895
NEBL/BTC,1604319097457,2020-11-02T12:11:37.457Z,buy,2.508e-05,4.0,0.00010032
NEBL/BTC,1604319413560,2020-11-02T12:16:53.560Z,sell,2.494e-05,41.0,0.00102254
NEBL/BTC,1604319531021,2020-11-02T12:18:51.021Z,sell,2.491e-05,67.0,0.00166897
NEBL/BTC,1604319932927,2020-11-02T12:25:32.927Z,sell,2.492e-05,270.0,0.0067284
NEBL/BTC,1604319932927,2020-11-02T12:25:32.927Z,sell,2.492e-05,270.0,0.0067284
NEBL/BTC,1604321735533,2020-11-02T12:55:35.533Z,sell,2.492e-05,413.0,0.01029196
NEBL/BTC,1604321735533,2020-11-02T12:55:35.533Z,sell,2.491e-05,116.0,0.0028895600000000002
NEBL/BTC,1604321735533,2020-11-02T12:55:35.533Z,sell,2.49e-05,213.0,0.0053037
NEBL/BTC,1604322590646,2020-11-02T13:09:50.646Z,sell,2.49e-05,154.0,0.0038345999999999996
NEBL/BTC,1604322885639,2020-11-02T13:14:45.639Z,buy,2.504e-05,87.0,0.00217848
NEBL/BTC,1604323279466,2020-11-02T13:21:19.466Z,buy,2.504e-05,11.0,0.00027544
NEBL/BTC,1604323279466,2020-11-02T13:21:19.466Z,buy,2.504e-05,11.0,0.00027544
NEBL/BTC,1604323929199,2020-11-02T13:32:09.199Z,buy,2.507e-05,133.0,0.00333431
NEBL/BTC,1604324040638,2020-11-02T13:34:00.638Z,buy,2.507e-05,7.0,0.00017549
NEBL/BTC,1604324834144,2020-11-02T13:47:14.144Z,buy,2.507e-05,67.0,0.00167969
NEBL/BTC,1604324840504,2020-11-02T13:47:20.504Z,buy,2.507e-05,214.0,0.00536498
NEBL/BTC,1604324960915,2020-11-02T13:49:20.915Z,sell,2.499e-05,82.0,0.00204918
NEBL/BTC,1604325714746,2020-11-02T14:01:54.746Z,sell,2.499e-05,8.0,0.00019992
NEBL/BTC,1604326490715,2020-11-02T14:14:50.715Z,buy,2.506e-05,8.0,0.00020048
NEBL/BTC,1604326579317,2020-11-02T14:16:19.317Z,buy,2.506e-05,622.0,0.01558732
NEBL/BTC,1604326579317,2020-11-02T14:16:19.317Z,buy,2.507e-05,2290.0,0.0574103
NEBL/BTC,1604326579317,2020-11-02T14:16:19.317Z,buy,2.506e-05,622.0,0.01558732
NEBL/BTC,1604326579317,2020-11-02T14:16:19.317Z,buy,2.507e-05,2290.0,0.0574103
NEBL/BTC,1604327776256,2020-11-02T14:36:16.256Z,buy,2.508e-05,238.0,0.00596904
NEBL/BTC,1604327810931,2020-11-02T14:36:50.931Z,buy,2.514e-05,8.0,0.00020112
NEBL/BTC,1604327810931,2020-11-02T14:36:50.931Z,buy,2.515e-05,357.0,0.00897855
NEBL/BTC,1604328801227,2020-11-02T14:53:21.227Z,sell,2.499e-05,910.0,0.022740899999999998
NEBL/BTC,1604328810284,2020-11-02T14:53:30.284Z,sell,2.496e-05,5.0,0.0001248
NEBL/BTC,1604328810284,2020-11-02T14:53:30.284Z,sell,2.49e-05,10.0,0.000249
NEBL/BTC,1604328818115,2020-11-02T14:53:38.115Z,buy,2.499e-05,135.0,0.0033736499999999997
NEBL/BTC,1604328915194,2020-11-02T14:55:15.194Z,sell,2.49e-05,134.0,0.0033366
NEBL/BTC,1604329010709,2020-11-02T14:56:50.709Z,buy,2.499e-05,65.0,0.0016243499999999999
NEBL/BTC,1604329177831,2020-11-02T14:59:37.831Z,sell,2.491e-05,51.0,0.00127041
NEBL/BTC,1604329177831,2020-11-02T14:59:37.831Z,sell,2.49e-05,3091.0,0.07696589999999999
NEBL/BTC,1604329835115,2020-11-02T15:10:35.115Z,buy,2.507e-05,1.0,2.507e-05
NEBL/BTC,1604329835115,2020-11-02T15:10:35.115Z,buy,2.507e-05,1.0,2.507e-05
NEBL/BTC,1604332777842,2020-11-02T15:59:37.842Z,buy,2.503e-05,44.0,0.00110132
NEBL/BTC,1604332808226,2020-11-02T16:00:08.226Z,buy,2.503e-05,8.0,0.00020024
NEBL/BTC,1604332808226,2020-11-02T16:00:08.226Z,buy,2.503e-05,8.0,0.00020024
NEBL/BTC,1604333665688,2020-11-02T16:14:25.688Z,sell,2.496e-05,6.0,0.00014976
NEBL/BTC,1604333665688,2020-11-02T16:14:25.688Z,sell,2.49e-05,874.0,0.0217626
NEBL/BTC,1604333998819,2020-11-02T16:19:58.819Z,buy,2.503e-05,43.0,0.00107629
NEBL/BTC,1604334142570,2020-11-02T16:22:22.570Z,buy,2.498e-05,180.0,0.0044964
NEBL/BTC,1604334142570,2020-11-02T16:22:22.570Z,buy,2.499e-05,1917.0,0.047905829999999996
NEBL/BTC,1604334788158,2020-11-02T16:33:08.158Z,buy,2.506e-05,895.0,0.0224287
NEBL/BTC,1604334788158,2020-11-02T16:33:08.158Z,buy,2.508e-05,5.0,0.0001254
NEBL/BTC,1604334788158,2020-11-02T16:33:08.158Z,buy,2.513e-05,2665.0,0.06697145
NEBL/BTC,1604335028173,2020-11-02T16:37:08.173Z,sell,2.513e-05,8.0,0.00020104
NEBL/BTC,1604335182805,2020-11-02T16:39:42.805Z,sell,2.513e-05,158.0,0.00397054
NEBL/BTC,1604335235059,2020-11-02T16:40:35.059Z,sell,2.513e-05,246.0,0.00618198
NEBL/BTC,1604335884780,2020-11-02T16:51:24.780Z,sell,2.513e-05,2.0,5.026e-05
NEBL/BTC,1604335884780,2020-11-02T16:51:24.780Z,sell,2.5e-05,7.0,0.000175
NEBL/BTC,1604336139546,2020-11-02T16:55:39.546Z,sell,2.5e-05,8.0,0.0002
NEBL/BTC,1604336139546,2020-11-02T16:55:39.546Z,sell,2.499e-05,1148.0,0.02868852
NEBL/BTC,1604336139546,2020-11-02T16:55:39.546Z,sell,2.5e-05,8.0,0.0002
NEBL/BTC,1604336139546,2020-11-02T16:55:39.546Z,sell,2.499e-05,1148.0,0.02868852
NEBL/BTC,1604338628001,2020-11-02T17:37:08.001Z,sell,2.5e-05,7.0,0.000175
NEBL/BTC,1604338628001,2020-11-02T17:37:08.001Z,sell,2.5e-05,7.0,0.000175
NEBL/BTC,1604339811828,2020-11-02T17:56:51.828Z,sell,2.5e-05,53.0,0.001325
NEBL/BTC,1604339864291,2020-11-02T17:57:44.291Z,buy,2.514e-05,276.0,0.00693864
NEBL/BTC,1604339876713,2020-11-02T17:57:56.713Z,buy,2.517e-05,738.0,0.018575460000000002
NEBL/BTC,1604340000991,2020-11-02T18:00:00.991Z,sell,2.5e-05,56.0,0.0014
NEBL/BTC,1604340511696,2020-11-02T18:08:31.696Z,sell,2.5e-05,9.0,0.00022500000000000002
NEBL/BTC,1604341502111,2020-11-02T18:25:02.111Z,buy,2.518e-05,31.0,0.00078058
NEBL/BTC,1604341502111,2020-11-02T18:25:02.111Z,buy,2.518e-05,31.0,0.00078058
NEBL/BTC,1604342263931,2020-11-02T18:37:43.931Z,sell,2.501e-05,46.0,0.00115046
NEBL/BTC,1604343563238,2020-11-02T18:59:23.238Z,sell,2.5e-05,300.0,0.007500000000000001
NEBL/BTC,1604343636346,2020-11-02T19:00:36.346Z,buy,2.5e-05,4.0,0.0001
NEBL/BTC,1604343718587,2020-11-02T19:01:58.587Z,buy,2.5e-05,8.0,0.0002
NEBL/BTC,1604344779484,2020-11-02T19:19:39.484Z,buy,2.5e-05,247.0,0.006175
NEBL/BTC,1604344779484,2020-11-02T19:19:39.484Z,buy,2.5e-05,247.0,0.006175
NEBL/BTC,1604345407143,2020-11-02T19:30:07.143Z,sell,2.498e-05,8.0,0.00019984
NEBL/BTC,1604346807565,2020-11-02T19:53:27.565Z,buy,2.5e-05,86.0,0.00215
NEBL/BTC,1604346809930,2020-11-02T19:53:29.930Z,buy,2.5e-05,86.0,0.00215
NEBL/BTC,1604346812102,2020-11-02T19:53:32.102Z,buy,2.5e-05,86.0,0.00215
NEBL/BTC,1604346840981,2020-11-02T19:54:00.981Z,buy,2.5e-05,215.0,0.0053750000000000004
NEBL/BTC,1604346901513,2020-11-02T19:55:01.513Z,buy,2.514e-05,86.0,0.00216204
NEBL/BTC,1604346901513,2020-11-02T19:55:01.513Z,buy,2.518e-05,58.0,0.00146044
NEBL/BTC,1604346901513,2020-11-02T19:55:01.513Z,buy,2.519e-05,11.0,0.00027709
NEBL/BTC,1604346901513,2020-11-02T19:55:01.513Z,buy,2.52e-05,240.0,0.0060479999999999996
NEBL/BTC,1604346968316,2020-11-02T19:56:08.316Z,sell,2.52e-05,8.0,0.0002016
NEBL/BTC,1604346968547,2020-11-02T19:56:08.547Z,sell,2.52e-05,1588.0,0.0400176
NEBL/BTC,1604346973287,2020-11-02T19:56:13.287Z,buy,2.524e-05,215.0,0.0054266
NEBL/BTC,1604346973694,2020-11-02T19:56:13.694Z,buy,2.525e-05,1336.0,0.033734
NEBL/BTC,1604346974088,2020-11-02T19:56:14.088Z,buy,2.526e-05,251.0,0.0063402599999999995
NEBL/BTC,1604346996384,2020-11-02T19:56:36.384Z,buy,2.524e-05,4.0,0.00010096
NEBL/BTC,1604346997789,2020-11-02T19:56:37.789Z,buy,2.524e-05,82.0,0.00206968
NEBL/BTC,1604346997789,2020-11-02T19:56:37.789Z,buy,2.525e-05,354.0,0.0089385
NEBL/BTC,1604347014605,2020-11-02T19:56:54.605Z,buy,2.522e-05,86.0,0.00216892
NEBL/BTC,1604347014605,2020-11-02T19:56:54.605Z,buy,2.523e-05,371.0,0.00936033
NEBL/BTC,1604347032535,2020-11-02T19:57:12.535Z,buy,2.524e-05,4.0,0.00010096
NEBL/BTC,1604347038381,2020-11-02T19:57:18.381Z,buy,2.522e-05,28.0,0.00070616
NEBL/BTC,1604347038389,2020-11-02T19:57:18.389Z,buy,2.522e-05,36.0,0.00090792
NEBL/BTC,1604347038389,2020-11-02T19:57:18.389Z,buy,2.523e-05,279.0,0.00703917
NEBL/BTC,1604347038390,2020-11-02T19:57:18.390Z,buy,2.523e-05,194.0,0.004894620000000001
NEBL/BTC,1604347066715,2020-11-02T19:57:46.715Z,buy,2.523e-05,145.0,0.0036583500000000003
NEBL/BTC,1604347070012,2020-11-02T19:57:50.012Z,buy,2.528e-05,340.0,0.008595199999999999
NEBL/BTC,1604347071396,2020-11-02T19:57:51.396Z,buy,2.528e-05,1.0,2.528e-05
NEBL/BTC,1604347087776,2020-11-02T19:58:07.776Z,buy,2.526e-05,436.0,0.01101336
NEBL/BTC,1604347116666,2020-11-02T19:58:36.666Z,buy,2.527e-05,129.0,0.00325983
NEBL/BTC,1604347116674,2020-11-02T19:58:36.674Z,sell,2.527e-05,17.0,0.00042959
NEBL/BTC,1604347167187,2020-11-02T19:59:27.187Z,buy,2.526e-05,1.0,2.526e-05
NEBL/BTC,1604347320853,2020-11-02T20:02:00.853Z,buy,2.526e-05,6.0,0.00015156
NEBL/BTC,1604347617576,2020-11-02T20:06:57.576Z,sell,2.508e-05,8.0,0.00020064
NEBL/BTC,1604347617576,2020-11-02T20:06:57.576Z,sell,2.508e-05,8.0,0.00020064
NEBL/BTC,1604348381371,2020-11-02T20:19:41.371Z,sell,2.508e-05,8.0,0.00020064
NEBL/BTC,1604349321013,2020-11-02T20:35:21.013Z,sell,2.504e-05,380.0,0.0095152
NEBL/BTC,1604349325664,2020-11-02T20:35:25.664Z,buy,2.506e-05,22.0,0.00055132
NEBL/BTC,1604349325676,2020-11-02T20:35:25.676Z,buy,2.506e-05,17.0,0.00042602
NEBL/BTC,1604349327119,2020-11-02T20:35:27.119Z,buy,2.505e-05,18.0,0.00045089999999999996
NEBL/BTC,1604349327127,2020-11-02T20:35:27.127Z,buy,2.505e-05,17.0,0.00042584999999999997
NEBL/BTC,1604349327139,2020-11-02T20:35:27.139Z,buy,2.505e-05,17.0,0.00042584999999999997
NEBL/BTC,1604349327154,2020-11-02T20:35:27.154Z,buy,2.505e-05,17.0,0.00042584999999999997
NEBL/BTC,1604349366358,2020-11-02T20:36:06.358Z,buy,2.505e-05,4.0,0.0001002
NEBL/BTC,1604350565525,2020-11-02T20:56:05.525Z,sell,2.502e-05,44.0,0.00110088
NEBL/BTC,1604350565525,2020-11-02T20:56:05.525Z,sell,2.5e-05,16.0,0.0004
NEBL/BTC,1604350565525,2020-11-02T20:56:05.525Z,sell,2.498e-05,65.0,0.0016237
NEBL/BTC,1604350565525,2020-11-02T20:56:05.525Z,sell,2.497e-05,653.0,0.01630541
NEBL/BTC,1604350711776,2020-11-02T20:58:31.776Z,sell,2.497e-05,8.0,0.00019976
NEBL/BTC,1604350711776,2020-11-02T20:58:31.776Z,sell,2.496e-05,70.0,0.0017472000000000002
NEBL/BTC,1604350711776,2020-11-02T20:58:31.776Z,sell,2.497e-05,8.0,0.00019976
NEBL/BTC,1604350711776,2020-11-02T20:58:31.776Z,sell,2.496e-05,70.0,0.0017472000000000002
NEBL/BTC,1604351447509,2020-11-02T21:10:47.509Z,buy,2.504e-05,28.0,0.0007011200000000001
NEBL/BTC,1604351818822,2020-11-02T21:16:58.822Z,buy,2.504e-05,8.0,0.00020032
NEBL/BTC,1604353514221,2020-11-02T21:45:14.221Z,sell,2.497e-05,402.0,0.01003794
NEBL/BTC,1604353521195,2020-11-02T21:45:21.195Z,sell,2.495e-05,9.0,0.00022455
NEBL/BTC,1604353521195,2020-11-02T21:45:21.195Z,sell,2.494e-05,22.0,0.00054868
NEBL/BTC,1604353521195,2020-11-02T21:45:21.195Z,sell,2.492e-05,169.0,0.00421148
NEBL/BTC,1604353521195,2020-11-02T21:45:21.195Z,sell,2.495e-05,9.0,0.00022455
NEBL/BTC,1604353521195,2020-11-02T21:45:21.195Z,sell,2.494e-05,22.0,0.00054868
NEBL/BTC,1604353521195,2020-11-02T21:45:21.195Z,sell,2.492e-05,169.0,0.00421148
NEBL/BTC,1604354318891,2020-11-02T21:58:38.891Z,sell,2.496e-05,94.0,0.0023462400000000003
NEBL/BTC,1604354318891,2020-11-02T21:58:38.891Z,sell,2.495e-05,706.0,0.0176147
NEBL/BTC,1604354519601,2020-11-02T22:01:59.601Z,sell,2.495e-05,8.0,0.0001996
NEBL/BTC,1604356169904,2020-11-02T22:29:29.904Z,sell,2.497e-05,36.0,0.00089892
NEBL/BTC,1604356176988,2020-11-02T22:29:36.988Z,sell,2.497e-05,6.0,0.00014982
NEBL/BTC,1604356176988,2020-11-02T22:29:36.988Z,sell,2.497e-05,6.0,0.00014982
NEBL/BTC,1604357562213,2020-11-02T22:52:42.213Z,sell,2.494e-05,65.0,0.0016210999999999999
NEBL/BTC,1604357562216,2020-11-02T22:52:42.216Z,sell,2.494e-05,29.0,0.00072326
NEBL/BTC,1604358243445,2020-11-02T23:04:03.445Z,buy,2.501e-05,1.0,2.501e-05
NEBL/BTC,1604359258753,2020-11-02T23:20:58.753Z,sell,2.494e-05,7.0,0.00017458
NEBL/BTC,1604359258753,2020-11-02T23:20:58.753Z,sell,2.494e-05,7.0,0.00017458
NEBL/BTC,1604360077508,2020-11-02T23:34:37.508Z,sell,2.494e-05,15.0,0.0003741
NEBL/BTC,1604360097473,2020-11-02T23:34:57.473Z,sell,2.493e-05,37.0,0.00092241
NEBL/BTC,1604360423728,2020-11-02T23:40:23.728Z,buy,2.503e-05,209.0,0.00523127
NEBL/BTC,1604362086187,2020-11-03T00:08:06.187Z,buy,2.502e-05,514.0,0.01286028
NEBL/BTC,1604362086233,2020-11-03T00:08:06.233Z,buy,2.502e-05,28.0,0.00070056
NEBL/BTC,1604362086255,2020-11-03T00:08:06.255Z,buy,2.502e-05,22.0,0.00055044
NEBL/BTC,1604362086269,2020-11-03T00:08:06.269Z,buy,2.502e-05,22.0,0.00055044
NEBL/BTC,1604362189790,2020-11-03T00:09:49.790Z,sell,2.495e-05,7.0,0.00017465
NEBL/BTC,1604362189790,2020-11-03T00:09:49.790Z,sell,2.492e-05,749.0,0.01866508
NEBL/BTC,1604362189790,2020-11-03T00:09:49.790Z,sell,2.491e-05,581.0,0.01447271
NEBL/BTC,1604362189790,2020-11-03T00:09:49.790Z,sell,2.49e-05,2680.0,0.066732
NEBL/BTC,1604362189797,2020-11-03T00:09:49.797Z,buy,2.49e-05,238.0,0.0059261999999999995
NEBL/BTC,1604362189797,2020-11-03T00:09:49.797Z,buy,2.49e-05,238.0,0.0059261999999999995
NEBL/BTC,1604363370750,2020-11-03T00:29:30.750Z,sell,2.488e-05,10.0,0.0002488
NEBL/BTC,1604363370750,2020-11-03T00:29:30.750Z,sell,2.485e-05,5.0,0.00012425
NEBL/BTC,1604363370750,2020-11-03T00:29:30.750Z,sell,2.484e-05,170.0,0.0042228
NEBL/BTC,1604363370750,2020-11-03T00:29:30.750Z,sell,2.483e-05,79.0,0.00196157
NEBL/BTC,1604363370750,2020-11-03T00:29:30.750Z,sell,2.479e-05,7.0,0.00017353
NEBL/BTC,1604363370750,2020-11-03T00:29:30.750Z,sell,2.475e-05,43.0,0.0010642499999999999
NEBL/BTC,1604363370759,2020-11-03T00:29:30.759Z,buy,2.475e-05,28.0,0.0006929999999999999
NEBL/BTC,1604363370764,2020-11-03T00:29:30.764Z,buy,2.475e-05,72.0,0.001782
NEBL/BTC,1604363370766,2020-11-03T00:29:30.766Z,buy,2.475e-05,73.0,0.00180675
NEBL/BTC,1604363370876,2020-11-03T00:29:30.876Z,buy,2.475e-05,369.0,0.00913275
NEBL/BTC,1604363372269,2020-11-03T00:29:32.269Z,sell,2.473e-05,15.0,0.00037095
NEBL/BTC,1604363383060,2020-11-03T00:29:43.060Z,buy,2.475e-05,14.0,0.00034649999999999997
NEBL/BTC,1604363422437,2020-11-03T00:30:22.437Z,buy,2.475e-05,17.0,0.00042074999999999995
NEBL/BTC,1604363462930,2020-11-03T00:31:02.930Z,buy,2.475e-05,28.0,0.0006929999999999999
NEBL/BTC,1604363462941,2020-11-03T00:31:02.941Z,buy,2.475e-05,23.0,0.00056925
NEBL/BTC,1604363462949,2020-11-03T00:31:02.949Z,buy,2.475e-05,23.0,0.00056925
NEBL/BTC,1604363462962,2020-11-03T00:31:02.962Z,buy,2.475e-05,17.0,0.00042074999999999995
NEBL/BTC,1604363462977,2020-11-03T00:31:02.977Z,buy,2.475e-05,17.0,0.00042074999999999995
NEBL/BTC,1604363462992,2020-11-03T00:31:02.992Z,buy,2.475e-05,221.0,0.00546975
NEBL/BTC,1604363463199,2020-11-03T00:31:03.199Z,buy,2.475e-05,8.0,0.000198
NEBL/BTC,1604363533554,2020-11-03T00:32:13.554Z,buy,2.475e-05,46.0,0.0011385
NEBL/BTC,1604363544657,2020-11-03T00:32:24.657Z,buy,2.475e-05,1048.0,0.025938
NEBL/BTC,1604363544681,2020-11-03T00:32:24.681Z,buy,2.475e-05,1110.0,0.027472499999999997
NEBL/BTC,1604363544707,2020-11-03T00:32:24.707Z,buy,2.475e-05,459.0,0.011360249999999999
NEBL/BTC,1604363544754,2020-11-03T00:32:24.754Z,buy,2.475e-05,812.0,0.020097
NEBL/BTC,1604363759232,2020-11-03T00:35:59.232Z,buy,2.485e-05,2.0,4.97e-05
NEBL/BTC,1604363779656,2020-11-03T00:36:19.656Z,buy,2.484e-05,161.0,0.00399924
NEBL/BTC,1604363961158,2020-11-03T00:39:21.158Z,sell,2.484e-05,29.0,0.00072036
NEBL/BTC,1604365077766,2020-11-03T00:57:57.766Z,buy,2.485e-05,170.0,0.0042245
NEBL/BTC,1604365181226,2020-11-03T00:59:41.226Z,sell,2.484e-05,169.0,0.00419796
NEBL/BTC,1604365190051,2020-11-03T00:59:50.051Z,buy,2.485e-05,273.0,0.006784050000000001
NEBL/BTC,1604365190051,2020-11-03T00:59:50.051Z,buy,2.487e-05,5.0,0.00012435000000000001
NEBL/BTC,1604365190051,2020-11-03T00:59:50.051Z,buy,2.496e-05,5.0,0.0001248
NEBL/BTC,1604365348409,2020-11-03T01:02:28.409Z,buy,2.496e-05,187.0,0.0046675200000000005
NEBL/BTC,1604365348409,2020-11-03T01:02:28.409Z,buy,2.497e-05,151.0,0.00377047
NEBL/BTC,1604365440280,2020-11-03T01:04:00.280Z,sell,2.501e-05,29.0,0.00072529
NEBL/BTC,1604365628949,2020-11-03T01:07:08.949Z,buy,2.508e-05,60.0,0.0015048
NEBL/BTC,1604365677059,2020-11-03T01:07:57.059Z,buy,2.508e-05,69.0,0.00173052
NEBL/BTC,1604365677074,2020-11-03T01:07:57.074Z,sell,2.514e-05,46.0,0.00115644
NEBL/BTC,1604365677086,2020-11-03T01:07:57.086Z,sell,2.514e-05,28.0,0.00070392
NEBL/BTC,1604365677098,2020-11-03T01:07:57.098Z,sell,2.514e-05,23.0,0.00057822
NEBL/BTC,1604365677124,2020-11-03T01:07:57.124Z,sell,2.514e-05,23.0,0.00057822
NEBL/BTC,1604365677133,2020-11-03T01:07:57.133Z,sell,2.514e-05,17.0,0.00042738
NEBL/BTC,1604365677144,2020-11-03T01:07:57.144Z,sell,2.514e-05,521.0,0.01309794
NEBL/BTC,1604365677148,2020-11-03T01:07:57.148Z,sell,2.514e-05,17.0,0.00042738
NEBL/BTC,1604365677164,2020-11-03T01:07:57.164Z,sell,2.514e-05,17.0,0.00042738
NEBL/BTC,1604365677179,2020-11-03T01:07:57.179Z,sell,2.514e-05,5.0,0.0001257
NEBL/BTC,1604365677293,2020-11-03T01:07:57.293Z,sell,2.514e-05,1093.0,0.02747802
NEBL/BTC,1604365677293,2020-11-03T01:07:57.293Z,sell,2.514e-05,1093.0,0.02747802
NEBL/BTC,1604366063292,2020-11-03T01:14:23.292Z,sell,2.496e-05,5.0,0.0001248
NEBL/BTC,1604366116854,2020-11-03T01:15:16.854Z,sell,2.489e-05,92.0,0.00228988
NEBL/BTC,1604366204236,2020-11-03T01:16:44.236Z,buy,2.508e-05,1.0,2.508e-05
NEBL/BTC,1604366613034,2020-11-03T01:23:33.034Z,sell,2.488e-05,5.0,0.0001244
NEBL/BTC,1604366911306,2020-11-03T01:28:31.306Z,sell,2.488e-05,35.0,0.0008707999999999999
NEBL/BTC,1604366939362,2020-11-03T01:28:59.362Z,buy,2.492e-05,7.0,0.00017444
NEBL/BTC,1604366990012,2020-11-03T01:29:50.012Z,buy,2.492e-05,5.0,0.0001246
NEBL/BTC,1604366990012,2020-11-03T01:29:50.012Z,buy,2.492e-05,5.0,0.0001246
NEBL/BTC,1604370145568,2020-11-03T02:22:25.568Z,buy,2.5e-05,330.0,0.00825
NEBL/BTC,1604370489534,2020-11-03T02:28:09.534Z,sell,2.492e-05,5.0,0.0001246
NEBL/BTC,1604370496500,2020-11-03T02:28:16.500Z,buy,2.5e-05,60.0,0.0015
NEBL/BTC,1604370496500,2020-11-03T02:28:16.500Z,buy,2.5e-05,60.0,0.0015
NEBL/BTC,1604370638871,2020-11-03T02:30:38.871Z,sell,2.492e-05,3.0,7.476e-05
NEBL/BTC,1604370638871,2020-11-03T02:30:38.871Z,sell,2.485e-05,159.0,0.0039511500000000005
NEBL/BTC,1604370638871,2020-11-03T02:30:38.871Z,sell,2.484e-05,16.0,0.00039744
NEBL/BTC,1604372253323,2020-11-03T02:57:33.323Z,sell,2.488e-05,24.0,0.00059712
NEBL/BTC,1604372258072,2020-11-03T02:57:38.072Z,sell,2.484e-05,95.0,0.0023598
NEBL/BTC,1604372263999,2020-11-03T02:57:43.999Z,sell,2.482e-05,72.0,0.00178704
NEBL/BTC,1604372269742,2020-11-03T02:57:49.742Z,sell,2.478e-05,16.0,0.00039648
NEBL/BTC,1604372275563,2020-11-03T02:57:55.563Z,sell,2.477e-05,61.0,0.00151097
NEBL/BTC,1604372280029,2020-11-03T02:58:00.029Z,sell,2.476e-05,9.0,0.00022284
NEBL/BTC,1604372283213,2020-11-03T02:58:03.213Z,sell,2.474e-05,94.0,0.00232556
NEBL/BTC,1604372283213,2020-11-03T02:58:03.213Z,sell,2.473e-05,6.0,0.00014837999999999999
NEBL/BTC,1604372287081,2020-11-03T02:58:07.081Z,sell,2.471e-05,323.0,0.00798133
NEBL/BTC,1604372287081,2020-11-03T02:58:07.081Z,sell,2.47e-05,348.0,0.0085956
NEBL/BTC,1604372291411,2020-11-03T02:58:11.411Z,sell,2.469e-05,35.0,0.0008641499999999999
NEBL/BTC,1604372291411,2020-11-03T02:58:11.411Z,sell,2.468e-05,8.0,0.00019744
NEBL/BTC,1604372295766,2020-11-03T02:58:15.766Z,sell,2.465e-05,41.0,0.0010106499999999999
NEBL/BTC,1604372296733,2020-11-03T02:58:16.733Z,sell,2.465e-05,20.0,0.000493
NEBL/BTC,1604372298086,2020-11-03T02:58:18.086Z,sell,2.465e-05,16.0,0.0003944
NEBL/BTC,1604372299326,2020-11-03T02:58:19.326Z,sell,2.465e-05,14.0,0.0003451
NEBL/BTC,1604372299715,2020-11-03T02:58:19.715Z,sell,2.464e-05,129.0,0.00317856
NEBL/BTC,1604372300251,2020-11-03T02:58:20.251Z,sell,2.465e-05,12.0,0.0002958
NEBL/BTC,1604372303539,2020-11-03T02:58:23.539Z,sell,2.463e-05,49.0,0.00120687
NEBL/BTC,1604372304498,2020-11-03T02:58:24.498Z,sell,2.463e-05,151.0,0.0037191299999999997
NEBL/BTC,1604372305096,2020-11-03T02:58:25.096Z,sell,2.463e-05,53.0,0.00130539
NEBL/BTC,1604372305519,2020-11-03T02:58:25.519Z,sell,2.462e-05,125.0,0.0030775000000000004
NEBL/BTC,1604372307458,2020-11-03T02:58:27.458Z,sell,2.462e-05,30.0,0.0007386000000000001
NEBL/BTC,1604372307458,2020-11-03T02:58:27.458Z,sell,2.461e-05,5.0,0.00012305
NEBL/BTC,1604372307871,2020-11-03T02:58:27.871Z,sell,2.461e-05,13.0,0.00031993
NEBL/BTC,1604372308720,2020-11-03T02:58:28.720Z,sell,2.461e-05,9.0,0.00022149
NEBL/BTC,1604372308720,2020-11-03T02:58:28.720Z,sell,2.46e-05,30.0,0.000738
NEBL/BTC,1604372309531,2020-11-03T02:58:29.531Z,sell,2.46e-05,9.0,0.00022140000000000001
NEBL/BTC,1604372369857,2020-11-03T02:59:29.857Z,sell,2.459e-05,5.0,0.00012295
NEBL/BTC,1604373344417,2020-11-03T03:15:44.417Z,sell,2.46e-05,13.0,0.0003198
NEBL/BTC,1604373344417,2020-11-03T03:15:44.417Z,sell,2.459e-05,65.0,0.00159835
NEBL/BTC,1604373386718,2020-11-03T03:16:26.718Z,buy,2.455e-05,813.0,0.019959150000000002
NEBL/BTC,1604373386938,2020-11-03T03:16:26.938Z,buy,2.456e-05,124.0,0.00304544
NEBL/BTC,1604373403071,2020-11-03T03:16:43.071Z,sell,2.454e-05,10.0,0.0002454
NEBL/BTC,1604373403071,2020-11-03T03:16:43.071Z,sell,2.454e-05,10.0,0.0002454
NEBL/BTC,1604374346463,2020-11-03T03:32:26.463Z,sell,2.453e-05,22.0,0.00053966
NEBL/BTC,1604374347393,2020-11-03T03:32:27.393Z,sell,2.452e-05,77.0,0.00188804
NEBL/BTC,1604374360035,2020-11-03T03:32:40.035Z,sell,2.451e-05,31.0,0.00075981
NEBL/BTC,1604374405304,2020-11-03T03:33:25.304Z,buy,2.46e-05,34.0,0.0008364000000000001
NEBL/BTC,1604374419221,2020-11-03T03:33:39.221Z,sell,2.452e-05,8.0,0.00019616
NEBL/BTC,1604374444935,2020-11-03T03:34:04.935Z,sell,2.45e-05,5.0,0.0001225
NEBL/BTC,1604375888511,2020-11-03T03:58:08.511Z,sell,2.445e-05,5.0,0.00012225000000000002
NEBL/BTC,1604375925729,2020-11-03T03:58:45.729Z,buy,2.451e-05,338.0,0.008284380000000001
NEBL/BTC,1604375988248,2020-11-03T03:59:48.248Z,sell,2.452e-05,41.0,0.0010053199999999999
NEBL/BTC,1604375988493,2020-11-03T03:59:48.493Z,sell,2.451e-05,6.0,0.00014706000000000002
NEBL/BTC,1604376081646,2020-11-03T04:01:21.646Z,sell,2.451e-05,324.0,0.00794124
NEBL/BTC,1604376081672,2020-11-03T04:01:21.672Z,sell,2.451e-05,23.0,0.00056373
NEBL/BTC,1604376097133,2020-11-03T04:01:37.133Z,sell,2.451e-05,17.0,0.00041667
NEBL/BTC,1604376112091,2020-11-03T04:01:52.091Z,sell,2.451e-05,17.0,0.00041667
NEBL/BTC,1604376112110,2020-11-03T04:01:52.110Z,sell,2.451e-05,7.0,0.00017157
NEBL/BTC,1604376112132,2020-11-03T04:01:52.132Z,sell,2.451e-05,5.0,0.00012255
NEBL/BTC,1604376268640,2020-11-03T04:04:28.640Z,sell,2.451e-05,6.0,0.00014706000000000002
NEBL/BTC,1604376405912,2020-11-03T04:06:45.912Z,buy,2.452e-05,30.0,0.0007356
NEBL/BTC,1604376644471,2020-11-03T04:10:44.471Z,buy,2.456e-05,39.0,0.00095784
NEBL/BTC,1604376649643,2020-11-03T04:10:49.643Z,buy,2.456e-05,81.0,0.00198936
NEBL/BTC,1604376652496,2020-11-03T04:10:52.496Z,sell,2.456e-05,86.0,0.00211216
NEBL/BTC,1604376654505,2020-11-03T04:10:54.505Z,sell,2.456e-05,86.0,0.00211216
NEBL/BTC,1604376656499,2020-11-03T04:10:56.499Z,sell,2.456e-05,86.0,0.00211216
NEBL/BTC,1604376660800,2020-11-03T04:11:00.800Z,sell,2.456e-05,86.0,0.00211216
NEBL/BTC,1604376816919,2020-11-03T04:13:36.919Z,buy,2.457e-05,19.0,0.00046683
NEBL/BTC,1604376926989,2020-11-03T04:15:26.989Z,buy,2.457e-05,46.0,0.00113022
NEBL/BTC,1604376927003,2020-11-03T04:15:27.003Z,buy,2.457e-05,28.0,0.00068796
NEBL/BTC,1604376927012,2020-11-03T04:15:27.012Z,buy,2.457e-05,22.0,0.00054054
NEBL/BTC,1604376927027,2020-11-03T04:15:27.027Z,buy,2.457e-05,23.0,0.00056511
NEBL/BTC,1604376927040,2020-11-03T04:15:27.040Z,buy,2.457e-05,17.0,0.00041769
NEBL/BTC,1604376927057,2020-11-03T04:15:27.057Z,buy,2.457e-05,16.0,0.00039312
NEBL/BTC,1604376927066,2020-11-03T04:15:27.066Z,buy,2.457e-05,16.0,0.00039312
NEBL/BTC,1604376927083,2020-11-03T04:15:27.083Z,buy,2.457e-05,5.0,0.00012285
NEBL/BTC,1604376927083,2020-11-03T04:15:27.083Z,buy,2.457e-05,5.0,0.00012285
NEBL/BTC,1604377953684,2020-11-03T04:32:33.684Z,sell,2.451e-05,31.0,0.00075981
NEBL/BTC,1604378062278,2020-11-03T04:34:22.278Z,sell,2.45e-05,18.0,0.000441
NEBL/BTC,1604379781156,2020-11-03T05:03:01.156Z,sell,2.445e-05,7.0,0.00017115
NEBL/BTC,1604379990801,2020-11-03T05:06:30.801Z,sell,2.445e-05,15.0,0.00036675
NEBL/BTC,1604380014091,2020-11-03T05:06:54.091Z,sell,2.441e-05,10.0,0.00024409999999999997
NEBL/BTC,1604380235629,2020-11-03T05:10:35.629Z,buy,2.44e-05,7.0,0.0001708
NEBL/BTC,1604380235629,2020-11-03T05:10:35.629Z,buy,2.44e-05,7.0,0.0001708
NEBL/BTC,1604381161823,2020-11-03T05:26:01.823Z,buy,2.454e-05,2.0,4.908e-05
NEBL/BTC,1604381203200,2020-11-03T05:26:43.200Z,sell,2.44e-05,8.0,0.0001952
NEBL/BTC,1604381203200,2020-11-03T05:26:43.200Z,sell,2.438e-05,119.0,0.00290122
NEBL/BTC,1604381214728,2020-11-03T05:26:54.728Z,buy,2.454e-05,5.0,0.0001227
NEBL/BTC,1604382016653,2020-11-03T05:40:16.653Z,buy,2.454e-05,2.0,4.908e-05
NEBL/BTC,1604383673550,2020-11-03T06:07:53.550Z,buy,2.454e-05,2.0,4.908e-05
NEBL/BTC,1604383673550,2020-11-03T06:07:53.550Z,buy,2.454e-05,2.0,4.908e-05
NEBL/BTC,1604384271619,2020-11-03T06:17:51.619Z,buy,2.454e-05,504.0,0.01236816
NEBL/BTC,1604384271623,2020-11-03T06:17:51.623Z,buy,2.454e-05,490.0,0.0120246
NEBL/BTC,1604384432641,2020-11-03T06:20:32.641Z,sell,2.441e-05,5.0,0.00012204999999999999
NEBL/BTC,1604384620992,2020-11-03T06:23:40.992Z,sell,2.441e-05,12.0,0.00029292
NEBL/BTC,1604384620992,2020-11-03T06:23:40.992Z,sell,2.438e-05,72.0,0.00175536
NEBL/BTC,1604384620992,2020-11-03T06:23:40.992Z,sell,2.436e-05,242.0,0.00589512
NEBL/BTC,1604384620992,2020-11-03T06:23:40.992Z,sell,2.435e-05,152.0,0.0037012
NEBL/BTC,1604384628003,2020-11-03T06:23:48.003Z,buy,2.442e-05,115.0,0.0028083
NEBL/BTC,1604384837329,2020-11-03T06:27:17.329Z,sell,2.438e-05,183.0,0.00446154
NEBL/BTC,1604386875231,2020-11-03T07:01:15.231Z,sell,2.438e-05,19.0,0.00046322000000000003
NEBL/BTC,1604386875379,2020-11-03T07:01:15.379Z,sell,2.437e-05,13.0,0.00031681
NEBL/BTC,1604386875379,2020-11-03T07:01:15.379Z,sell,2.437e-05,13.0,0.00031681
NEBL/BTC,1604387301290,2020-11-03T07:08:21.290Z,buy,2.438e-05,12.0,0.00029256
NEBL/BTC,1604387344148,2020-11-03T07:09:04.148Z,buy,2.438e-05,202.0,0.00492476
NEBL/BTC,1604387453057,2020-11-03T07:10:53.057Z,buy,2.456e-05,38.0,0.00093328
NEBL/BTC,1604389073225,2020-11-03T07:37:53.225Z,sell,2.441e-05,7.0,0.00017087
NEBL/BTC,1604389073225,2020-11-03T07:37:53.225Z,sell,2.437e-05,6.0,0.00014622
NEBL/BTC,1604389073225,2020-11-03T07:37:53.225Z,sell,2.435e-05,62.0,0.0015096999999999999
NEBL/BTC,1604389126956,2020-11-03T07:38:46.956Z,buy,2.437e-05,30.0,0.0007310999999999999
NEBL/BTC,1604389468460,2020-11-03T07:44:28.460Z,buy,2.437e-05,74.0,0.0018033799999999998
NEBL/BTC,1604389528878,2020-11-03T07:45:28.878Z,buy,2.437e-05,17.0,0.00041429
NEBL/BTC,1604389528878,2020-11-03T07:45:28.878Z,buy,2.437e-05,17.0,0.00041429
NEBL/BTC,1604390699908,2020-11-03T08:04:59.908Z,sell,2.435e-05,158.0,0.0038472999999999997
NEBL/BTC,1604390768286,2020-11-03T08:06:08.286Z,buy,2.435e-05,8.0,0.0001948
NEBL/BTC,1604392745948,2020-11-03T08:39:05.948Z,sell,2.434e-05,43.0,0.00104662
NEBL/BTC,1604392941398,2020-11-03T08:42:21.398Z,sell,2.434e-05,19.0,0.00046246000000000004
NEBL/BTC,1604392941398,2020-11-03T08:42:21.398Z,sell,2.433e-05,16.0,0.00038928
NEBL/BTC,1604392941398,2020-11-03T08:42:21.398Z,sell,2.432e-05,10.0,0.0002432
NEBL/BTC,1604392941398,2020-11-03T08:42:21.398Z,sell,2.43e-05,230.0,0.005589
NEBL/BTC,1604392941444,2020-11-03T08:42:21.444Z,sell,2.43e-05,62.0,0.0015066
NEBL/BTC,1604392948014,2020-11-03T08:42:28.014Z,sell,2.43e-05,229.0,0.0055647000000000005
NEBL/BTC,1604392978557,2020-11-03T08:42:58.557Z,sell,2.43e-05,445.0,0.0108135
NEBL/BTC,1604392978851,2020-11-03T08:42:58.851Z,sell,2.43e-05,200.0,0.004860000000000001
NEBL/BTC,1604392979428,2020-11-03T08:42:59.428Z,sell,2.43e-05,183.0,0.0044469
NEBL/BTC,1604392979428,2020-11-03T08:42:59.428Z,sell,2.429e-05,8.0,0.00019432
NEBL/BTC,1604392979428,2020-11-03T08:42:59.428Z,sell,2.428e-05,8.0,0.00019424
NEBL/BTC,1604392992215,2020-11-03T08:43:12.215Z,sell,2.425e-05,8.0,0.000194
NEBL/BTC,1604392992215,2020-11-03T08:43:12.215Z,sell,2.425e-05,8.0,0.000194
NEBL/BTC,1604393651843,2020-11-03T08:54:11.843Z,buy,2.427e-05,144.0,0.00349488
NEBL/BTC,1604393724005,2020-11-03T08:55:24.005Z,buy,2.428e-05,407.0,0.00988196
NEBL/BTC,1604393784876,2020-11-03T08:56:24.876Z,sell,2.425e-05,92.0,0.002231
NEBL/BTC,1604393785668,2020-11-03T08:56:25.668Z,buy,2.425e-05,1.0,2.425e-05
NEBL/BTC,1604393810565,2020-11-03T08:56:50.565Z,buy,2.424e-05,5.0,0.00012119999999999999
NEBL/BTC,1604393810565,2020-11-03T08:56:50.565Z,buy,2.425e-05,10.0,0.00024249999999999999
NEBL/BTC,1604393810565,2020-11-03T08:56:50.565Z,buy,2.426e-05,37.0,0.00089762
NEBL/BTC,1604393810565,2020-11-03T08:56:50.565Z,buy,2.427e-05,16.0,0.00038832
NEBL/BTC,1604393810565,2020-11-03T08:56:50.565Z,buy,2.428e-05,10.0,0.00024280000000000002
NEBL/BTC,1604393810565,2020-11-03T08:56:50.565Z,buy,2.43e-05,10.0,0.000243
NEBL/BTC,1604393810565,2020-11-03T08:56:50.565Z,buy,2.431e-05,10.0,0.0002431
NEBL/BTC,1604393810565,2020-11-03T08:56:50.565Z,buy,2.434e-05,190.0,0.0046246
NEBL/BTC,1604393810565,2020-11-03T08:56:50.565Z,buy,2.435e-05,218.0,0.0053083
NEBL/BTC,1604393810565,2020-11-03T08:56:50.565Z,buy,2.437e-05,241.0,0.00587317
NEBL/BTC,1604393810565,2020-11-03T08:56:50.565Z,buy,2.439e-05,1281.0,0.031243589999999998
NEBL/BTC,1604393850665,2020-11-03T08:57:30.665Z,buy,2.424e-05,5.0,0.00012119999999999999
NEBL/BTC,1604393850665,2020-11-03T08:57:30.665Z,buy,2.425e-05,5.0,0.00012124999999999999
NEBL/BTC,1604393850665,2020-11-03T08:57:30.665Z,buy,2.426e-05,5.0,0.00012130000000000001
NEBL/BTC,1604393850665,2020-11-03T08:57:30.665Z,buy,2.428e-05,5.0,0.00012140000000000001
NEBL/BTC,1604393850665,2020-11-03T08:57:30.665Z,buy,2.429e-05,140.0,0.0034006
NEBL/BTC,1604393883645,2020-11-03T08:58:03.645Z,sell,2.422e-05,5.0,0.00012109999999999999
NEBL/BTC,1604393884308,2020-11-03T08:58:04.308Z,buy,2.424e-05,5.0,0.00012119999999999999
NEBL/BTC,1604393884308,2020-11-03T08:58:04.308Z,buy,2.425e-05,5.0,0.00012124999999999999
NEBL/BTC,1604393884308,2020-11-03T08:58:04.308Z,buy,2.426e-05,6.0,0.00014556
NEBL/BTC,1604393884308,2020-11-03T08:58:04.308Z,buy,2.428e-05,5.0,0.00012140000000000001
NEBL/BTC,1604393884308,2020-11-03T08:58:04.308Z,buy,2.429e-05,20.0,0.0004858
NEBL/BTC,1604393884308,2020-11-03T08:58:04.308Z,buy,2.43e-05,2119.0,0.0514917
NEBL/BTC,1604394127898,2020-11-03T09:02:07.898Z,buy,2.448e-05,10.0,0.0002448
NEBL/BTC,1604394127898,2020-11-03T09:02:07.898Z,buy,2.458e-05,11.0,0.00027037999999999997
NEBL/BTC,1604394127898,2020-11-03T09:02:07.898Z,buy,2.46e-05,10.0,0.000246
NEBL/BTC,1604394127898,2020-11-03T09:02:07.898Z,buy,2.461e-05,5.0,0.00012305
NEBL/BTC,1604394127898,2020-11-03T09:02:07.898Z,buy,2.463e-05,64.0,0.00157632
NEBL/BTC,1604394130615,2020-11-03T09:02:10.615Z,buy,2.459e-05,150.0,0.0036885
NEBL/BTC,1604394375408,2020-11-03T09:06:15.408Z,sell,2.45e-05,5.0,0.0001225
NEBL/BTC,1604394376940,2020-11-03T09:06:16.940Z,sell,2.443e-05,81.0,0.00197883
NEBL/BTC,1604394377918,2020-11-03T09:06:17.918Z,sell,2.433e-05,11.0,0.00026763
NEBL/BTC,1604394377918,2020-11-03T09:06:17.918Z,sell,2.432e-05,10.0,0.0002432
NEBL/BTC,1604394377918,2020-11-03T09:06:17.918Z,sell,2.427e-05,192.0,0.00465984
NEBL/BTC,1604394377918,2020-11-03T09:06:17.918Z,sell,2.426e-05,131.0,0.0031780600000000003
NEBL/BTC,1604394404445,2020-11-03T09:06:44.445Z,sell,2.424e-05,126.0,0.0030542399999999997
NEBL/BTC,1604394404460,2020-11-03T09:06:44.460Z,buy,2.424e-05,43.0,0.00104232
NEBL/BTC,1604394410501,2020-11-03T09:06:50.501Z,sell,2.424e-05,275.0,0.006665999999999999
NEBL/BTC,1604394416441,2020-11-03T09:06:56.441Z,sell,2.423e-05,44.0,0.00106612
NEBL/BTC,1604394419830,2020-11-03T09:06:59.830Z,buy,2.423e-05,100.0,0.002423
NEBL/BTC,1604394422466,2020-11-03T09:07:02.466Z,sell,2.422e-05,361.0,0.00874342
NEBL/BTC,1604394612721,2020-11-03T09:10:12.721Z,sell,2.42e-05,99.0,0.0023958
NEBL/BTC,1604394663909,2020-11-03T09:11:03.909Z,sell,2.42e-05,17.0,0.00041139999999999997
NEBL/BTC,1604394663909,2020-11-03T09:11:03.909Z,sell,2.418e-05,61.0,0.0014749799999999999
NEBL/BTC,1604394665881,2020-11-03T09:11:05.881Z,sell,2.416e-05,200.0,0.0048319999999999995
NEBL/BTC,1604394667698,2020-11-03T09:11:07.698Z,sell,2.416e-05,95.0,0.0022952
NEBL/BTC,1604394669596,2020-11-03T09:11:09.596Z,sell,2.415e-05,200.0,0.00483
NEBL/BTC,1604394670348,2020-11-03T09:11:10.348Z,sell,2.415e-05,205.0,0.00495075
NEBL/BTC,1604394671390,2020-11-03T09:11:11.390Z,sell,2.414e-05,132.0,0.0031864799999999998
NEBL/BTC,1604394673199,2020-11-03T09:11:13.199Z,sell,2.413e-05,11.0,0.00026543
NEBL/BTC,1604394673199,2020-11-03T09:11:13.199Z,sell,2.412e-05,46.0,0.00110952
NEBL/BTC,1604394673199,2020-11-03T09:11:13.199Z,sell,2.411e-05,150.0,0.0036165000000000004
NEBL/BTC,1604394676897,2020-11-03T09:11:16.897Z,sell,2.411e-05,200.0,0.004822
NEBL/BTC,1604394678721,2020-11-03T09:11:18.721Z,buy,2.415e-05,73.0,0.00176295
NEBL/BTC,1604394681838,2020-11-03T09:11:21.838Z,sell,2.411e-05,200.0,0.004822
NEBL/BTC,1604394684248,2020-11-03T09:11:24.248Z,sell,2.413e-05,199.0,0.004801870000000001
NEBL/BTC,1604394684248,2020-11-03T09:11:24.248Z,sell,2.412e-05,1.0,2.412e-05
NEBL/BTC,1604394697476,2020-11-03T09:11:37.476Z,sell,2.413e-05,72.0,0.00173736
NEBL/BTC,1604394713941,2020-11-03T09:11:53.941Z,sell,2.413e-05,127.0,0.0030645100000000003
NEBL/BTC,1604394713941,2020-11-03T09:11:53.941Z,sell,2.41e-05,13.0,0.00031329999999999997
NEBL/BTC,1604394713941,2020-11-03T09:11:53.941Z,sell,2.409e-05,167.0,0.00402303
NEBL/BTC,1604394713941,2020-11-03T09:11:53.941Z,sell,2.408e-05,5.0,0.0001204
NEBL/BTC,1604394714521,2020-11-03T09:11:54.521Z,sell,2.407e-05,16.0,0.00038512
NEBL/BTC,1604394715956,2020-11-03T09:11:55.956Z,sell,2.409e-05,9.0,0.00021681
NEBL/BTC,1604394720025,2020-11-03T09:12:00.025Z,sell,2.416e-05,8.0,0.00019328
NEBL/BTC,1604394721217,2020-11-03T09:12:01.217Z,sell,2.416e-05,28.0,0.0006764799999999999
NEBL/BTC,1604394721306,2020-11-03T09:12:01.306Z,sell,2.416e-05,91.0,0.00219856
NEBL/BTC,1604394721306,2020-11-03T09:12:01.306Z,sell,2.407e-05,27.0,0.0006498900000000001
NEBL/BTC,1604394722527,2020-11-03T09:12:02.527Z,buy,2.426e-05,215.0,0.005215900000000001
NEBL/BTC,1604394722527,2020-11-03T09:12:02.527Z,buy,2.427e-05,9.0,0.00021843
NEBL/BTC,1604394722527,2020-11-03T09:12:02.527Z,buy,2.433e-05,14.0,0.00034062
NEBL/BTC,1604394727513,2020-11-03T09:12:07.513Z,sell,2.407e-05,38.0,0.0009146600000000001
NEBL/BTC,1604394738987,2020-11-03T09:12:18.987Z,sell,2.409e-05,32.0,0.00077088
NEBL/BTC,1604394744022,2020-11-03T09:12:24.022Z,sell,2.409e-05,75.0,0.0018067500000000002
NEBL/BTC,1604394779061,2020-11-03T09:12:59.061Z,sell,2.407e-05,81.0,0.0019496700000000001
NEBL/BTC,1604394791388,2020-11-03T09:13:11.388Z,sell,2.408e-05,209.0,0.00503272
NEBL/BTC,1604394796941,2020-11-03T09:13:16.941Z,buy,2.419e-05,2.0,4.838e-05
NEBL/BTC,1604394829257,2020-11-03T09:13:49.257Z,buy,2.413e-05,60.0,0.0014478
NEBL/BTC,1604394921013,2020-11-03T09:15:21.013Z,sell,2.408e-05,80.0,0.0019264
NEBL/BTC,1604394934132,2020-11-03T09:15:34.132Z,sell,2.408e-05,354.0,0.00852432
NEBL/BTC,1604394948432,2020-11-03T09:15:48.432Z,buy,2.411e-05,89.0,0.0021457900000000003
NEBL/BTC,1604395028393,2020-11-03T09:17:08.393Z,buy,2.41e-05,8.0,0.0001928
NEBL/BTC,1604395563938,2020-11-03T09:26:03.938Z,buy,2.411e-05,56.0,0.00135016
NEBL/BTC,1604395765233,2020-11-03T09:29:25.233Z,buy,2.411e-05,596.0,0.01436956
NEBL/BTC,1604396149531,2020-11-03T09:35:49.531Z,buy,2.428e-05,2.0,4.856e-05
NEBL/BTC,1604396149531,2020-11-03T09:35:49.531Z,buy,2.428e-05,2.0,4.856e-05
NEBL/BTC,1604397135728,2020-11-03T09:52:15.728Z,buy,2.424e-05,2.0,4.848e-05
NEBL/BTC,1604398361571,2020-11-03T10:12:41.571Z,buy,2.424e-05,2.0,4.848e-05
NEBL/BTC,1604398593793,2020-11-03T10:16:33.793Z,sell,2.408e-05,38.0,0.00091504
NEBL/BTC,1604398816021,2020-11-03T10:20:16.021Z,buy,2.424e-05,2.0,4.848e-05
NEBL/BTC,1604399264862,2020-11-03T10:27:44.862Z,buy,2.409e-05,7.0,0.00016863000000000002
NEBL/BTC,1604399324502,2020-11-03T10:28:44.502Z,sell,2.408e-05,33.0,0.00079464
NEBL/BTC,1604399324502,2020-11-03T10:28:44.502Z,sell,2.408e-05,33.0,0.00079464
NEBL/BTC,1604400306619,2020-11-03T10:45:06.619Z,buy,2.424e-05,101.0,0.00244824
NEBL/BTC,1604401258487,2020-11-03T11:00:58.487Z,buy,2.424e-05,2.0,4.848e-05
NEBL/BTC,1604402618006,2020-11-03T11:23:38.006Z,buy,2.424e-05,502.0,0.012168479999999999
NEBL/BTC,1604402618031,2020-11-03T11:23:38.031Z,buy,2.424e-05,29.0,0.00070296
NEBL/BTC,1604402899576,2020-11-03T11:28:19.576Z,buy,2.424e-05,184.0,0.0044601599999999995
NEBL/BTC,1604402899576,2020-11-03T11:28:19.576Z,buy,2.424e-05,184.0,0.0044601599999999995
NEBL/BTC,1604403879519,2020-11-03T11:44:39.519Z,buy,2.431e-05,174.0,0.00422994
NEBL/BTC,1604403972320,2020-11-03T11:46:12.320Z,sell,2.431e-05,81.0,0.00196911
NEBL/BTC,1604403972320,2020-11-03T11:46:12.320Z,sell,2.424e-05,16.0,0.00038784
NEBL/BTC,1604403972320,2020-11-03T11:46:12.320Z,sell,2.409e-05,76.0,0.00183084
NEBL/BTC,1604404816674,2020-11-03T12:00:16.674Z,sell,2.412e-05,88.0,0.00212256
NEBL/BTC,1604405171913,2020-11-03T12:06:11.913Z,buy,2.43e-05,88.0,0.0021384
NEBL/BTC,1604405171913,2020-11-03T12:06:11.913Z,buy,2.433e-05,17.0,0.00041360999999999997
NEBL/BTC,1604405229045,2020-11-03T12:07:09.045Z,sell,2.415e-05,104.0,0.0025116
NEBL/BTC,1604405879230,2020-11-03T12:17:59.230Z,buy,2.43e-05,101.0,0.0024543
NEBL/BTC,1604405879230,2020-11-03T12:17:59.230Z,buy,2.431e-05,74.0,0.00179894
