symbol,timestamp,datetime,side,price,amount,btc_volume
NEBL/BTC,1629644409785,2021-08-22T15:00:09.785Z,buy,3.529e-05,4.0,0.00014116
NEBL/BTC,1629644461729,2021-08-22T15:01:01.729Z,sell,3.524e-05,1.0,3.524e-05
NEBL/BTC,1629644461729,2021-08-22T15:01:01.729Z,sell,3.523e-05,4.0,0.00014092
NEBL/BTC,1629644461729,2021-08-22T15:01:01.729Z,sell,3.522e-05,14.0,0.00049308
NEBL/BTC,1629644470377,2021-08-22T15:01:10.377Z,sell,3.522e-05,46.0,0.0016201199999999999
NEBL/BTC,1629644470377,2021-08-22T15:01:10.377Z,sell,3.521e-05,5.0,0.00017604999999999997
NEBL/BTC,1629644470377,2021-08-22T15:01:10.377Z,sell,3.518e-05,23.0,0.00080914
NEBL/BTC,1629644514515,2021-08-22T15:01:54.515Z,buy,3.518e-05,6.0,0.00021108
NEBL/BTC,1629644672660,2021-08-22T15:04:32.660Z,buy,3.518e-05,6.0,0.00021108
NEBL/BTC,1629644777450,2021-08-22T15:06:17.450Z,sell,3.517e-05,10.0,0.0003517
NEBL/BTC,1629644777450,2021-08-22T15:06:17.450Z,sell,3.515e-05,31.0,0.00108965
NEBL/BTC,1629644777450,2021-08-22T15:06:17.450Z,sell,3.514e-05,20.0,0.0007028
NEBL/BTC,1629644777450,2021-08-22T15:06:17.450Z,sell,3.512e-05,86.0,0.0030203200000000004
NEBL/BTC,1629644777450,2021-08-22T15:06:17.450Z,sell,3.511e-05,4.0,0.00014044
NEBL/BTC,1629644777450,2021-08-22T15:06:17.450Z,sell,3.51e-05,6.0,0.0002106
NEBL/BTC,1629644777450,2021-08-22T15:06:17.450Z,sell,3.505e-05,14.0,0.0004907
NEBL/BTC,1629644777450,2021-08-22T15:06:17.450Z,sell,3.504e-05,5.0,0.00017520000000000003
NEBL/BTC,1629644777450,2021-08-22T15:06:17.450Z,sell,3.503e-05,6.0,0.00021018000000000002
NEBL/BTC,1629644777450,2021-08-22T15:06:17.450Z,sell,3.501e-05,4.0,0.00014004
NEBL/BTC,1629644777450,2021-08-22T15:06:17.450Z,sell,3.5e-05,14.0,0.00049
NEBL/BTC,1629644777450,2021-08-22T15:06:17.450Z,sell,3.499e-05,4.0,0.00013996
NEBL/BTC,1629644777450,2021-08-22T15:06:17.450Z,sell,3.496e-05,37.0,0.0012935199999999998
NEBL/BTC,1629644777450,2021-08-22T15:06:17.450Z,sell,3.493e-05,13.0,0.00045409
NEBL/BTC,1629644777450,2021-08-22T15:06:17.450Z,sell,3.491e-05,85.0,0.00296735
NEBL/BTC,1629644777450,2021-08-22T15:06:17.450Z,sell,3.49e-05,17.0,0.0005933000000000001
NEBL/BTC,1629644777457,2021-08-22T15:06:17.457Z,buy,3.496e-05,6.0,0.00020975999999999997
NEBL/BTC,1629644778393,2021-08-22T15:06:18.393Z,sell,3.517e-05,445.0,0.01565065
NEBL/BTC,1629644778985,2021-08-22T15:06:18.985Z,sell,3.517e-05,6.0,0.00021101999999999997
NEBL/BTC,1629644779197,2021-08-22T15:06:19.197Z,sell,3.517e-05,31.0,0.00109027
NEBL/BTC,1629644779750,2021-08-22T15:06:19.750Z,sell,3.517e-05,6.0,0.00021101999999999997
NEBL/BTC,1629644780515,2021-08-22T15:06:20.515Z,sell,3.517e-05,6.0,0.00021101999999999997
NEBL/BTC,1629644969278,2021-08-22T15:09:29.278Z,sell,3.517e-05,85.0,0.00298945
NEBL/BTC,1629645034094,2021-08-22T15:10:34.094Z,buy,3.517e-05,59.0,0.00207503
NEBL/BTC,1629645041955,2021-08-22T15:10:41.955Z,buy,3.517e-05,13.0,0.00045720999999999994
NEBL/BTC,1629645043287,2021-08-22T15:10:43.287Z,sell,3.51e-05,4.0,0.0001404
NEBL/BTC,1629645047399,2021-08-22T15:10:47.399Z,sell,3.51e-05,2.0,7.02e-05
NEBL/BTC,1629645047399,2021-08-22T15:10:47.399Z,sell,3.503e-05,2.0,7.006e-05
NEBL/BTC,1629645160944,2021-08-22T15:12:40.944Z,buy,3.504e-05,51.0,0.0017870400000000002
NEBL/BTC,1629645189801,2021-08-22T15:13:09.801Z,sell,3.503e-05,7.0,0.00024521
NEBL/BTC,1629645189801,2021-08-22T15:13:09.801Z,sell,3.499e-05,4.0,0.00013996
NEBL/BTC,1629645189801,2021-08-22T15:13:09.801Z,sell,3.497e-05,59.0,0.00206323
NEBL/BTC,1629645189801,2021-08-22T15:13:09.801Z,sell,3.496e-05,1883.0,0.06582968
NEBL/BTC,1629645254082,2021-08-22T15:14:14.082Z,sell,3.497e-05,178.0,0.00622466
NEBL/BTC,1629645401046,2021-08-22T15:16:41.046Z,buy,3.503e-05,6.0,0.00021018000000000002
NEBL/BTC,1629645417773,2021-08-22T15:16:57.773Z,buy,3.505e-05,4.0,0.0001402
NEBL/BTC,1629645418047,2021-08-22T15:16:58.047Z,buy,3.51e-05,65.0,0.0022815
NEBL/BTC,1629645418977,2021-08-22T15:16:58.977Z,buy,3.511e-05,4.0,0.00014044
NEBL/BTC,1629645418977,2021-08-22T15:16:58.977Z,buy,3.514e-05,39.0,0.00137046
NEBL/BTC,1629645671004,2021-08-22T15:21:11.004Z,buy,3.514e-05,20.0,0.0007028
NEBL/BTC,1629645671004,2021-08-22T15:21:11.004Z,buy,3.515e-05,31.0,0.00108965
NEBL/BTC,1629645671004,2021-08-22T15:21:11.004Z,buy,3.517e-05,10.0,0.0003517
NEBL/BTC,1629645671004,2021-08-22T15:21:11.004Z,buy,3.518e-05,413.0,0.01452934
NEBL/BTC,1629645671004,2021-08-22T15:21:11.004Z,buy,3.522e-05,4.0,0.00014088
NEBL/BTC,1629645671004,2021-08-22T15:21:11.004Z,buy,3.523e-05,4.0,0.00014092
NEBL/BTC,1629645671004,2021-08-22T15:21:11.004Z,buy,3.524e-05,6.0,0.00021144000000000002
NEBL/BTC,1629645671004,2021-08-22T15:21:11.004Z,buy,3.529e-05,4.0,0.00014116
NEBL/BTC,1629645671004,2021-08-22T15:21:11.004Z,buy,3.531e-05,6.0,0.00021186
NEBL/BTC,1629645671004,2021-08-22T15:21:11.004Z,buy,3.535e-05,35.0,0.0012372499999999999
NEBL/BTC,1629645671004,2021-08-22T15:21:11.004Z,buy,3.538e-05,6.0,0.00021227999999999997
NEBL/BTC,1629645671004,2021-08-22T15:21:11.004Z,buy,3.541e-05,4.0,0.00014164
NEBL/BTC,1629645671004,2021-08-22T15:21:11.004Z,buy,3.542e-05,20.0,0.0007084000000000001
NEBL/BTC,1629645671004,2021-08-22T15:21:11.004Z,buy,3.543e-05,4.0,0.00014172
NEBL/BTC,1629645671004,2021-08-22T15:21:11.004Z,buy,3.544e-05,318.0,0.01126992
NEBL/BTC,1629645671004,2021-08-22T15:21:11.004Z,buy,3.545e-05,6.0,0.00021270000000000002
NEBL/BTC,1629645671004,2021-08-22T15:21:11.004Z,buy,3.546e-05,8.0,0.00028368
NEBL/BTC,1629645671004,2021-08-22T15:21:11.004Z,buy,3.547e-05,4.0,0.00014188
NEBL/BTC,1629645671004,2021-08-22T15:21:11.004Z,buy,3.549e-05,956.0,0.033928440000000004
NEBL/BTC,1629645671879,2021-08-22T15:21:11.879Z,buy,3.519e-05,6.0,0.00021114000000000001
NEBL/BTC,1629645675370,2021-08-22T15:21:15.370Z,sell,3.538e-05,4.0,0.00014152
NEBL/BTC,1629645681372,2021-08-22T15:21:21.372Z,sell,3.538e-05,2.0,7.076e-05
NEBL/BTC,1629645696566,2021-08-22T15:21:36.566Z,buy,3.538e-05,4.0,0.00014152
NEBL/BTC,1629645792928,2021-08-22T15:23:12.928Z,buy,3.538e-05,4.0,0.00014152
NEBL/BTC,1629645910088,2021-08-22T15:25:10.088Z,sell,3.538e-05,7.0,0.00024765999999999997
NEBL/BTC,1629645910088,2021-08-22T15:25:10.088Z,sell,3.535e-05,4.0,0.0001414
NEBL/BTC,1629645910088,2021-08-22T15:25:10.088Z,sell,3.532e-05,58.0,0.00204856
NEBL/BTC,1629645910088,2021-08-22T15:25:10.088Z,sell,3.531e-05,6.0,0.00021186
NEBL/BTC,1629645910088,2021-08-22T15:25:10.088Z,sell,3.529e-05,4.0,0.00014116
NEBL/BTC,1629645910088,2021-08-22T15:25:10.088Z,sell,3.524e-05,6.0,0.00021144000000000002
NEBL/BTC,1629645910088,2021-08-22T15:25:10.088Z,sell,3.523e-05,4.0,0.00014092
NEBL/BTC,1629645910088,2021-08-22T15:25:10.088Z,sell,3.522e-05,4.0,0.00014088
NEBL/BTC,1629645910088,2021-08-22T15:25:10.088Z,sell,3.518e-05,84.0,0.00295512
NEBL/BTC,1629645910088,2021-08-22T15:25:10.088Z,sell,3.517e-05,134.0,0.00471278
NEBL/BTC,1629645910088,2021-08-22T15:25:10.088Z,sell,3.516e-05,769.0,0.027038040000000003
NEBL/BTC,1629645910088,2021-08-22T15:25:10.088Z,sell,3.515e-05,31.0,0.00108965
NEBL/BTC,1629645910088,2021-08-22T15:25:10.088Z,sell,3.514e-05,20.0,0.0007028
NEBL/BTC,1629645910088,2021-08-22T15:25:10.088Z,sell,3.511e-05,4.0,0.00014044
NEBL/BTC,1629645910088,2021-08-22T15:25:10.088Z,sell,3.51e-05,6.0,0.0002106
NEBL/BTC,1629645910088,2021-08-22T15:25:10.088Z,sell,3.507e-05,493.0,0.01728951
NEBL/BTC,1629645910088,2021-08-22T15:25:10.088Z,sell,3.505e-05,924.0,0.0323862
NEBL/BTC,1629645913189,2021-08-22T15:25:13.189Z,sell,3.517e-05,6.0,0.00021101999999999997
NEBL/BTC,1629645914418,2021-08-22T15:25:14.418Z,buy,3.524e-05,6.0,0.00021144000000000002
NEBL/BTC,1629645929508,2021-08-22T15:25:29.508Z,sell,3.525e-05,4.0,0.000141
NEBL/BTC,1629645946777,2021-08-22T15:25:46.777Z,sell,3.525e-05,4.0,0.000141
NEBL/BTC,1629645950781,2021-08-22T15:25:50.781Z,buy,3.523e-05,4.0,0.00014092
NEBL/BTC,1629646044597,2021-08-22T15:27:24.597Z,buy,3.529e-05,4.0,0.00014116
NEBL/BTC,1629646044597,2021-08-22T15:27:24.597Z,buy,3.531e-05,6.0,0.00021186
NEBL/BTC,1629646044597,2021-08-22T15:27:24.597Z,buy,3.533e-05,58.0,0.00204914
NEBL/BTC,1629646044597,2021-08-22T15:27:24.597Z,buy,3.534e-05,91.0,0.0032159399999999996
NEBL/BTC,1629646044597,2021-08-22T15:27:24.597Z,buy,3.535e-05,35.0,0.0012372499999999999
NEBL/BTC,1629646044597,2021-08-22T15:27:24.597Z,buy,3.536e-05,33.0,0.00116688
NEBL/BTC,1629646044597,2021-08-22T15:27:24.597Z,buy,3.538e-05,6.0,0.00021227999999999997
NEBL/BTC,1629646044597,2021-08-22T15:27:24.597Z,buy,3.541e-05,4.0,0.00014164
NEBL/BTC,1629646044597,2021-08-22T15:27:24.597Z,buy,3.542e-05,20.0,0.0007084000000000001
NEBL/BTC,1629646044597,2021-08-22T15:27:24.597Z,buy,3.543e-05,4.0,0.00014172
NEBL/BTC,1629646044597,2021-08-22T15:27:24.597Z,buy,3.545e-05,6.0,0.00021270000000000002
NEBL/BTC,1629646044597,2021-08-22T15:27:24.597Z,buy,3.547e-05,4.0,0.00014188
NEBL/BTC,1629646044597,2021-08-22T15:27:24.597Z,buy,3.55e-05,80.0,0.00284
NEBL/BTC,1629646239276,2021-08-22T15:30:39.276Z,buy,3.547e-05,172.0,0.00610084
NEBL/BTC,1629646274941,2021-08-22T15:31:14.941Z,sell,3.543e-05,30.0,0.0010628999999999999
NEBL/BTC,1629646282934,2021-08-22T15:31:22.934Z,sell,3.541e-05,4.0,0.00014164
NEBL/BTC,1629646284728,2021-08-22T15:31:24.728Z,sell,3.538e-05,6.0,0.00021227999999999997
NEBL/BTC,1629646284728,2021-08-22T15:31:24.728Z,sell,3.535e-05,4.0,0.0001414
NEBL/BTC,1629646284728,2021-08-22T15:31:24.728Z,sell,3.532e-05,18.0,0.00063576
NEBL/BTC,1629646296239,2021-08-22T15:31:36.239Z,buy,3.541e-05,6.0,0.00021246
NEBL/BTC,1629646296239,2021-08-22T15:31:36.239Z,buy,3.545e-05,6.0,0.00021270000000000002
NEBL/BTC,1629646296239,2021-08-22T15:31:36.239Z,buy,3.546e-05,48.0,0.0017020800000000001
NEBL/BTC,1629646296239,2021-08-22T15:31:36.239Z,buy,3.547e-05,190.0,0.006739299999999999
NEBL/BTC,1629646321628,2021-08-22T15:32:01.628Z,buy,3.547e-05,65.0,0.00230555
NEBL/BTC,1629646322804,2021-08-22T15:32:02.804Z,buy,3.547e-05,65.0,0.00230555
NEBL/BTC,1629646455178,2021-08-22T15:34:15.178Z,sell,3.538e-05,6.0,0.00021227999999999997
NEBL/BTC,1629646455178,2021-08-22T15:34:15.178Z,sell,3.535e-05,4.0,0.0001414
NEBL/BTC,1629646455178,2021-08-22T15:34:15.178Z,sell,3.533e-05,23.0,0.0008125900000000001
NEBL/BTC,1629646572595,2021-08-22T15:36:12.595Z,buy,3.539e-05,23.0,0.00081397
NEBL/BTC,1629646572650,2021-08-22T15:36:12.650Z,buy,3.54e-05,150.0,0.00531
NEBL/BTC,1629646576695,2021-08-22T15:36:16.695Z,buy,3.54e-05,621.0,0.0219834
NEBL/BTC,1629646632075,2021-08-22T15:37:12.075Z,buy,3.541e-05,4.0,0.00014164
NEBL/BTC,1629646632075,2021-08-22T15:37:12.075Z,buy,3.544e-05,857.0,0.03037208
NEBL/BTC,1629646865477,2021-08-22T15:41:05.477Z,sell,3.539e-05,58.0,0.00205262
NEBL/BTC,1629646865477,2021-08-22T15:41:05.477Z,sell,3.538e-05,115.0,0.0040687
NEBL/BTC,1629646865477,2021-08-22T15:41:05.477Z,sell,3.536e-05,22.0,0.00077792
NEBL/BTC,1629646865477,2021-08-22T15:41:05.477Z,sell,3.535e-05,4.0,0.0001414
NEBL/BTC,1629646865477,2021-08-22T15:41:05.477Z,sell,3.533e-05,129.0,0.00455757
NEBL/BTC,1629646871602,2021-08-22T15:41:11.602Z,buy,3.541e-05,4.0,0.00014164
NEBL/BTC,1629646871602,2021-08-22T15:41:11.602Z,buy,3.543e-05,565.0,0.02001795
NEBL/BTC,1629646871602,2021-08-22T15:41:11.602Z,buy,3.544e-05,239.0,0.00847016
NEBL/BTC,1629646984742,2021-08-22T15:43:04.742Z,buy,3.544e-05,562.0,0.01991728
NEBL/BTC,1629646984742,2021-08-22T15:43:04.742Z,buy,3.545e-05,6.0,0.00021270000000000002
NEBL/BTC,1629646984742,2021-08-22T15:43:04.742Z,buy,3.547e-05,32.0,0.00113504
NEBL/BTC,1629646984742,2021-08-22T15:43:04.742Z,buy,3.55e-05,138.0,0.004899000000000001
NEBL/BTC,1629646984742,2021-08-22T15:43:04.742Z,buy,3.551e-05,9.0,0.00031958999999999997
NEBL/BTC,1629646984742,2021-08-22T15:43:04.742Z,buy,3.552e-05,6.0,0.00021312
NEBL/BTC,1629646984742,2021-08-22T15:43:04.742Z,buy,3.553e-05,4.0,0.00014212
NEBL/BTC,1629646984742,2021-08-22T15:43:04.742Z,buy,3.554e-05,29.0,0.00103066
NEBL/BTC,1629647360115,2021-08-22T15:49:20.115Z,sell,3.547e-05,4.0,0.00014188
NEBL/BTC,1629647360115,2021-08-22T15:49:20.115Z,sell,3.545e-05,6.0,0.00021270000000000002
NEBL/BTC,1629647360115,2021-08-22T15:49:20.115Z,sell,3.547e-05,4.0,0.00014188
NEBL/BTC,1629647360115,2021-08-22T15:49:20.115Z,sell,3.545e-05,6.0,0.00021270000000000002
NEBL/BTC,1629648013183,2021-08-22T16:00:13.183Z,sell,3.541e-05,4.0,0.00014164
NEBL/BTC,1629648099055,2021-08-22T16:01:39.055Z,sell,3.538e-05,6.0,0.00021227999999999997
NEBL/BTC,1629648140755,2021-08-22T16:02:20.755Z,sell,3.535e-05,4.0,0.0001414
NEBL/BTC,1629648140755,2021-08-22T16:02:20.755Z,sell,3.532e-05,2.0,7.064e-05
NEBL/BTC,1629648147999,2021-08-22T16:02:27.999Z,sell,3.531e-05,6.0,0.00021186
NEBL/BTC,1629648148341,2021-08-22T16:02:28.341Z,buy,3.541e-05,9.0,0.00031869
NEBL/BTC,1629648148341,2021-08-22T16:02:28.341Z,buy,3.544e-05,66.0,0.00233904
NEBL/BTC,1629648243858,2021-08-22T16:04:03.858Z,buy,3.538e-05,6.0,0.00021227999999999997
NEBL/BTC,1629648243858,2021-08-22T16:04:03.858Z,buy,3.541e-05,27.0,0.00095607
NEBL/BTC,1629648552862,2021-08-22T16:09:12.862Z,buy,3.541e-05,73.0,0.00258493
NEBL/BTC,1629648805073,2021-08-22T16:13:25.073Z,buy,3.541e-05,56.0,0.00198296
NEBL/BTC,1629648905650,2021-08-22T16:15:05.650Z,sell,3.535e-05,4.0,0.0001414
NEBL/BTC,1629649009317,2021-08-22T16:16:49.317Z,sell,3.531e-05,4.0,0.00014124
NEBL/BTC,1629649139950,2021-08-22T16:18:59.950Z,sell,3.531e-05,2.0,7.062e-05
NEBL/BTC,1629649156046,2021-08-22T16:19:16.046Z,buy,3.531e-05,1.0,3.531e-05
NEBL/BTC,1629649156046,2021-08-22T16:19:16.046Z,buy,3.538e-05,4.0,0.00014152
NEBL/BTC,1629649199186,2021-08-22T16:19:59.186Z,sell,3.529e-05,4.0,0.00014116
NEBL/BTC,1629649199186,2021-08-22T16:19:59.186Z,sell,3.524e-05,6.0,0.00021144000000000002
NEBL/BTC,1629649199186,2021-08-22T16:19:59.186Z,sell,3.523e-05,4.0,0.00014092
NEBL/BTC,1629649199186,2021-08-22T16:19:59.186Z,sell,3.522e-05,4.0,0.00014088
NEBL/BTC,1629649199186,2021-08-22T16:19:59.186Z,sell,3.518e-05,58.0,0.00204044
NEBL/BTC,1629649199186,2021-08-22T16:19:59.186Z,sell,3.517e-05,10.0,0.0003517
NEBL/BTC,1629649199186,2021-08-22T16:19:59.186Z,sell,3.515e-05,31.0,0.00108965
NEBL/BTC,1629649199186,2021-08-22T16:19:59.186Z,sell,3.514e-05,20.0,0.0007028
NEBL/BTC,1629649199186,2021-08-22T16:19:59.186Z,sell,3.511e-05,68.0,0.00238748
NEBL/BTC,1629649199186,2021-08-22T16:19:59.186Z,sell,3.51e-05,6.0,0.0002106
NEBL/BTC,1629649199186,2021-08-22T16:19:59.186Z,sell,3.505e-05,4.0,0.0001402
NEBL/BTC,1629649199186,2021-08-22T16:19:59.186Z,sell,3.503e-05,6.0,0.00021018000000000002
NEBL/BTC,1629649199186,2021-08-22T16:19:59.186Z,sell,3.501e-05,4.0,0.00014004
NEBL/BTC,1629649199186,2021-08-22T16:19:59.186Z,sell,3.5e-05,8.0,0.00028
NEBL/BTC,1629649199186,2021-08-22T16:19:59.186Z,sell,3.499e-05,4.0,0.00013996
NEBL/BTC,1629649199186,2021-08-22T16:19:59.186Z,sell,3.498e-05,86.0,0.00300828
NEBL/BTC,1629649199186,2021-08-22T16:19:59.186Z,sell,3.497e-05,462.0,0.01615614
NEBL/BTC,1629649199186,2021-08-22T16:19:59.186Z,sell,3.497e-05,111.0,0.00388167
NEBL/BTC,1629649202325,2021-08-22T16:20:02.325Z,buy,3.51e-05,6.0,0.0002106
NEBL/BTC,1629649205046,2021-08-22T16:20:05.046Z,buy,3.505e-05,4.0,0.0001402
NEBL/BTC,1629649330752,2021-08-22T16:22:10.752Z,buy,3.511e-05,4.0,0.00014044
NEBL/BTC,1629649330752,2021-08-22T16:22:10.752Z,buy,3.517e-05,10.0,0.0003517
NEBL/BTC,1629649330752,2021-08-22T16:22:10.752Z,buy,3.521e-05,58.0,0.0020421799999999998
NEBL/BTC,1629649330752,2021-08-22T16:22:10.752Z,buy,3.522e-05,4.0,0.00014088
NEBL/BTC,1629649330752,2021-08-22T16:22:10.752Z,buy,3.523e-05,4.0,0.00014092
NEBL/BTC,1629649330752,2021-08-22T16:22:10.752Z,buy,3.524e-05,6.0,0.00021144000000000002
NEBL/BTC,1629649330752,2021-08-22T16:22:10.752Z,buy,3.529e-05,4.0,0.00014116
NEBL/BTC,1629649330752,2021-08-22T16:22:10.752Z,buy,3.53e-05,64.0,0.0022592
NEBL/BTC,1629649330752,2021-08-22T16:22:10.752Z,buy,3.531e-05,6.0,0.00021186
NEBL/BTC,1629649330752,2021-08-22T16:22:10.752Z,buy,3.535e-05,119.0,0.00420665
NEBL/BTC,1629649330752,2021-08-22T16:22:10.752Z,buy,3.538e-05,2.0,7.076e-05
NEBL/BTC,1629649330752,2021-08-22T16:22:10.752Z,buy,3.54e-05,929.0,0.0328866
NEBL/BTC,1629649332330,2021-08-22T16:22:12.330Z,buy,3.54e-05,118.0,0.0041772
NEBL/BTC,1629649332336,2021-08-22T16:22:12.336Z,buy,3.54e-05,122.0,0.0043188
NEBL/BTC,1629649332353,2021-08-22T16:22:12.353Z,buy,3.54e-05,407.0,0.0144078
NEBL/BTC,1629649392143,2021-08-22T16:23:12.143Z,buy,3.539e-05,573.0,0.02027847
NEBL/BTC,1629649392143,2021-08-22T16:23:12.143Z,buy,3.54e-05,320.0,0.011328
NEBL/BTC,1629649429270,2021-08-22T16:23:49.270Z,buy,3.541e-05,7.0,0.00024787
NEBL/BTC,1629649798806,2021-08-22T16:29:58.806Z,sell,3.535e-05,4.0,0.0001414
NEBL/BTC,1629649798806,2021-08-22T16:29:58.806Z,sell,3.531e-05,6.0,0.00021186
NEBL/BTC,1629649798806,2021-08-22T16:29:58.806Z,sell,3.529e-05,4.0,0.00014116
NEBL/BTC,1629649798806,2021-08-22T16:29:58.806Z,sell,3.525e-05,36.0,0.0012690000000000002
NEBL/BTC,1629649837765,2021-08-22T16:30:37.765Z,buy,3.535e-05,4.0,0.0001414
NEBL/BTC,1629649837765,2021-08-22T16:30:37.765Z,buy,3.536e-05,38.0,0.00134368
NEBL/BTC,1629649837765,2021-08-22T16:30:37.765Z,buy,3.537e-05,557.0,0.01970109
NEBL/BTC,1629649839868,2021-08-22T16:30:39.868Z,sell,3.524e-05,6.0,0.00021144000000000002
NEBL/BTC,1629649839868,2021-08-22T16:30:39.868Z,sell,3.523e-05,4.0,0.00014092
NEBL/BTC,1629649839868,2021-08-22T16:30:39.868Z,sell,3.518e-05,58.0,0.00204044
NEBL/BTC,1629649839868,2021-08-22T16:30:39.868Z,sell,3.517e-05,10.0,0.0003517
NEBL/BTC,1629649839868,2021-08-22T16:30:39.868Z,sell,3.515e-05,818.0,0.0287527
NEBL/BTC,1629649839868,2021-08-22T16:30:39.868Z,sell,3.514e-05,856.0,0.03007984
NEBL/BTC,1629649841438,2021-08-22T16:30:41.438Z,sell,3.529e-05,4.0,0.00014116
NEBL/BTC,1629649892480,2021-08-22T16:31:32.480Z,buy,3.523e-05,4.0,0.00014092
NEBL/BTC,1629649892480,2021-08-22T16:31:32.480Z,buy,3.524e-05,2.0,7.048e-05
NEBL/BTC,1629649892480,2021-08-22T16:31:32.480Z,buy,3.529e-05,4.0,0.00014116
NEBL/BTC,1629649892480,2021-08-22T16:31:32.480Z,buy,3.53e-05,18.0,0.0006353999999999999
NEBL/BTC,1629650071756,2021-08-22T16:34:31.756Z,sell,3.523e-05,4.0,0.00014092
NEBL/BTC,1629650071756,2021-08-22T16:34:31.756Z,sell,3.519e-05,58.0,0.00204102
NEBL/BTC,1629650071795,2021-08-22T16:34:31.795Z,buy,3.519e-05,38.0,0.00133722
NEBL/BTC,1629650078454,2021-08-22T16:34:38.454Z,buy,3.531e-05,6.0,0.00021186
NEBL/BTC,1629650078454,2021-08-22T16:34:38.454Z,buy,3.533e-05,22.0,0.0007772600000000001
NEBL/BTC,1629650167751,2021-08-22T16:36:07.751Z,buy,3.528e-05,58.0,0.00204624
NEBL/BTC,1629650167805,2021-08-22T16:36:07.805Z,buy,3.528e-05,18.0,0.00063504
NEBL/BTC,1629650167846,2021-08-22T16:36:07.846Z,buy,3.529e-05,535.0,0.018880150000000002
NEBL/BTC,1629650282323,2021-08-22T16:38:02.323Z,buy,3.528e-05,37.0,0.00130536
NEBL/BTC,1629650293632,2021-08-22T16:38:13.632Z,sell,3.524e-05,6.0,0.00021144000000000002
NEBL/BTC,1629650293632,2021-08-22T16:38:13.632Z,sell,3.518e-05,58.0,0.00204044
NEBL/BTC,1629650293632,2021-08-22T16:38:13.632Z,sell,3.517e-05,10.0,0.0003517
NEBL/BTC,1629650293632,2021-08-22T16:38:13.632Z,sell,3.515e-05,339.0,0.01191585
NEBL/BTC,1629650293632,2021-08-22T16:38:13.632Z,sell,3.514e-05,3692.0,0.12973688
NEBL/BTC,1629650382517,2021-08-22T16:39:42.517Z,buy,3.523e-05,4.0,0.00014092
NEBL/BTC,1629650382757,2021-08-22T16:39:42.757Z,sell,3.523e-05,133.0,0.00468559
NEBL/BTC,1629650382757,2021-08-22T16:39:42.757Z,sell,3.513e-05,58.0,0.00203754
NEBL/BTC,1629650382757,2021-08-22T16:39:42.757Z,sell,3.512e-05,258.0,0.00906096
NEBL/BTC,1629650408401,2021-08-22T16:40:08.401Z,sell,3.517e-05,4.0,0.00014068
NEBL/BTC,1629650408406,2021-08-22T16:40:08.406Z,buy,3.512e-05,1343.0,0.047166160000000006
NEBL/BTC,1629650408436,2021-08-22T16:40:08.436Z,buy,3.522e-05,58.0,0.00204276
NEBL/BTC,1629650408436,2021-08-22T16:40:08.436Z,buy,3.523e-05,507.0,0.01786161
NEBL/BTC,1629650408436,2021-08-22T16:40:08.436Z,buy,3.524e-05,6.0,0.00021144000000000002
NEBL/BTC,1629650408436,2021-08-22T16:40:08.436Z,buy,3.528e-05,2421.0,0.08541288
NEBL/BTC,1629650408444,2021-08-22T16:40:08.444Z,buy,3.528e-05,614.0,0.02166192
NEBL/BTC,1629650408444,2021-08-22T16:40:08.444Z,buy,3.529e-05,34.0,0.00119986
NEBL/BTC,1629650408444,2021-08-22T16:40:08.444Z,buy,3.531e-05,6.0,0.00021186
NEBL/BTC,1629650408444,2021-08-22T16:40:08.444Z,buy,3.535e-05,35.0,0.0012372499999999999
NEBL/BTC,1629650408444,2021-08-22T16:40:08.444Z,buy,3.538e-05,6.0,0.00021227999999999997
NEBL/BTC,1629650408444,2021-08-22T16:40:08.444Z,buy,3.541e-05,4.0,0.00014164
NEBL/BTC,1629650408444,2021-08-22T16:40:08.444Z,buy,3.542e-05,20.0,0.0007084000000000001
NEBL/BTC,1629650408444,2021-08-22T16:40:08.444Z,buy,3.543e-05,4.0,0.00014172
NEBL/BTC,1629650408444,2021-08-22T16:40:08.444Z,buy,3.545e-05,6.0,0.00021270000000000002
NEBL/BTC,1629650408444,2021-08-22T16:40:08.444Z,buy,3.546e-05,8.0,0.00028368
NEBL/BTC,1629650408444,2021-08-22T16:40:08.444Z,buy,3.547e-05,4.0,0.00014188
NEBL/BTC,1629650408444,2021-08-22T16:40:08.444Z,buy,3.552e-05,6.0,0.00021312
NEBL/BTC,1629650408444,2021-08-22T16:40:08.444Z,buy,3.553e-05,4.0,0.00014212
NEBL/BTC,1629650408444,2021-08-22T16:40:08.444Z,buy,3.554e-05,2.0,7.108e-05
NEBL/BTC,1629650408444,2021-08-22T16:40:08.444Z,buy,3.555e-05,85.0,0.0030217499999999997
NEBL/BTC,1629650408444,2021-08-22T16:40:08.444Z,buy,3.558e-05,420.0,0.014943600000000001
NEBL/BTC,1629650408444,2021-08-22T16:40:08.444Z,buy,3.559e-05,82.0,0.0029183800000000004
NEBL/BTC,1629650408458,2021-08-22T16:40:08.458Z,buy,3.557e-05,2.0,7.114e-05
NEBL/BTC,1629650412041,2021-08-22T16:40:12.041Z,sell,3.538e-05,6.0,0.00021227999999999997
NEBL/BTC,1629650414373,2021-08-22T16:40:14.373Z,sell,3.545e-05,6.0,0.00021270000000000002
NEBL/BTC,1629650414380,2021-08-22T16:40:14.380Z,sell,3.535e-05,6.0,0.0002121
NEBL/BTC,1629650415188,2021-08-22T16:40:15.188Z,sell,3.552e-05,6.0,0.00021312
NEBL/BTC,1629650417653,2021-08-22T16:40:17.653Z,sell,3.547e-05,4.0,0.00014188
NEBL/BTC,1629650691757,2021-08-22T16:44:51.757Z,buy,3.545e-05,2.0,7.09e-05
NEBL/BTC,1629650691757,2021-08-22T16:44:51.757Z,buy,3.551e-05,26.0,0.00092326
NEBL/BTC,1629650835603,2021-08-22T16:47:15.603Z,sell,3.543e-05,28.0,0.00099204
NEBL/BTC,1629650884829,2021-08-22T16:48:04.829Z,sell,3.541e-05,4.0,0.00014164
NEBL/BTC,1629650884829,2021-08-22T16:48:04.829Z,sell,3.538e-05,6.0,0.00021227999999999997
NEBL/BTC,1629650884829,2021-08-22T16:48:04.829Z,sell,3.536e-05,57.0,0.00201552
NEBL/BTC,1629650884829,2021-08-22T16:48:04.829Z,sell,3.535e-05,3.0,0.00010605
NEBL/BTC,1629650884829,2021-08-22T16:48:04.829Z,sell,3.541e-05,4.0,0.00014164
NEBL/BTC,1629650884829,2021-08-22T16:48:04.829Z,sell,3.538e-05,6.0,0.00021227999999999997
NEBL/BTC,1629650884829,2021-08-22T16:48:04.829Z,sell,3.536e-05,57.0,0.00201552
NEBL/BTC,1629650884829,2021-08-22T16:48:04.829Z,sell,3.535e-05,3.0,0.00010605
NEBL/BTC,1629651097140,2021-08-22T16:51:37.140Z,buy,3.545e-05,6.0,0.00021270000000000002
NEBL/BTC,1629651097140,2021-08-22T16:51:37.140Z,buy,3.547e-05,4.0,0.00014188
NEBL/BTC,1629651097140,2021-08-22T16:51:37.140Z,buy,3.551e-05,60.0,0.0021306
NEBL/BTC,1629651097140,2021-08-22T16:51:37.140Z,buy,3.552e-05,12.0,0.00042624
NEBL/BTC,1629651097140,2021-08-22T16:51:37.140Z,buy,3.553e-05,4.0,0.00014212
NEBL/BTC,1629651097140,2021-08-22T16:51:37.140Z,buy,3.556e-05,125.0,0.004445
NEBL/BTC,1629651111729,2021-08-22T16:51:51.729Z,buy,3.552e-05,5.0,0.00017759999999999998
NEBL/BTC,1629651163626,2021-08-22T16:52:43.626Z,buy,3.552e-05,52.0,0.0018470399999999999
NEBL/BTC,1629651163626,2021-08-22T16:52:43.626Z,buy,3.553e-05,57.0,0.00202521
NEBL/BTC,1629651186411,2021-08-22T16:53:06.411Z,buy,3.553e-05,109.0,0.00387277
NEBL/BTC,1629651227608,2021-08-22T16:53:47.608Z,buy,3.553e-05,165.0,0.00586245
NEBL/BTC,1629651261207,2021-08-22T16:54:21.207Z,sell,3.554e-05,29.0,0.00103066
NEBL/BTC,1629651262471,2021-08-22T16:54:22.471Z,buy,3.553e-05,214.0,0.0076034200000000005
NEBL/BTC,1629651269353,2021-08-22T16:54:29.353Z,buy,3.554e-05,109.0,0.0038738600000000002
NEBL/BTC,1629651269353,2021-08-22T16:54:29.353Z,buy,3.559e-05,10.0,0.00035590000000000003
NEBL/BTC,1629651269353,2021-08-22T16:54:29.353Z,buy,3.564e-05,4.0,0.00014256
NEBL/BTC,1629651269353,2021-08-22T16:54:29.353Z,buy,3.565e-05,63.0,0.00224595
NEBL/BTC,1629651269353,2021-08-22T16:54:29.353Z,buy,3.566e-05,10.0,0.0003566
NEBL/BTC,1629651269353,2021-08-22T16:54:29.353Z,buy,3.571e-05,24.0,0.0008570400000000001
NEBL/BTC,1629651269353,2021-08-22T16:54:29.353Z,buy,3.573e-05,6.0,0.00021438
NEBL/BTC,1629651269353,2021-08-22T16:54:29.353Z,buy,3.574e-05,31.0,0.00110794
NEBL/BTC,1629651269353,2021-08-22T16:54:29.353Z,buy,3.577e-05,196.0,0.0070109199999999995
NEBL/BTC,1629651269353,2021-08-22T16:54:29.353Z,buy,3.58e-05,6.0,0.00021480000000000002
NEBL/BTC,1629651269353,2021-08-22T16:54:29.353Z,buy,3.582e-05,2334.0,0.08360387999999999
NEBL/BTC,1629651270606,2021-08-22T16:54:30.606Z,buy,3.581e-05,5.0,0.00017905
NEBL/BTC,1629651275725,2021-08-22T16:54:35.725Z,sell,3.577e-05,4.0,0.00014308
NEBL/BTC,1629651275725,2021-08-22T16:54:35.725Z,sell,3.573e-05,1.0,3.573e-05
NEBL/BTC,1629651300311,2021-08-22T16:55:00.311Z,sell,3.581e-05,27.0,0.0009668699999999999
NEBL/BTC,1629651368578,2021-08-22T16:56:08.578Z,sell,3.573e-05,5.0,0.00017864999999999998
NEBL/BTC,1629651368578,2021-08-22T16:56:08.578Z,sell,3.571e-05,4.0,0.00014284
NEBL/BTC,1629651368578,2021-08-22T16:56:08.578Z,sell,3.567e-05,57.0,0.0020331900000000003
NEBL/BTC,1629651368578,2021-08-22T16:56:08.578Z,sell,3.566e-05,6.0,0.00021396000000000002
NEBL/BTC,1629651368578,2021-08-22T16:56:08.578Z,sell,3.565e-05,4.0,0.0001426
NEBL/BTC,1629651368578,2021-08-22T16:56:08.578Z,sell,3.559e-05,10.0,0.00035590000000000003
NEBL/BTC,1629651368578,2021-08-22T16:56:08.578Z,sell,3.554e-05,31.0,0.0011017400000000001
NEBL/BTC,1629651368578,2021-08-22T16:56:08.578Z,sell,3.553e-05,4.0,0.00014212
NEBL/BTC,1629651368578,2021-08-22T16:56:08.578Z,sell,3.552e-05,6.0,0.00021312
NEBL/BTC,1629651368578,2021-08-22T16:56:08.578Z,sell,3.548e-05,576.0,0.02043648
NEBL/BTC,1629651368578,2021-08-22T16:56:08.578Z,sell,3.547e-05,4.0,0.00014188
NEBL/BTC,1629651368578,2021-08-22T16:56:08.578Z,sell,3.545e-05,6.0,0.00021270000000000002
NEBL/BTC,1629651368578,2021-08-22T16:56:08.578Z,sell,3.543e-05,4.0,0.00014172
NEBL/BTC,1629651368578,2021-08-22T16:56:08.578Z,sell,3.542e-05,20.0,0.0007084000000000001
NEBL/BTC,1629651368578,2021-08-22T16:56:08.578Z,sell,3.541e-05,4.0,0.00014164
NEBL/BTC,1629651368578,2021-08-22T16:56:08.578Z,sell,3.538e-05,6.0,0.00021227999999999997
NEBL/BTC,1629651368578,2021-08-22T16:56:08.578Z,sell,3.537e-05,4.0,0.00014148
NEBL/BTC,1629651368578,2021-08-22T16:56:08.578Z,sell,3.535e-05,26.0,0.0009191
NEBL/BTC,1629651368578,2021-08-22T16:56:08.578Z,sell,3.532e-05,83.0,0.00293156
NEBL/BTC,1629651374463,2021-08-22T16:56:14.463Z,buy,3.541e-05,4.0,0.00014164
NEBL/BTC,1629651375006,2021-08-22T16:56:15.006Z,buy,3.545e-05,6.0,0.00021270000000000002
NEBL/BTC,1629651393973,2021-08-22T16:56:33.973Z,buy,3.547e-05,4.0,0.00014188
NEBL/BTC,1629651407827,2021-08-22T16:56:47.827Z,buy,3.552e-05,6.0,0.00021312
NEBL/BTC,1629651407827,2021-08-22T16:56:47.827Z,buy,3.553e-05,2.0,7.106e-05
NEBL/BTC,1629651412253,2021-08-22T16:56:52.253Z,buy,3.553e-05,2.0,7.106e-05
NEBL/BTC,1629651412543,2021-08-22T16:56:52.543Z,sell,3.553e-05,121.0,0.00429913
NEBL/BTC,1629651420306,2021-08-22T16:57:00.306Z,sell,3.553e-05,448.0,0.01591744
NEBL/BTC,1629651420306,2021-08-22T16:57:00.306Z,sell,3.551e-05,57.0,0.0020240699999999998
NEBL/BTC,1629651420313,2021-08-22T16:57:00.313Z,sell,3.55e-05,106.0,0.0037630000000000003
NEBL/BTC,1629651420318,2021-08-22T16:57:00.318Z,sell,3.551e-05,57.0,0.0020240699999999998
NEBL/BTC,1629651420332,2021-08-22T16:57:00.332Z,buy,3.554e-05,31.0,0.0011017400000000001
NEBL/BTC,1629651420332,2021-08-22T16:57:00.332Z,buy,3.559e-05,10.0,0.00035590000000000003
NEBL/BTC,1629651420332,2021-08-22T16:57:00.332Z,buy,3.561e-05,4.0,0.00014244
NEBL/BTC,1629651420332,2021-08-22T16:57:00.332Z,buy,3.565e-05,8.0,0.0002852
NEBL/BTC,1629651420332,2021-08-22T16:57:00.332Z,buy,3.566e-05,4.0,0.00014264
NEBL/BTC,1629651420556,2021-08-22T16:57:00.556Z,sell,3.553e-05,20.0,0.0007106
NEBL/BTC,1629651420556,2021-08-22T16:57:00.556Z,sell,3.552e-05,85.0,0.0030192
NEBL/BTC,1629651422792,2021-08-22T16:57:02.792Z,sell,3.559e-05,4.0,0.00014236
NEBL/BTC,1629651422792,2021-08-22T16:57:02.792Z,sell,3.552e-05,2.0,7.104e-05
NEBL/BTC,1629651428633,2021-08-22T16:57:08.633Z,sell,3.553e-05,4.0,0.00014212
NEBL/BTC,1629651428633,2021-08-22T16:57:08.633Z,sell,3.552e-05,4.0,0.00014208
NEBL/BTC,1629651428633,2021-08-22T16:57:08.633Z,sell,3.55e-05,377.0,0.013383500000000001
NEBL/BTC,1629651458671,2021-08-22T16:57:38.671Z,buy,3.559e-05,10.0,0.00035590000000000003
NEBL/BTC,1629651480490,2021-08-22T16:58:00.490Z,buy,3.565e-05,4.0,0.0001426
NEBL/BTC,1629651498360,2021-08-22T16:58:18.360Z,buy,3.566e-05,2.0,7.132e-05
NEBL/BTC,1629651507240,2021-08-22T16:58:27.240Z,buy,3.571e-05,24.0,0.0008570400000000001
NEBL/BTC,1629651507240,2021-08-22T16:58:27.240Z,buy,3.572e-05,57.0,0.00203604
NEBL/BTC,1629651507240,2021-08-22T16:58:27.240Z,buy,3.573e-05,6.0,0.00021438
NEBL/BTC,1629651507240,2021-08-22T16:58:27.240Z,buy,3.574e-05,31.0,0.00110794
NEBL/BTC,1629651507240,2021-08-22T16:58:27.240Z,buy,3.577e-05,4.0,0.00014308
NEBL/BTC,1629651507240,2021-08-22T16:58:27.240Z,buy,3.58e-05,6.0,0.00021480000000000002
NEBL/BTC,1629651507240,2021-08-22T16:58:27.240Z,buy,3.582e-05,4.0,0.00014328
NEBL/BTC,1629651507240,2021-08-22T16:58:27.240Z,buy,3.586e-05,89.0,0.00319154
NEBL/BTC,1629651507240,2021-08-22T16:58:27.240Z,buy,3.587e-05,81.0,0.00290547
NEBL/BTC,1629651522954,2021-08-22T16:58:42.954Z,buy,3.585e-05,57.0,0.00204345
NEBL/BTC,1629651522954,2021-08-22T16:58:42.954Z,buy,3.586e-05,132.0,0.00473352
NEBL/BTC,1629651538389,2021-08-22T16:58:58.389Z,buy,3.587e-05,57.0,0.00204459
NEBL/BTC,1629651538389,2021-08-22T16:58:58.389Z,buy,3.588e-05,205.0,0.007355400000000001
NEBL/BTC,1629651547870,2021-08-22T16:59:07.870Z,buy,3.587e-05,7.0,0.00025109
NEBL/BTC,1629651552505,2021-08-22T16:59:12.505Z,sell,3.582e-05,4.0,0.00014328
NEBL/BTC,1629651563153,2021-08-22T16:59:23.153Z,sell,3.58e-05,6.0,0.00021480000000000002
NEBL/BTC,1629651563153,2021-08-22T16:59:23.153Z,sell,3.577e-05,4.0,0.00014308
NEBL/BTC,1629651589214,2021-08-22T16:59:49.214Z,sell,3.573e-05,6.0,0.00021438
NEBL/BTC,1629651589214,2021-08-22T16:59:49.214Z,sell,3.571e-05,4.0,0.00014284
NEBL/BTC,1629651589214,2021-08-22T16:59:49.214Z,sell,3.567e-05,57.0,0.0020331900000000003
NEBL/BTC,1629651589214,2021-08-22T16:59:49.214Z,sell,3.566e-05,6.0,0.00021396000000000002
NEBL/BTC,1629651589214,2021-08-22T16:59:49.214Z,sell,3.565e-05,8.0,0.0002852
NEBL/BTC,1629651593757,2021-08-22T16:59:53.757Z,buy,3.56e-05,31.0,0.0011036
NEBL/BTC,1629651610995,2021-08-22T17:00:10.995Z,sell,3.559e-05,10.0,0.00035590000000000003
NEBL/BTC,1629651610995,2021-08-22T17:00:10.995Z,sell,3.555e-05,3.0,0.00010664999999999999
NEBL/BTC,1629651611757,2021-08-22T17:00:11.757Z,sell,3.555e-05,54.0,0.0019196999999999999
NEBL/BTC,1629651611757,2021-08-22T17:00:11.757Z,sell,3.554e-05,129.0,0.00458466
NEBL/BTC,1629651611757,2021-08-22T17:00:11.757Z,sell,3.553e-05,4.0,0.00014212
NEBL/BTC,1629651611757,2021-08-22T17:00:11.757Z,sell,3.552e-05,6.0,0.00021312
NEBL/BTC,1629651611757,2021-08-22T17:00:11.757Z,sell,3.551e-05,145.0,0.005148949999999999
NEBL/BTC,1629651611757,2021-08-22T17:00:11.757Z,sell,3.55e-05,782.0,0.027761
NEBL/BTC,1629651611757,2021-08-22T17:00:11.757Z,sell,3.549e-05,358.0,0.01270542
NEBL/BTC,1629651611757,2021-08-22T17:00:11.757Z,sell,3.548e-05,1312.0,0.046549759999999996
NEBL/BTC,1629651614524,2021-08-22T17:00:14.524Z,sell,3.549e-05,57.0,0.00202293
NEBL/BTC,1629651614524,2021-08-22T17:00:14.524Z,sell,3.548e-05,105.0,0.0037254
NEBL/BTC,1629651614524,2021-08-22T17:00:14.524Z,sell,3.547e-05,189.0,0.006703829999999999
NEBL/BTC,1629651614608,2021-08-22T17:00:14.608Z,sell,3.548e-05,7.0,0.00024836
NEBL/BTC,1629651615031,2021-08-22T17:00:15.031Z,sell,3.547e-05,64.0,0.00227008
NEBL/BTC,1629651622761,2021-08-22T17:00:22.761Z,sell,3.547e-05,254.0,0.009009379999999999
NEBL/BTC,1629651623981,2021-08-22T17:00:23.981Z,sell,3.547e-05,28.0,0.0009931599999999999
NEBL/BTC,1629651628171,2021-08-22T17:00:28.171Z,buy,3.559e-05,10.0,0.00035590000000000003
NEBL/BTC,1629651628171,2021-08-22T17:00:28.171Z,buy,3.564e-05,57.0,0.00203148
NEBL/BTC,1629651628171,2021-08-22T17:00:28.171Z,buy,3.565e-05,4.0,0.0001426
NEBL/BTC,1629651628171,2021-08-22T17:00:28.171Z,buy,3.566e-05,6.0,0.00021396000000000002
NEBL/BTC,1629651628171,2021-08-22T17:00:28.171Z,buy,3.571e-05,34.0,0.00121414
NEBL/BTC,1629651628171,2021-08-22T17:00:28.171Z,buy,3.573e-05,6.0,0.00021438
NEBL/BTC,1629651628171,2021-08-22T17:00:28.171Z,buy,3.574e-05,31.0,0.00110794
NEBL/BTC,1629651628171,2021-08-22T17:00:28.171Z,buy,3.577e-05,4.0,0.00014308
NEBL/BTC,1629651628203,2021-08-22T17:00:28.203Z,sell,3.577e-05,94.0,0.00336238
NEBL/BTC,1629651629004,2021-08-22T17:00:29.004Z,sell,3.577e-05,40.0,0.0014307999999999999
NEBL/BTC,1629651630437,2021-08-22T17:00:30.437Z,sell,3.577e-05,78.0,0.00279006
NEBL/BTC,1629651630437,2021-08-22T17:00:30.437Z,sell,3.555e-05,57.0,0.0020263499999999997
NEBL/BTC,1629651630437,2021-08-22T17:00:30.437Z,sell,3.554e-05,31.0,0.0011017400000000001
NEBL/BTC,1629651630437,2021-08-22T17:00:30.437Z,sell,3.552e-05,6.0,0.00021312
NEBL/BTC,1629651630437,2021-08-22T17:00:30.437Z,sell,3.548e-05,86.0,0.00305128
NEBL/BTC,1629651630437,2021-08-22T17:00:30.437Z,sell,3.547e-05,454.0,0.01610338
NEBL/BTC,1629651640214,2021-08-22T17:00:40.214Z,sell,3.571e-05,4.0,0.00014284
NEBL/BTC,1629651640214,2021-08-22T17:00:40.214Z,sell,3.566e-05,6.0,0.00021396000000000002
NEBL/BTC,1629651640214,2021-08-22T17:00:40.214Z,sell,3.565e-05,4.0,0.0001426
NEBL/BTC,1629651640214,2021-08-22T17:00:40.214Z,sell,3.559e-05,10.0,0.00035590000000000003
NEBL/BTC,1629651640214,2021-08-22T17:00:40.214Z,sell,3.553e-05,4.0,0.00014212
NEBL/BTC,1629651640214,2021-08-22T17:00:40.214Z,sell,3.55e-05,20.0,0.00071
NEBL/BTC,1629651640214,2021-08-22T17:00:40.214Z,sell,3.549e-05,61.0,0.00216489
NEBL/BTC,1629651686780,2021-08-22T17:01:26.780Z,sell,3.55e-05,27.0,0.0009585
NEBL/BTC,1629651691040,2021-08-22T17:01:31.040Z,sell,3.55e-05,3.0,0.00010650000000000001
NEBL/BTC,1629651691040,2021-08-22T17:01:31.040Z,sell,3.547e-05,52.0,0.00184444
NEBL/BTC,1629651694777,2021-08-22T17:01:34.777Z,sell,3.547e-05,230.0,0.0081581
NEBL/BTC,1629651694777,2021-08-22T17:01:34.777Z,sell,3.545e-05,6.0,0.00021270000000000002
NEBL/BTC,1629651694777,2021-08-22T17:01:34.777Z,sell,3.543e-05,4.0,0.00014172
NEBL/BTC,1629651694777,2021-08-22T17:01:34.777Z,sell,3.542e-05,20.0,0.0007084000000000001
NEBL/BTC,1629651694777,2021-08-22T17:01:34.777Z,sell,3.541e-05,206.0,0.00729446
NEBL/BTC,1629651704186,2021-08-22T17:01:44.186Z,sell,3.541e-05,48.0,0.00169968
NEBL/BTC,1629651704186,2021-08-22T17:01:44.186Z,sell,3.538e-05,6.0,0.00021227999999999997
NEBL/BTC,1629651704186,2021-08-22T17:01:44.186Z,sell,3.535e-05,35.0,0.0012372499999999999
NEBL/BTC,1629651704186,2021-08-22T17:01:44.186Z,sell,3.531e-05,6.0,0.00021186
NEBL/BTC,1629651704186,2021-08-22T17:01:44.186Z,sell,3.529e-05,4.0,0.00014116
NEBL/BTC,1629651704186,2021-08-22T17:01:44.186Z,sell,3.526e-05,797.0,0.028102219999999997
NEBL/BTC,1629651704186,2021-08-22T17:01:44.186Z,sell,3.525e-05,606.0,0.021361500000000002
NEBL/BTC,1629651709188,2021-08-22T17:01:49.188Z,buy,3.531e-05,3.0,0.00010593
NEBL/BTC,1629651709334,2021-08-22T17:01:49.334Z,buy,3.531e-05,3.0,0.00010593
NEBL/BTC,1629651709445,2021-08-22T17:01:49.445Z,buy,3.531e-05,14.0,0.00049434
NEBL/BTC,1629651709799,2021-08-22T17:01:49.799Z,buy,3.535e-05,4.0,0.0001414
NEBL/BTC,1629651710052,2021-08-22T17:01:50.052Z,sell,3.531e-05,32.0,0.00112992
NEBL/BTC,1629651711679,2021-08-22T17:01:51.679Z,sell,3.531e-05,10.0,0.00035309999999999996
NEBL/BTC,1629651711679,2021-08-22T17:01:51.679Z,sell,3.53e-05,5.0,0.00017649999999999998
NEBL/BTC,1629651726229,2021-08-22T17:02:06.229Z,sell,3.53e-05,116.0,0.0040948
NEBL/BTC,1629651726229,2021-08-22T17:02:06.229Z,sell,3.529e-05,932.0,0.03289028
NEBL/BTC,1629651734821,2021-08-22T17:02:14.821Z,buy,3.538e-05,6.0,0.00021227999999999997
NEBL/BTC,1629651741511,2021-08-22T17:02:21.511Z,buy,3.538e-05,67.0,0.0023704599999999996
NEBL/BTC,1629651741513,2021-08-22T17:02:21.513Z,buy,3.538e-05,46.0,0.00162748
NEBL/BTC,1629651741515,2021-08-22T17:02:21.515Z,buy,3.538e-05,250.0,0.008844999999999999
NEBL/BTC,1629651784965,2021-08-22T17:03:04.965Z,sell,3.535e-05,4.0,0.0001414
NEBL/BTC,1629651840012,2021-08-22T17:04:00.012Z,buy,3.541e-05,9.0,0.00031869
NEBL/BTC,1629651859638,2021-08-22T17:04:19.638Z,sell,3.536e-05,16.0,0.00056576
NEBL/BTC,1629651859638,2021-08-22T17:04:19.638Z,sell,3.535e-05,102.0,0.0036057
NEBL/BTC,1629651889383,2021-08-22T17:04:49.383Z,sell,3.535e-05,56.0,0.0019795999999999998
NEBL/BTC,1629651908909,2021-08-22T17:05:08.909Z,sell,3.535e-05,6.0,0.0002121
NEBL/BTC,1629651908962,2021-08-22T17:05:08.962Z,buy,3.536e-05,21.0,0.00074256
NEBL/BTC,1629651998698,2021-08-22T17:06:38.698Z,sell,3.535e-05,211.0,0.0074588499999999995
NEBL/BTC,1629652133817,2021-08-22T17:08:53.817Z,sell,3.535e-05,28.0,0.0009897999999999999
NEBL/BTC,1629652286235,2021-08-22T17:11:26.235Z,sell,3.535e-05,6.0,0.0002121
NEBL/BTC,1629652444486,2021-08-22T17:14:04.486Z,sell,3.537e-05,175.0,0.00618975
NEBL/BTC,1629652444528,2021-08-22T17:14:04.528Z,sell,3.537e-05,36.0,0.00127332
NEBL/BTC,1629652444528,2021-08-22T17:14:04.528Z,sell,3.537e-05,91.0,0.0032186700000000003
NEBL/BTC,1629652606182,2021-08-22T17:16:46.182Z,sell,3.537e-05,5.0,0.00017685000000000002
NEBL/BTC,1629652643680,2021-08-22T17:17:23.680Z,sell,3.537e-05,174.0,0.00615438
NEBL/BTC,1629652643733,2021-08-22T17:17:23.733Z,sell,3.537e-05,91.0,0.0032186700000000003
NEBL/BTC,1629652643812,2021-08-22T17:17:23.812Z,sell,3.537e-05,2.0,7.074e-05
NEBL/BTC,1629652785175,2021-08-22T17:19:45.175Z,buy,3.537e-05,6.0,0.00021222
NEBL/BTC,1629652808923,2021-08-22T17:20:08.923Z,sell,3.536e-05,174.0,0.00615264
NEBL/BTC,1629652843664,2021-08-22T17:20:43.664Z,sell,3.536e-05,8.0,0.00028288
NEBL/BTC,1629652843721,2021-08-22T17:20:43.721Z,sell,3.536e-05,8.0,0.00028288
NEBL/BTC,1629653018521,2021-08-22T17:23:38.521Z,sell,3.536e-05,100.0,0.003536
NEBL/BTC,1629653211981,2021-08-22T17:26:51.981Z,sell,3.536e-05,265.0,0.0093704
NEBL/BTC,1629653307609,2021-08-22T17:28:27.609Z,buy,3.537e-05,29.0,0.00102573
NEBL/BTC,1629653307609,2021-08-22T17:28:27.609Z,buy,3.545e-05,6.0,0.00021270000000000002
NEBL/BTC,1629653307609,2021-08-22T17:28:27.609Z,buy,3.547e-05,4.0,0.00014188
NEBL/BTC,1629653307609,2021-08-22T17:28:27.609Z,buy,3.549e-05,42.0,0.00149058
NEBL/BTC,1629653307609,2021-08-22T17:28:27.609Z,buy,3.551e-05,58.0,0.0020595799999999997
NEBL/BTC,1629653307609,2021-08-22T17:28:27.609Z,buy,3.552e-05,6.0,0.00021312
NEBL/BTC,1629653307609,2021-08-22T17:28:27.609Z,buy,3.553e-05,4.0,0.00014212
NEBL/BTC,1629653307609,2021-08-22T17:28:27.609Z,buy,3.554e-05,31.0,0.0011017400000000001
NEBL/BTC,1629653307609,2021-08-22T17:28:27.609Z,buy,3.559e-05,10.0,0.00035590000000000003
NEBL/BTC,1629653307609,2021-08-22T17:28:27.609Z,buy,3.565e-05,25.0,0.00089125
NEBL/BTC,1629653313154,2021-08-22T17:28:33.154Z,sell,3.559e-05,4.0,0.00014236
NEBL/BTC,1629653314331,2021-08-22T17:28:34.331Z,sell,3.553e-05,4.0,0.00014212
NEBL/BTC,1629653318378,2021-08-22T17:28:38.378Z,sell,3.552e-05,6.0,0.00021312
NEBL/BTC,1629653343671,2021-08-22T17:29:03.671Z,sell,3.547e-05,4.0,0.00014188
NEBL/BTC,1629653343671,2021-08-22T17:29:03.671Z,sell,3.545e-05,4.0,0.0001418
NEBL/BTC,1629653357267,2021-08-22T17:29:17.267Z,sell,3.545e-05,2.0,7.09e-05
NEBL/BTC,1629653357267,2021-08-22T17:29:17.267Z,sell,3.543e-05,4.0,0.00014172
NEBL/BTC,1629653357267,2021-08-22T17:29:17.267Z,sell,3.541e-05,4.0,0.00014164
NEBL/BTC,1629653357267,2021-08-22T17:29:17.267Z,sell,3.539e-05,40.0,0.0014156
NEBL/BTC,1629653377040,2021-08-22T17:29:37.040Z,sell,3.539e-05,10.0,0.0003539
NEBL/BTC,1629653575918,2021-08-22T17:32:55.918Z,sell,3.538e-05,6.0,0.00021227999999999997
NEBL/BTC,1629653575918,2021-08-22T17:32:55.918Z,sell,3.535e-05,27.0,0.0009544499999999999
NEBL/BTC,1629653645968,2021-08-22T17:34:05.968Z,sell,3.535e-05,8.0,0.0002828
NEBL/BTC,1629653648138,2021-08-22T17:34:08.138Z,sell,3.531e-05,6.0,0.00021186
NEBL/BTC,1629653653863,2021-08-22T17:34:13.863Z,sell,3.529e-05,4.0,0.00014116
NEBL/BTC,1629653808255,2021-08-22T17:36:48.255Z,sell,3.531e-05,13.0,0.00045903
NEBL/BTC,1629653818638,2021-08-22T17:36:58.638Z,sell,3.532e-05,9.0,0.00031788
NEBL/BTC,1629653818638,2021-08-22T17:36:58.638Z,sell,3.531e-05,3.0,0.00010593
NEBL/BTC,1629654073622,2021-08-22T17:41:13.622Z,buy,3.535e-05,4.0,0.0001414
NEBL/BTC,1629654073622,2021-08-22T17:41:13.622Z,buy,3.538e-05,6.0,0.00021227999999999997
NEBL/BTC,1629654073622,2021-08-22T17:41:13.622Z,buy,3.541e-05,4.0,0.00014164
NEBL/BTC,1629654073622,2021-08-22T17:41:13.622Z,buy,3.545e-05,6.0,0.00021270000000000002
NEBL/BTC,1629654073622,2021-08-22T17:41:13.622Z,buy,3.547e-05,4.0,0.00014188
NEBL/BTC,1629654073622,2021-08-22T17:41:13.622Z,buy,3.551e-05,58.0,0.0020595799999999997
NEBL/BTC,1629654073622,2021-08-22T17:41:13.622Z,buy,3.552e-05,6.0,0.00021312
NEBL/BTC,1629654073622,2021-08-22T17:41:13.622Z,buy,3.553e-05,149.0,0.00529397
NEBL/BTC,1629654073622,2021-08-22T17:41:13.622Z,buy,3.554e-05,31.0,0.0011017400000000001
NEBL/BTC,1629654073622,2021-08-22T17:41:13.622Z,buy,3.559e-05,10.0,0.00035590000000000003
NEBL/BTC,1629654073622,2021-08-22T17:41:13.622Z,buy,3.565e-05,19.0,0.00067735
NEBL/BTC,1629654073622,2021-08-22T17:41:13.622Z,buy,3.566e-05,292.0,0.01041272
NEBL/BTC,1629654083636,2021-08-22T17:41:23.636Z,buy,3.565e-05,179.0,0.00638135
NEBL/BTC,1629654083642,2021-08-22T17:41:23.642Z,sell,3.565e-05,119.0,0.00424235
NEBL/BTC,1629654083643,2021-08-22T17:41:23.643Z,sell,3.565e-05,119.0,0.00424235
NEBL/BTC,1629654083644,2021-08-22T17:41:23.644Z,sell,3.565e-05,33.0,0.00117645
NEBL/BTC,1629654083708,2021-08-22T17:41:23.708Z,sell,3.565e-05,17.0,0.00060605
NEBL/BTC,1629654083852,2021-08-22T17:41:23.852Z,sell,3.565e-05,250.0,0.0089125
NEBL/BTC,1629654092519,2021-08-22T17:41:32.519Z,buy,3.565e-05,58.0,0.0020677
NEBL/BTC,1629654092519,2021-08-22T17:41:32.519Z,buy,3.566e-05,127.0,0.00452882
NEBL/BTC,1629654168776,2021-08-22T17:42:48.776Z,sell,3.57e-05,15.0,0.0005355
NEBL/BTC,1629654227752,2021-08-22T17:43:47.752Z,sell,3.566e-05,28.0,0.00099848
NEBL/BTC,1629654407904,2021-08-22T17:46:47.904Z,buy,3.569e-05,58.0,0.00207002
NEBL/BTC,1629654407904,2021-08-22T17:46:47.904Z,buy,3.57e-05,163.0,0.0058191
NEBL/BTC,1629654426733,2021-08-22T17:47:06.733Z,buy,3.57e-05,34.0,0.0012138000000000001
NEBL/BTC,1629654426733,2021-08-22T17:47:06.733Z,buy,3.57e-05,34.0,0.0012138000000000001
NEBL/BTC,1629654510591,2021-08-22T17:48:30.591Z,buy,3.57e-05,17.0,0.0006069000000000001
NEBL/BTC,1629654532014,2021-08-22T17:48:52.014Z,sell,3.566e-05,40.0,0.0014264
NEBL/BTC,1629654579713,2021-08-22T17:49:39.713Z,sell,3.559e-05,10.0,0.00035590000000000003
NEBL/BTC,1629654592514,2021-08-22T17:49:52.514Z,sell,3.553e-05,4.0,0.00014212
NEBL/BTC,1629654592514,2021-08-22T17:49:52.514Z,sell,3.552e-05,63.0,0.00223776
NEBL/BTC,1629654592514,2021-08-22T17:49:52.514Z,sell,3.551e-05,295.0,0.010475449999999999
NEBL/BTC,1629654592524,2021-08-22T17:49:52.524Z,buy,3.551e-05,29.0,0.0010297899999999998
NEBL/BTC,1629654595265,2021-08-22T17:49:55.265Z,sell,3.547e-05,4.0,0.00014188
NEBL/BTC,1629654595265,2021-08-22T17:49:55.265Z,sell,3.545e-05,6.0,0.00021270000000000002
NEBL/BTC,1629654595265,2021-08-22T17:49:55.265Z,sell,3.543e-05,4.0,0.00014172
NEBL/BTC,1629654595265,2021-08-22T17:49:55.265Z,sell,3.542e-05,51.0,0.0018064200000000002
NEBL/BTC,1629654643113,2021-08-22T17:50:43.113Z,sell,3.541e-05,4.0,0.00014164
NEBL/BTC,1629654678664,2021-08-22T17:51:18.664Z,buy,3.541e-05,81.0,0.00286821
NEBL/BTC,1629654693205,2021-08-22T17:51:33.205Z,buy,3.541e-05,12.0,0.00042492
NEBL/BTC,1629654797048,2021-08-22T17:53:17.048Z,sell,3.541e-05,7.0,0.00024787
NEBL/BTC,1629654797048,2021-08-22T17:53:17.048Z,sell,3.539e-05,57.0,0.00201723
NEBL/BTC,1629654809293,2021-08-22T17:53:29.293Z,sell,3.538e-05,6.0,0.00021227999999999997
NEBL/BTC,1629654809293,2021-08-22T17:53:29.293Z,sell,3.536e-05,58.0,0.00205088
NEBL/BTC,1629654809293,2021-08-22T17:53:29.293Z,sell,3.535e-05,35.0,0.0012372499999999999
NEBL/BTC,1629654815982,2021-08-22T17:53:35.982Z,sell,3.533e-05,9.0,0.00031797
NEBL/BTC,1629654815982,2021-08-22T17:53:35.982Z,sell,3.532e-05,298.0,0.010525360000000001
NEBL/BTC,1629654859114,2021-08-22T17:54:19.114Z,sell,3.531e-05,73.0,0.00257763
NEBL/BTC,1629655018136,2021-08-22T17:56:58.136Z,buy,3.541e-05,4.0,0.00014164
NEBL/BTC,1629655018136,2021-08-22T17:56:58.136Z,buy,3.545e-05,6.0,0.00021270000000000002
NEBL/BTC,1629655018136,2021-08-22T17:56:58.136Z,buy,3.546e-05,58.0,0.00205668
NEBL/BTC,1629655018136,2021-08-22T17:56:58.136Z,buy,3.547e-05,1036.0,0.036746919999999995
NEBL/BTC,1629655073546,2021-08-22T17:57:53.546Z,buy,3.546e-05,58.0,0.00205668
NEBL/BTC,1629655073546,2021-08-22T17:57:53.546Z,buy,3.547e-05,356.0,0.01262732
NEBL/BTC,1629655433599,2021-08-22T18:03:53.599Z,sell,3.542e-05,14.0,0.0004958800000000001
NEBL/BTC,1629655931974,2021-08-22T18:12:11.974Z,sell,3.542e-05,160.0,0.005667200000000001
NEBL/BTC,1629655931974,2021-08-22T18:12:11.974Z,sell,3.542e-05,98.0,0.0034711600000000005
NEBL/BTC,1629656009947,2021-08-22T18:13:29.947Z,sell,3.543e-05,58.0,0.00205494
NEBL/BTC,1629656009947,2021-08-22T18:13:29.947Z,sell,3.542e-05,148.0,0.00524216
NEBL/BTC,1629656009947,2021-08-22T18:13:29.947Z,sell,3.541e-05,318.0,0.01126038
NEBL/BTC,1629656034053,2021-08-22T18:13:54.053Z,buy,3.546e-05,50.0,0.001773
NEBL/BTC,1629656159447,2021-08-22T18:15:59.447Z,sell,3.541e-05,29.0,0.0010268900000000001
NEBL/BTC,1629656191366,2021-08-22T18:16:31.366Z,sell,3.541e-05,1000.0,0.035410000000000004
NEBL/BTC,1629656886629,2021-08-22T18:28:06.629Z,sell,3.541e-05,29.0,0.0010268900000000001
NEBL/BTC,1629657306102,2021-08-22T18:35:06.102Z,buy,3.546e-05,3.0,0.00010638000000000001
NEBL/BTC,1629657306102,2021-08-22T18:35:06.102Z,buy,3.547e-05,24.0,0.0008512799999999999
NEBL/BTC,1629657306102,2021-08-22T18:35:06.102Z,buy,3.552e-05,6.0,0.00021312
NEBL/BTC,1629657306102,2021-08-22T18:35:06.102Z,buy,3.553e-05,4.0,0.00014212
NEBL/BTC,1629657306102,2021-08-22T18:35:06.102Z,buy,3.554e-05,31.0,0.0011017400000000001
NEBL/BTC,1629657306129,2021-08-22T18:35:06.129Z,sell,3.555e-05,82.0,0.0029151
NEBL/BTC,1629657842005,2021-08-22T18:44:02.005Z,sell,3.555e-05,202.0,0.007181099999999999
NEBL/BTC,1629657842005,2021-08-22T18:44:02.005Z,sell,3.555e-05,202.0,0.007181099999999999
NEBL/BTC,1629658085942,2021-08-22T18:48:05.942Z,sell,3.555e-05,207.0,0.007358849999999999
NEBL/BTC,1629658977106,2021-08-22T19:02:57.106Z,buy,3.559e-05,4.0,0.00014236
NEBL/BTC,1629659033937,2021-08-22T19:03:53.937Z,sell,3.555e-05,16.0,0.0005688
NEBL/BTC,1629659052811,2021-08-22T19:04:12.811Z,buy,3.559e-05,6.0,0.00021354000000000002
NEBL/BTC,1629659090837,2021-08-22T19:04:50.837Z,sell,3.559e-05,25.0,0.0008897500000000001
NEBL/BTC,1629659482990,2021-08-22T19:11:22.990Z,sell,3.555e-05,174.0,0.0061857
NEBL/BTC,1629659587981,2021-08-22T19:13:07.981Z,buy,3.559e-05,7.0,0.00024913
NEBL/BTC,1629659652500,2021-08-22T19:14:12.500Z,sell,3.555e-05,83.0,0.0029506499999999995
NEBL/BTC,1629659652500,2021-08-22T19:14:12.500Z,sell,3.553e-05,71.0,0.00252263
NEBL/BTC,1629659936688,2021-08-22T19:18:56.688Z,buy,3.559e-05,41.0,0.0014591900000000002
NEBL/BTC,1629659936688,2021-08-22T19:18:56.688Z,buy,3.56e-05,82.0,0.0029192
NEBL/BTC,1629659936689,2021-08-22T19:18:56.689Z,buy,3.56e-05,124.0,0.0044144
NEBL/BTC,1629659936689,2021-08-22T19:18:56.689Z,buy,3.564e-05,57.0,0.00203148
NEBL/BTC,1629659936689,2021-08-22T19:18:56.689Z,buy,3.565e-05,8.0,0.0002852
NEBL/BTC,1629659936689,2021-08-22T19:18:56.689Z,buy,3.566e-05,6.0,0.00021396000000000002
NEBL/BTC,1629659936689,2021-08-22T19:18:56.689Z,buy,3.571e-05,24.0,0.0008570400000000001
NEBL/BTC,1629659936689,2021-08-22T19:18:56.689Z,buy,3.573e-05,6.0,0.00021438
NEBL/BTC,1629659936689,2021-08-22T19:18:56.689Z,buy,3.574e-05,31.0,0.00110794
NEBL/BTC,1629659936689,2021-08-22T19:18:56.689Z,buy,3.577e-05,4.0,0.00014308
NEBL/BTC,1629659936689,2021-08-22T19:18:56.689Z,buy,3.578e-05,84.0,0.00300552
NEBL/BTC,1629659936689,2021-08-22T19:18:56.689Z,buy,3.579e-05,119.0,0.004259010000000001
NEBL/BTC,1629659970024,2021-08-22T19:19:30.024Z,sell,3.571e-05,4.0,0.00014284
NEBL/BTC,1629659970088,2021-08-22T19:19:30.088Z,sell,3.566e-05,6.0,0.00021396000000000002
NEBL/BTC,1629660265506,2021-08-22T19:24:25.506Z,buy,3.571e-05,4.0,0.00014284
NEBL/BTC,1629660344286,2021-08-22T19:25:44.286Z,sell,3.571e-05,24.0,0.0008570400000000001
NEBL/BTC,1629660646239,2021-08-22T19:30:46.239Z,buy,3.57e-05,16.0,0.0005712
NEBL/BTC,1629660649877,2021-08-22T19:30:49.877Z,sell,3.565e-05,4.0,0.0001426
NEBL/BTC,1629660649877,2021-08-22T19:30:49.877Z,sell,3.559e-05,10.0,0.00035590000000000003
NEBL/BTC,1629660649877,2021-08-22T19:30:49.877Z,sell,3.555e-05,3.0,0.00010664999999999999
NEBL/BTC,1629660868275,2021-08-22T19:34:28.275Z,buy,3.565e-05,4.0,0.0001426
NEBL/BTC,1629660868275,2021-08-22T19:34:28.275Z,buy,3.566e-05,5.0,0.0001783
NEBL/BTC,1629661034669,2021-08-22T19:37:14.669Z,buy,3.566e-05,1.0,3.566e-05
NEBL/BTC,1629661034669,2021-08-22T19:37:14.669Z,buy,3.57e-05,41.0,0.0014637
NEBL/BTC,1629661034669,2021-08-22T19:37:14.669Z,buy,3.571e-05,3.0,0.00010713000000000001
NEBL/BTC,1629661034669,2021-08-22T19:37:14.669Z,buy,3.566e-05,1.0,3.566e-05
NEBL/BTC,1629661034669,2021-08-22T19:37:14.669Z,buy,3.57e-05,41.0,0.0014637
NEBL/BTC,1629661034669,2021-08-22T19:37:14.669Z,buy,3.571e-05,3.0,0.00010713000000000001
NEBL/BTC,1629661495972,2021-08-22T19:44:55.972Z,buy,3.571e-05,4.0,0.00014284
NEBL/BTC,1629661495972,2021-08-22T19:44:55.972Z,buy,3.573e-05,6.0,0.00021438
NEBL/BTC,1629661495972,2021-08-22T19:44:55.972Z,buy,3.576e-05,17.0,0.0006079200000000001
NEBL/BTC,1629661498100,2021-08-22T19:44:58.100Z,sell,3.567e-05,27.0,0.0009630900000000001
NEBL/BTC,1629661872176,2021-08-22T19:51:12.176Z,buy,3.577e-05,4.0,0.00014308
NEBL/BTC,1629661872176,2021-08-22T19:51:12.176Z,buy,3.578e-05,57.0,0.00203946
NEBL/BTC,1629661872176,2021-08-22T19:51:12.176Z,buy,3.579e-05,165.0,0.00590535
NEBL/BTC,1629661929120,2021-08-22T19:52:09.120Z,buy,3.578e-05,3.0,0.00010734
NEBL/BTC,1629661938187,2021-08-22T19:52:18.187Z,buy,3.578e-05,28.0,0.00100184
NEBL/BTC,1629661941465,2021-08-22T19:52:21.465Z,sell,3.573e-05,28.0,0.00100044
NEBL/BTC,1629661970367,2021-08-22T19:52:50.367Z,buy,3.578e-05,26.0,0.00093028
NEBL/BTC,1629661970367,2021-08-22T19:52:50.367Z,buy,3.579e-05,2.0,7.158e-05
NEBL/BTC,1629661973864,2021-08-22T19:52:53.864Z,sell,3.573e-05,28.0,0.00100044
NEBL/BTC,1629662238376,2021-08-22T19:57:18.376Z,sell,3.573e-05,1.0,3.573e-05
NEBL/BTC,1629662238376,2021-08-22T19:57:18.376Z,sell,3.572e-05,2.0,7.144e-05
NEBL/BTC,1629662411951,2021-08-22T20:00:11.951Z,sell,3.573e-05,5.0,0.00017864999999999998
NEBL/BTC,1629662485476,2021-08-22T20:01:25.476Z,sell,3.573e-05,52.0,0.0018579599999999999
NEBL/BTC,1629662485476,2021-08-22T20:01:25.476Z,sell,3.572e-05,137.0,0.0048936399999999994
NEBL/BTC,1629662666983,2021-08-22T20:04:26.983Z,sell,3.573e-05,3.0,0.00010719
NEBL/BTC,1629662683235,2021-08-22T20:04:43.235Z,sell,3.573e-05,54.0,0.0019294199999999998
NEBL/BTC,1629662764906,2021-08-22T20:06:04.906Z,sell,3.572e-05,75.0,0.002679
NEBL/BTC,1629662848564,2021-08-22T20:07:28.564Z,buy,3.573e-05,93.0,0.00332289
NEBL/BTC,1629663119275,2021-08-22T20:11:59.275Z,sell,3.572e-05,27.0,0.0009644399999999999
NEBL/BTC,1629663161882,2021-08-22T20:12:41.882Z,sell,3.572e-05,27.0,0.0009644399999999999
NEBL/BTC,1629663161883,2021-08-22T20:12:41.883Z,sell,3.572e-05,17.0,0.00060724
NEBL/BTC,1629663231206,2021-08-22T20:13:51.206Z,sell,3.572e-05,103.0,0.0036791599999999995
NEBL/BTC,1629663280910,2021-08-22T20:14:40.910Z,sell,3.571e-05,4.0,0.00014284
NEBL/BTC,1629663337335,2021-08-22T20:15:37.335Z,sell,3.566e-05,6.0,0.00021396000000000002
NEBL/BTC,1629663337335,2021-08-22T20:15:37.335Z,sell,3.565e-05,4.0,0.0001426
NEBL/BTC,1629663337335,2021-08-22T20:15:37.335Z,sell,3.559e-05,10.0,0.00035590000000000003
NEBL/BTC,1629663337335,2021-08-22T20:15:37.335Z,sell,3.555e-05,42.0,0.0014930999999999998
NEBL/BTC,1629663337335,2021-08-22T20:15:37.335Z,sell,3.554e-05,28.0,0.00099512
NEBL/BTC,1629663451332,2021-08-22T20:17:31.332Z,sell,3.554e-05,6.0,0.00021324
NEBL/BTC,1629663451332,2021-08-22T20:17:31.332Z,sell,3.553e-05,4.0,0.00014212
NEBL/BTC,1629663451332,2021-08-22T20:17:31.332Z,sell,3.552e-05,16.0,0.00056832
NEBL/BTC,1629663451332,2021-08-22T20:17:31.332Z,sell,3.551e-05,4.0,0.00014204
NEBL/BTC,1629663451332,2021-08-22T20:17:31.332Z,sell,3.547e-05,4.0,0.00014188
NEBL/BTC,1629663451332,2021-08-22T20:17:31.332Z,sell,3.545e-05,3.0,0.00010635000000000001
NEBL/BTC,1629663462278,2021-08-22T20:17:42.278Z,sell,3.551e-05,8.0,0.00028408
NEBL/BTC,1629663462278,2021-08-22T20:17:42.278Z,sell,3.545e-05,3.0,0.00010635000000000001
NEBL/BTC,1629663462278,2021-08-22T20:17:42.278Z,sell,3.543e-05,4.0,0.00014172
NEBL/BTC,1629663462278,2021-08-22T20:17:42.278Z,sell,3.542e-05,20.0,0.0007084000000000001
NEBL/BTC,1629663462278,2021-08-22T20:17:42.278Z,sell,3.541e-05,368.0,0.01303088
NEBL/BTC,1629663464814,2021-08-22T20:17:44.814Z,sell,3.551e-05,4.0,0.00014204
NEBL/BTC,1629663641266,2021-08-22T20:20:41.266Z,sell,3.543e-05,507.0,0.017963009999999998
NEBL/BTC,1629663649382,2021-08-22T20:20:49.382Z,sell,3.542e-05,440.0,0.015584800000000001
NEBL/BTC,1629663689928,2021-08-22T20:21:29.928Z,sell,3.543e-05,53.0,0.0018777899999999998
NEBL/BTC,1629664163507,2021-08-22T20:29:23.507Z,sell,3.546e-05,27.0,0.0009574200000000001
NEBL/BTC,1629664348119,2021-08-22T20:32:28.119Z,sell,3.546e-05,15.0,0.0005319000000000001
NEBL/BTC,1629664605373,2021-08-22T20:36:45.373Z,sell,3.548e-05,11.0,0.00039028
NEBL/BTC,1629664626836,2021-08-22T20:37:06.836Z,sell,3.547e-05,3.0,0.00010640999999999999
NEBL/BTC,1629664626836,2021-08-22T20:37:06.836Z,sell,3.547e-05,3.0,0.00010640999999999999
NEBL/BTC,1629664646495,2021-08-22T20:37:26.495Z,sell,3.546e-05,46.0,0.0016311600000000002
NEBL/BTC,1629664747210,2021-08-22T20:39:07.210Z,sell,3.546e-05,90.0,0.0031914
NEBL/BTC,1629664747317,2021-08-22T20:39:07.317Z,sell,3.546e-05,118.0,0.00418428
NEBL/BTC,1629664752133,2021-08-22T20:39:12.133Z,sell,3.546e-05,107.0,0.0037942200000000005
NEBL/BTC,1629666268345,2021-08-22T21:04:28.345Z,buy,3.548e-05,8.0,0.00028384
NEBL/BTC,1629666741464,2021-08-22T21:12:21.464Z,buy,3.548e-05,27.0,0.00095796
NEBL/BTC,1629667073866,2021-08-22T21:17:53.866Z,sell,3.546e-05,11.0,0.00039006
NEBL/BTC,1629667840164,2021-08-22T21:30:40.164Z,sell,3.543e-05,3.0,0.00010628999999999999
NEBL/BTC,1629667840164,2021-08-22T21:30:40.164Z,sell,3.541e-05,4.0,0.00014164
NEBL/BTC,1629667840164,2021-08-22T21:30:40.164Z,sell,3.538e-05,6.0,0.00021227999999999997
NEBL/BTC,1629667840164,2021-08-22T21:30:40.164Z,sell,3.535e-05,35.0,0.0012372499999999999
NEBL/BTC,1629667840164,2021-08-22T21:30:40.164Z,sell,3.533e-05,66.0,0.0023317800000000003
NEBL/BTC,1629668025919,2021-08-22T21:33:45.919Z,buy,3.541e-05,4.0,0.00014164
NEBL/BTC,1629668036043,2021-08-22T21:33:56.043Z,buy,3.545e-05,64.0,0.0022688
NEBL/BTC,1629668036249,2021-08-22T21:33:56.249Z,buy,3.545e-05,28.0,0.0009926
NEBL/BTC,1629668087104,2021-08-22T21:34:47.104Z,buy,3.545e-05,3.0,0.00010635000000000001
NEBL/BTC,1629668087104,2021-08-22T21:34:47.104Z,buy,3.545e-05,3.0,0.00010635000000000001
NEBL/BTC,1629668477283,2021-08-22T21:41:17.283Z,sell,3.538e-05,6.0,0.00021227999999999997
NEBL/BTC,1629668477283,2021-08-22T21:41:17.283Z,sell,3.535e-05,4.0,0.0001414
NEBL/BTC,1629668477283,2021-08-22T21:41:17.283Z,sell,3.534e-05,1.0,3.534e-05
NEBL/BTC,1629668509823,2021-08-22T21:41:49.823Z,sell,3.534e-05,115.0,0.004064099999999999
NEBL/BTC,1629668571769,2021-08-22T21:42:51.769Z,buy,3.541e-05,3.0,0.00010623
NEBL/BTC,1629669035625,2021-08-22T21:50:35.625Z,sell,3.535e-05,31.0,0.00109585
NEBL/BTC,1629669035625,2021-08-22T21:50:35.625Z,sell,3.534e-05,63.0,0.00222642
NEBL/BTC,1629669035625,2021-08-22T21:50:35.625Z,sell,3.533e-05,106.0,0.00374498
NEBL/BTC,1629669134437,2021-08-22T21:52:14.437Z,sell,3.533e-05,105.0,0.00370965
NEBL/BTC,1629669134437,2021-08-22T21:52:14.437Z,sell,3.531e-05,67.0,0.00236577
NEBL/BTC,1629669134437,2021-08-22T21:52:14.437Z,sell,3.53e-05,198.0,0.0069894
NEBL/BTC,1629669134437,2021-08-22T21:52:14.437Z,sell,3.529e-05,4.0,0.00014116
NEBL/BTC,1629669134437,2021-08-22T21:52:14.437Z,sell,3.528e-05,295.0,0.0104076
NEBL/BTC,1629669134437,2021-08-22T21:52:14.437Z,sell,3.524e-05,6.0,0.00021144000000000002
NEBL/BTC,1629669134437,2021-08-22T21:52:14.437Z,sell,3.523e-05,4.0,0.00014092
NEBL/BTC,1629669134437,2021-08-22T21:52:14.437Z,sell,3.522e-05,60.0,0.0021132
NEBL/BTC,1629669134437,2021-08-22T21:52:14.437Z,sell,3.517e-05,10.0,0.0003517
NEBL/BTC,1629669134437,2021-08-22T21:52:14.437Z,sell,3.515e-05,31.0,0.00108965
NEBL/BTC,1629669134437,2021-08-22T21:52:14.437Z,sell,3.514e-05,20.0,0.0007028
NEBL/BTC,1629669134437,2021-08-22T21:52:14.437Z,sell,3.511e-05,4.0,0.00014044
NEBL/BTC,1629669134437,2021-08-22T21:52:14.437Z,sell,3.51e-05,6.0,0.0002106
NEBL/BTC,1629669134437,2021-08-22T21:52:14.437Z,sell,3.509e-05,58.0,0.00203522
NEBL/BTC,1629669134437,2021-08-22T21:52:14.437Z,sell,3.505e-05,4.0,0.0001402
NEBL/BTC,1629669134437,2021-08-22T21:52:14.437Z,sell,3.504e-05,2148.0,0.07526592000000001
NEBL/BTC,1629669134437,2021-08-22T21:52:14.437Z,sell,3.503e-05,422.0,0.014782660000000001
NEBL/BTC,1629669134437,2021-08-22T21:52:14.437Z,sell,3.501e-05,424.0,0.01484424
NEBL/BTC,1629669134437,2021-08-22T21:52:14.437Z,sell,3.5e-05,8.0,0.00028
NEBL/BTC,1629669134437,2021-08-22T21:52:14.437Z,sell,3.499e-05,4.0,0.00013996
NEBL/BTC,1629669134437,2021-08-22T21:52:14.437Z,sell,3.496e-05,730.0,0.0255208
NEBL/BTC,1629669134450,2021-08-22T21:52:14.450Z,buy,3.5e-05,32.0,0.00112
NEBL/BTC,1629669134452,2021-08-22T21:52:14.452Z,buy,3.541e-05,1.0,3.541e-05
NEBL/BTC,1629669134452,2021-08-22T21:52:14.452Z,buy,3.545e-05,6.0,0.00021270000000000002
NEBL/BTC,1629669134452,2021-08-22T21:52:14.452Z,buy,3.547e-05,4.0,0.00014188
NEBL/BTC,1629669134452,2021-08-22T21:52:14.452Z,buy,3.552e-05,21.0,0.00074592
NEBL/BTC,1629669138313,2021-08-22T21:52:18.313Z,buy,3.51e-05,6.0,0.0002106
NEBL/BTC,1629669139815,2021-08-22T21:52:19.815Z,buy,3.517e-05,6.0,0.00021101999999999997
NEBL/BTC,1629669142160,2021-08-22T21:52:22.160Z,buy,3.517e-05,4.0,0.00014068
NEBL/BTC,1629669142599,2021-08-22T21:52:22.599Z,sell,3.517e-05,2.0,7.034e-05
NEBL/BTC,1629669142599,2021-08-22T21:52:22.599Z,sell,3.51e-05,6.0,0.0002106
NEBL/BTC,1629669142599,2021-08-22T21:52:22.599Z,sell,3.507e-05,15.0,0.00052605
NEBL/BTC,1629669142599,2021-08-22T21:52:22.599Z,sell,3.506e-05,21.0,0.00073626
NEBL/BTC,1629669142599,2021-08-22T21:52:22.599Z,sell,3.505e-05,786.0,0.0275493
NEBL/BTC,1629669142599,2021-08-22T21:52:22.599Z,sell,3.503e-05,6.0,0.00021018000000000002
NEBL/BTC,1629669142599,2021-08-22T21:52:22.599Z,sell,3.499e-05,35.0,0.00122465
NEBL/BTC,1629669142599,2021-08-22T21:52:22.599Z,sell,3.498e-05,855.0,0.0299079
NEBL/BTC,1629669142599,2021-08-22T21:52:22.599Z,sell,3.497e-05,1258.0,0.04399226
NEBL/BTC,1629669142599,2021-08-22T21:52:22.599Z,sell,3.496e-05,430.0,0.015032799999999999
NEBL/BTC,1629669143036,2021-08-22T21:52:23.036Z,sell,3.496e-05,782.0,0.027338719999999997
NEBL/BTC,1629669169970,2021-08-22T21:52:49.970Z,buy,3.506e-05,59.0,0.00206854
NEBL/BTC,1629669169970,2021-08-22T21:52:49.970Z,buy,3.507e-05,765.0,0.02682855
NEBL/BTC,1629669202693,2021-08-22T21:53:22.693Z,buy,3.507e-05,74.0,0.00259518
NEBL/BTC,1629669308015,2021-08-22T21:55:08.015Z,buy,3.507e-05,3.0,0.00010521
NEBL/BTC,1629669316939,2021-08-22T21:55:16.939Z,buy,3.507e-05,6.0,0.00021042
NEBL/BTC,1629669376592,2021-08-22T21:56:16.592Z,sell,3.5e-05,507.0,0.017744999999999997
NEBL/BTC,1629669376592,2021-08-22T21:56:16.592Z,sell,3.499e-05,4.0,0.00013996
NEBL/BTC,1629669376592,2021-08-22T21:56:16.592Z,sell,3.496e-05,49.0,0.0017130399999999999
NEBL/BTC,1629669376592,2021-08-22T21:56:16.592Z,sell,3.495e-05,288.0,0.010065600000000001
NEBL/BTC,1629669400767,2021-08-22T21:56:40.767Z,buy,3.503e-05,1.0,3.503e-05
NEBL/BTC,1629669464822,2021-08-22T21:57:44.822Z,buy,3.503e-05,5.0,0.00017515
NEBL/BTC,1629669533821,2021-08-22T21:58:53.821Z,buy,3.505e-05,1.0,3.505e-05
NEBL/BTC,1629669580591,2021-08-22T21:59:40.591Z,buy,3.505e-05,3.0,0.00010515
NEBL/BTC,1629669585145,2021-08-22T21:59:45.145Z,buy,3.506e-05,58.0,0.00203348
NEBL/BTC,1629669585197,2021-08-22T21:59:45.197Z,buy,3.506e-05,58.0,0.00203348
NEBL/BTC,1629669585298,2021-08-22T21:59:45.298Z,buy,3.506e-05,53.0,0.00185818
NEBL/BTC,1629669585420,2021-08-22T21:59:45.420Z,buy,3.505e-05,119.0,0.00417095
NEBL/BTC,1629669585441,2021-08-22T21:59:45.441Z,buy,3.505e-05,119.0,0.00417095
NEBL/BTC,1629669585456,2021-08-22T21:59:45.456Z,buy,3.505e-05,19.0,0.00066595
NEBL/BTC,1629669665965,2021-08-22T22:01:05.965Z,sell,3.499e-05,4.0,0.00013996
NEBL/BTC,1629669665965,2021-08-22T22:01:05.965Z,sell,3.497e-05,58.0,0.00202826
NEBL/BTC,1629669665965,2021-08-22T22:01:05.965Z,sell,3.496e-05,220.0,0.0076912
NEBL/BTC,1629669666068,2021-08-22T22:01:06.068Z,buy,3.506e-05,1.0,3.506e-05
NEBL/BTC,1629669666096,2021-08-22T22:01:06.096Z,buy,3.505e-05,58.0,0.0020329
NEBL/BTC,1629669670757,2021-08-22T22:01:10.757Z,buy,3.505e-05,4.0,0.0001402
NEBL/BTC,1629669697927,2021-08-22T22:01:37.927Z,buy,3.507e-05,7.0,0.00024549
NEBL/BTC,1629669718289,2021-08-22T22:01:58.289Z,buy,3.51e-05,6.0,0.0002106
NEBL/BTC,1629669726550,2021-08-22T22:02:06.550Z,buy,3.511e-05,4.0,0.00014044
NEBL/BTC,1629669798796,2021-08-22T22:03:18.796Z,buy,3.513e-05,58.0,0.00203754
NEBL/BTC,1629669798796,2021-08-22T22:03:18.796Z,buy,3.514e-05,313.0,0.01099882
NEBL/BTC,1629669801797,2021-08-22T22:03:21.797Z,buy,3.514e-05,187.0,0.006571179999999999
NEBL/BTC,1629669827471,2021-08-22T22:03:47.471Z,buy,3.515e-05,1.0,3.515e-05
NEBL/BTC,1629669856400,2021-08-22T22:04:16.400Z,buy,3.515e-05,30.0,0.0010545
NEBL/BTC,1629669865951,2021-08-22T22:04:25.951Z,buy,3.516e-05,3.0,0.00010548
NEBL/BTC,1629669865951,2021-08-22T22:04:25.951Z,buy,3.517e-05,10.0,0.0003517
NEBL/BTC,1629669866058,2021-08-22T22:04:26.058Z,buy,3.522e-05,6.0,0.00021131999999999998
NEBL/BTC,1629669946593,2021-08-22T22:05:46.593Z,buy,3.523e-05,1.0,3.523e-05
NEBL/BTC,1629670073265,2021-08-22T22:07:53.265Z,buy,3.523e-05,1.0,3.523e-05
NEBL/BTC,1629670193437,2021-08-22T22:09:53.437Z,buy,3.523e-05,1.0,3.523e-05
NEBL/BTC,1629670605723,2021-08-22T22:16:45.723Z,buy,3.522e-05,1.0,3.522e-05
NEBL/BTC,1629670821729,2021-08-22T22:20:21.729Z,buy,3.522e-05,1.0,3.522e-05
NEBL/BTC,1629670984571,2021-08-22T22:23:04.571Z,buy,3.522e-05,1.0,3.522e-05
NEBL/BTC,1629671219899,2021-08-22T22:26:59.899Z,buy,3.519e-05,1.0,3.519e-05
NEBL/BTC,1629671411969,2021-08-22T22:30:11.969Z,buy,3.519e-05,1.0,3.519e-05
NEBL/BTC,1629671497069,2021-08-22T22:31:37.069Z,sell,3.514e-05,12.0,0.00042168
NEBL/BTC,1629671619269,2021-08-22T22:33:39.269Z,sell,3.514e-05,46.0,0.00161644
NEBL/BTC,1629671619269,2021-08-22T22:33:39.269Z,sell,3.513e-05,376.0,0.01320888
NEBL/BTC,1629671679803,2021-08-22T22:34:39.803Z,buy,3.517e-05,1.0,3.517e-05
NEBL/BTC,1629671679803,2021-08-22T22:34:39.803Z,buy,3.517e-05,1.0,3.517e-05
NEBL/BTC,1629671865101,2021-08-22T22:37:45.101Z,buy,3.517e-05,1.0,3.517e-05
NEBL/BTC,1629672132804,2021-08-22T22:42:12.804Z,buy,3.515e-05,1.0,3.515e-05
NEBL/BTC,1629672394388,2021-08-22T22:46:34.388Z,buy,3.515e-05,3.0,0.00010545
NEBL/BTC,1629672394453,2021-08-22T22:46:34.453Z,buy,3.516e-05,25.0,0.000879
NEBL/BTC,1629672396348,2021-08-22T22:46:36.348Z,buy,3.516e-05,154.0,0.00541464
NEBL/BTC,1629672520420,2021-08-22T22:48:40.420Z,buy,3.516e-05,1.0,3.516e-05
NEBL/BTC,1629672551389,2021-08-22T22:49:11.389Z,buy,3.516e-05,3.0,0.00010548
NEBL/BTC,1629672551389,2021-08-22T22:49:11.389Z,buy,3.517e-05,993.0,0.03492381
NEBL/BTC,1629672551389,2021-08-22T22:49:11.389Z,buy,3.517e-05,3.0,0.00010550999999999998
NEBL/BTC,1629672766419,2021-08-22T22:52:46.419Z,buy,3.517e-05,266.0,0.00935522
NEBL/BTC,1629673186568,2021-08-22T22:59:46.568Z,buy,3.517e-05,394.0,0.01385698
NEBL/BTC,1629673392322,2021-08-22T23:03:12.322Z,sell,3.513e-05,28.0,0.00098364
NEBL/BTC,1629673461482,2021-08-22T23:04:21.482Z,buy,3.516e-05,4.0,0.00014064
NEBL/BTC,1629673561341,2021-08-22T23:06:01.341Z,sell,3.511e-05,4.0,0.00014044
NEBL/BTC,1629673561341,2021-08-22T23:06:01.341Z,sell,3.51e-05,6.0,0.0002106
NEBL/BTC,1629673561341,2021-08-22T23:06:01.341Z,sell,3.506e-05,57.0,0.00199842
NEBL/BTC,1629673561341,2021-08-22T23:06:01.341Z,sell,3.505e-05,4.0,0.0001402
NEBL/BTC,1629673561341,2021-08-22T23:06:01.341Z,sell,3.503e-05,6.0,0.00021018000000000002
NEBL/BTC,1629673561341,2021-08-22T23:06:01.341Z,sell,3.501e-05,4.0,0.00014004
NEBL/BTC,1629673561453,2021-08-22T23:06:01.453Z,buy,3.5e-05,29.0,0.0010149999999999998
NEBL/BTC,1629673744218,2021-08-22T23:09:04.218Z,buy,3.51e-05,6.0,0.0002106
NEBL/BTC,1629674058812,2021-08-22T23:14:18.812Z,buy,3.51e-05,155.0,0.0054405
NEBL/BTC,1629674300232,2021-08-22T23:18:20.232Z,buy,3.511e-05,4.0,0.00014044
NEBL/BTC,1629674310222,2021-08-22T23:18:30.222Z,buy,3.517e-05,10.0,0.0003517
NEBL/BTC,1629674445415,2021-08-22T23:20:45.415Z,buy,3.522e-05,4.0,0.00014088
NEBL/BTC,1629674468755,2021-08-22T23:21:08.755Z,buy,3.522e-05,3.0,0.00010565999999999999
NEBL/BTC,1629674468755,2021-08-22T23:21:08.755Z,buy,3.522e-05,3.0,0.00010565999999999999
NEBL/BTC,1629675360183,2021-08-22T23:36:00.183Z,buy,3.522e-05,290.0,0.0102138
NEBL/BTC,1629675360183,2021-08-22T23:36:00.183Z,buy,3.523e-05,1.0,3.523e-05
NEBL/BTC,1629675360183,2021-08-22T23:36:00.183Z,buy,3.524e-05,6.0,0.00021144000000000002
NEBL/BTC,1629675360183,2021-08-22T23:36:00.183Z,buy,3.527e-05,3.0,0.00010580999999999999
NEBL/BTC,1629675360183,2021-08-22T23:36:00.183Z,buy,3.529e-05,4.0,0.00014116
NEBL/BTC,1629675360289,2021-08-22T23:36:00.289Z,buy,3.531e-05,6.0,0.00021186
NEBL/BTC,1629675570210,2021-08-22T23:39:30.210Z,buy,3.529e-05,31.0,0.00109399
NEBL/BTC,1629675612643,2021-08-22T23:40:12.643Z,buy,3.529e-05,25.0,0.0008822500000000001
NEBL/BTC,1629676271451,2021-08-22T23:51:11.451Z,buy,3.534e-05,172.0,0.00607848
NEBL/BTC,1629676321408,2021-08-22T23:52:01.408Z,sell,3.533e-05,17.0,0.00060061
NEBL/BTC,1629676370989,2021-08-22T23:52:50.989Z,buy,3.534e-05,7.0,0.00024737999999999995
NEBL/BTC,1629676662614,2021-08-22T23:57:42.614Z,sell,3.529e-05,179.0,0.00631691
NEBL/BTC,1629676662614,2021-08-22T23:57:42.614Z,sell,3.528e-05,1396.0,0.049250880000000004
NEBL/BTC,1629676907879,2021-08-23T00:01:47.879Z,buy,3.531e-05,35.0,0.00123585
NEBL/BTC,1629677037375,2021-08-23T00:03:57.375Z,sell,3.529e-05,13.0,0.00045877000000000005
NEBL/BTC,1629677557133,2021-08-23T00:12:37.133Z,sell,3.529e-05,44.0,0.00155276
NEBL/BTC,1629677557133,2021-08-23T00:12:37.133Z,sell,3.528e-05,542.0,0.01912176
NEBL/BTC,1629677597171,2021-08-23T00:13:17.171Z,buy,3.533e-05,30.0,0.0010599000000000001
NEBL/BTC,1629677597197,2021-08-23T00:13:17.197Z,buy,3.534e-05,30.0,0.0010601999999999999
NEBL/BTC,1629677597220,2021-08-23T00:13:17.220Z,buy,3.534e-05,27.0,0.0009541799999999999
NEBL/BTC,1629677597237,2021-08-23T00:13:17.237Z,buy,3.534e-05,39.0,0.0013782599999999999
NEBL/BTC,1629677597250,2021-08-23T00:13:17.250Z,buy,3.534e-05,18.0,0.00063612
NEBL/BTC,1629677597266,2021-08-23T00:13:17.266Z,buy,3.534e-05,25.0,0.0008835
NEBL/BTC,1629677597266,2021-08-23T00:13:17.266Z,buy,3.535e-05,14.0,0.0004948999999999999
NEBL/BTC,1629677597279,2021-08-23T00:13:17.279Z,buy,3.535e-05,25.0,0.00088375
NEBL/BTC,1629677627858,2021-08-23T00:13:47.858Z,buy,3.538e-05,392.0,0.013868959999999998
NEBL/BTC,1629677846884,2021-08-23T00:17:26.884Z,buy,3.538e-05,1.0,3.538e-05
NEBL/BTC,1629677846884,2021-08-23T00:17:26.884Z,buy,3.541e-05,4.0,0.00014164
NEBL/BTC,1629677846884,2021-08-23T00:17:26.884Z,buy,3.542e-05,20.0,0.0007084000000000001
NEBL/BTC,1629677846884,2021-08-23T00:17:26.884Z,buy,3.543e-05,4.0,0.00014172
NEBL/BTC,1629677846884,2021-08-23T00:17:26.884Z,buy,3.545e-05,6.0,0.00021270000000000002
NEBL/BTC,1629677846884,2021-08-23T00:17:26.884Z,buy,3.546e-05,8.0,0.00028368
NEBL/BTC,1629677846884,2021-08-23T00:17:26.884Z,buy,3.547e-05,4.0,0.00014188
NEBL/BTC,1629677846884,2021-08-23T00:17:26.884Z,buy,3.551e-05,3.0,0.00010653
NEBL/BTC,1629677846884,2021-08-23T00:17:26.884Z,buy,3.552e-05,6.0,0.00021312
NEBL/BTC,1629677846884,2021-08-23T00:17:26.884Z,buy,3.553e-05,67.0,0.00238051
NEBL/BTC,1629677846885,2021-08-23T00:17:26.885Z,buy,3.553e-05,59.0,0.00209627
NEBL/BTC,1629677846885,2021-08-23T00:17:26.885Z,buy,3.554e-05,31.0,0.0011017400000000001
NEBL/BTC,1629677846885,2021-08-23T00:17:26.885Z,buy,3.559e-05,10.0,0.00035590000000000003
NEBL/BTC,1629677846885,2021-08-23T00:17:26.885Z,buy,3.564e-05,23.0,0.0008197199999999999
NEBL/BTC,1629677846901,2021-08-23T00:17:26.901Z,buy,3.564e-05,1.0,3.564e-05
NEBL/BTC,1629677846901,2021-08-23T00:17:26.901Z,buy,3.565e-05,125.0,0.00445625
NEBL/BTC,1629677846947,2021-08-23T00:17:26.947Z,buy,3.565e-05,23.0,0.00081995
NEBL/BTC,1629677847241,2021-08-23T00:17:27.241Z,sell,3.557e-05,59.0,0.00209863
NEBL/BTC,1629677847252,2021-08-23T00:17:27.252Z,buy,3.566e-05,6.0,0.00021396000000000002
NEBL/BTC,1629677848918,2021-08-23T00:17:28.918Z,buy,3.567e-05,45.0,0.00160515
NEBL/BTC,1629677850847,2021-08-23T00:17:30.847Z,sell,3.559e-05,6.0,0.00021354000000000002
NEBL/BTC,1629677873227,2021-08-23T00:17:53.227Z,sell,3.552e-05,6.0,0.00021312
NEBL/BTC,1629677903556,2021-08-23T00:18:23.556Z,sell,3.545e-05,6.0,0.00021270000000000002
NEBL/BTC,1629677937880,2021-08-23T00:18:57.880Z,buy,3.545e-05,4.0,0.0001418
NEBL/BTC,1629677938027,2021-08-23T00:18:58.027Z,buy,3.545e-05,4.0,0.0001418
NEBL/BTC,1629677938518,2021-08-23T00:18:58.518Z,buy,3.545e-05,4.0,0.0001418
NEBL/BTC,1629677952031,2021-08-23T00:19:12.031Z,sell,3.543e-05,4.0,0.00014172
NEBL/BTC,1629677952031,2021-08-23T00:19:12.031Z,sell,3.541e-05,2.0,7.082e-05
NEBL/BTC,1629677972096,2021-08-23T00:19:32.096Z,sell,3.541e-05,2.0,7.082e-05
NEBL/BTC,1629678037306,2021-08-23T00:20:37.306Z,buy,3.541e-05,102.0,0.00361182
NEBL/BTC,1629678037306,2021-08-23T00:20:37.306Z,buy,3.541e-05,102.0,0.00361182
NEBL/BTC,1629678209082,2021-08-23T00:23:29.082Z,sell,3.538e-05,6.0,0.00021227999999999997
NEBL/BTC,1629678227442,2021-08-23T00:23:47.442Z,buy,3.538e-05,13.0,0.00045993999999999994
NEBL/BTC,1629678602436,2021-08-23T00:30:02.436Z,buy,3.538e-05,212.0,0.007500559999999999
NEBL/BTC,1629678795108,2021-08-23T00:33:15.108Z,buy,3.541e-05,8.0,0.00028328
NEBL/BTC,1629679075115,2021-08-23T00:37:55.115Z,sell,3.535e-05,4.0,0.0001414
NEBL/BTC,1629679292740,2021-08-23T00:41:32.740Z,sell,3.535e-05,3.0,0.00010605
NEBL/BTC,1629679427146,2021-08-23T00:43:47.146Z,buy,3.54e-05,4.0,0.0001416
NEBL/BTC,1629679516135,2021-08-23T00:45:16.135Z,sell,3.535e-05,28.0,0.0009897999999999999
NEBL/BTC,1629679516135,2021-08-23T00:45:16.135Z,sell,3.532e-05,57.0,0.00201324
NEBL/BTC,1629679516135,2021-08-23T00:45:16.135Z,sell,3.531e-05,6.0,0.00021186
NEBL/BTC,1629679516135,2021-08-23T00:45:16.135Z,sell,3.53e-05,9.0,0.00031769999999999997
NEBL/BTC,1629679558651,2021-08-23T00:45:58.651Z,buy,3.537e-05,13.0,0.00045981
NEBL/BTC,1629679800343,2021-08-23T00:50:00.343Z,buy,3.534e-05,21.0,0.00074214
NEBL/BTC,1629680215217,2021-08-23T00:56:55.217Z,sell,3.529e-05,4.0,0.00014116
NEBL/BTC,1629680653898,2021-08-23T01:04:13.898Z,sell,3.524e-05,3.0,0.00010572000000000001
NEBL/BTC,1629680937937,2021-08-23T01:08:57.937Z,sell,3.524e-05,3.0,0.00010572000000000001
NEBL/BTC,1629680937937,2021-08-23T01:08:57.937Z,sell,3.523e-05,4.0,0.00014092
NEBL/BTC,1629680937937,2021-08-23T01:08:57.937Z,sell,3.522e-05,60.0,0.0021132
NEBL/BTC,1629680937948,2021-08-23T01:08:57.948Z,sell,3.517e-05,10.0,0.0003517
NEBL/BTC,1629680937959,2021-08-23T01:08:57.959Z,sell,3.515e-05,88.0,0.0030932
NEBL/BTC,1629680938330,2021-08-23T01:08:58.330Z,sell,3.514e-05,3.0,0.00010542
NEBL/BTC,1629680938330,2021-08-23T01:08:58.330Z,sell,3.514e-05,3.0,0.00010542
NEBL/BTC,1629681663906,2021-08-23T01:21:03.906Z,sell,3.514e-05,20.0,0.0007028
NEBL/BTC,1629681716706,2021-08-23T01:21:56.706Z,sell,3.511e-05,4.0,0.00014044
NEBL/BTC,1629681857020,2021-08-23T01:24:17.020Z,sell,3.51e-05,6.0,0.0002106
NEBL/BTC,1629681920258,2021-08-23T01:25:20.258Z,buy,3.515e-05,3.0,0.00010545
NEBL/BTC,1629682648839,2021-08-23T01:37:28.839Z,buy,3.511e-05,47.0,0.00165017
NEBL/BTC,1629682757269,2021-08-23T01:39:17.269Z,buy,3.511e-05,86.0,0.0030194600000000003
NEBL/BTC,1629682840448,2021-08-23T01:40:40.448Z,buy,3.51e-05,4.0,0.0001404
NEBL/BTC,1629682993273,2021-08-23T01:43:13.273Z,sell,3.505e-05,4.0,0.0001402
NEBL/BTC,1629682993273,2021-08-23T01:43:13.273Z,sell,3.504e-05,57.0,0.00199728
NEBL/BTC,1629682993273,2021-08-23T01:43:13.273Z,sell,3.503e-05,6.0,0.00021018000000000002
NEBL/BTC,1629682993273,2021-08-23T01:43:13.273Z,sell,3.502e-05,1.0,3.502e-05
NEBL/BTC,1629683041531,2021-08-23T01:44:01.531Z,sell,3.503e-05,57.0,0.00199671
NEBL/BTC,1629683041531,2021-08-23T01:44:01.531Z,sell,3.502e-05,7.0,0.00024514000000000003
NEBL/BTC,1629683326927,2021-08-23T01:48:46.927Z,buy,3.508e-05,57.0,0.00199956
NEBL/BTC,1629683843939,2021-08-23T01:57:23.939Z,sell,3.502e-05,3.0,0.00010506
NEBL/BTC,1629683843939,2021-08-23T01:57:23.939Z,sell,3.501e-05,12.0,0.00042011999999999996
NEBL/BTC,1629683996553,2021-08-23T01:59:56.553Z,sell,3.5e-05,8.0,0.00028
NEBL/BTC,1629683996553,2021-08-23T01:59:56.553Z,sell,3.499e-05,4.0,0.00013996
NEBL/BTC,1629683996553,2021-08-23T01:59:56.553Z,sell,3.497e-05,57.0,0.00199329
NEBL/BTC,1629683996553,2021-08-23T01:59:56.553Z,sell,3.496e-05,37.0,0.0012935199999999998
NEBL/BTC,1629683996553,2021-08-23T01:59:56.553Z,sell,3.494e-05,1897.0,0.06628118
NEBL/BTC,1629684141933,2021-08-23T02:02:21.933Z,sell,3.495e-05,11.0,0.00038445000000000005
NEBL/BTC,1629684280644,2021-08-23T02:04:40.644Z,buy,3.499e-05,10.0,0.0003499
NEBL/BTC,1629684280644,2021-08-23T02:04:40.644Z,buy,3.499e-05,10.0,0.0003499
NEBL/BTC,1629684990085,2021-08-23T02:16:30.085Z,buy,3.499e-05,7.0,0.00024493000000000003
NEBL/BTC,1629684990085,2021-08-23T02:16:30.085Z,buy,3.5e-05,57.0,0.001995
NEBL/BTC,1629684990085,2021-08-23T02:16:30.085Z,buy,3.501e-05,3013.0,0.10548513
NEBL/BTC,1629685436743,2021-08-23T02:23:56.743Z,buy,3.503e-05,6.0,0.00021018000000000002
NEBL/BTC,1629685436743,2021-08-23T02:23:56.743Z,buy,3.505e-05,4.0,0.0001402
NEBL/BTC,1629685436743,2021-08-23T02:23:56.743Z,buy,3.506e-05,57.0,0.00199842
NEBL/BTC,1629685436743,2021-08-23T02:23:56.743Z,buy,3.507e-05,3086.0,0.10822602
NEBL/BTC,1629685436756,2021-08-23T02:23:56.756Z,sell,3.507e-05,12.0,0.00042084
NEBL/BTC,1629685440769,2021-08-23T02:24:00.769Z,sell,3.508e-05,57.0,0.00199956
NEBL/BTC,1629685440769,2021-08-23T02:24:00.769Z,sell,3.507e-05,91.0,0.0031913700000000002
NEBL/BTC,1629685440807,2021-08-23T02:24:00.807Z,sell,3.508e-05,20.0,0.0007016
NEBL/BTC,1629685495268,2021-08-23T02:24:55.268Z,buy,3.51e-05,6.0,0.0002106
NEBL/BTC,1629685495268,2021-08-23T02:24:55.268Z,buy,3.511e-05,4.0,0.00014044
NEBL/BTC,1629685495268,2021-08-23T02:24:55.268Z,buy,3.515e-05,31.0,0.00108965
NEBL/BTC,1629685495268,2021-08-23T02:24:55.268Z,buy,3.517e-05,10.0,0.0003517
NEBL/BTC,1629685495268,2021-08-23T02:24:55.268Z,buy,3.521e-05,11.0,0.00038731
NEBL/BTC,1629685500712,2021-08-23T02:25:00.712Z,buy,3.52e-05,58.0,0.0020416
NEBL/BTC,1629685930665,2021-08-23T02:32:10.665Z,buy,3.52e-05,46.0,0.0016192000000000001
NEBL/BTC,1629685930665,2021-08-23T02:32:10.665Z,buy,3.522e-05,4.0,0.00014088
NEBL/BTC,1629685930665,2021-08-23T02:32:10.665Z,buy,3.523e-05,4.0,0.00014092
NEBL/BTC,1629685930665,2021-08-23T02:32:10.665Z,buy,3.524e-05,6.0,0.00021144000000000002
NEBL/BTC,1629685930665,2021-08-23T02:32:10.665Z,buy,3.529e-05,61.0,0.00215269
NEBL/BTC,1629685930665,2021-08-23T02:32:10.665Z,buy,3.53e-05,85.0,0.0030004999999999997
NEBL/BTC,1629685930665,2021-08-23T02:32:10.665Z,buy,3.531e-05,6.0,0.00021186
NEBL/BTC,1629685930665,2021-08-23T02:32:10.665Z,buy,3.535e-05,35.0,0.0012372499999999999
NEBL/BTC,1629685930665,2021-08-23T02:32:10.665Z,buy,3.538e-05,6.0,0.00021227999999999997
NEBL/BTC,1629685930665,2021-08-23T02:32:10.665Z,buy,3.539e-05,181.0,0.00640559
NEBL/BTC,1629685932671,2021-08-23T02:32:12.671Z,sell,3.524e-05,6.0,0.00021144000000000002
NEBL/BTC,1629685933387,2021-08-23T02:32:13.387Z,sell,3.529e-05,4.0,0.00014116
NEBL/BTC,1629685933866,2021-08-23T02:32:13.866Z,sell,3.531e-05,6.0,0.00021186
NEBL/BTC,1629685942923,2021-08-23T02:32:22.923Z,sell,3.523e-05,4.0,0.00014092
NEBL/BTC,1629686061227,2021-08-23T02:34:21.227Z,sell,3.518e-05,57.0,0.00200526
NEBL/BTC,1629686061227,2021-08-23T02:34:21.227Z,sell,3.517e-05,10.0,0.0003517
NEBL/BTC,1629686061227,2021-08-23T02:34:21.227Z,sell,3.515e-05,31.0,0.00108965
NEBL/BTC,1629686061227,2021-08-23T02:34:21.227Z,sell,3.511e-05,4.0,0.00014044
NEBL/BTC,1629686061227,2021-08-23T02:34:21.227Z,sell,3.51e-05,6.0,0.0002106
NEBL/BTC,1629686061227,2021-08-23T02:34:21.227Z,sell,3.508e-05,82.0,0.0028765600000000002
NEBL/BTC,1629686061227,2021-08-23T02:34:21.227Z,sell,3.507e-05,81.0,0.00284067
NEBL/BTC,1629686090519,2021-08-23T02:34:50.519Z,sell,3.51e-05,28.0,0.0009828
NEBL/BTC,1629686120746,2021-08-23T02:35:20.746Z,buy,3.517e-05,10.0,0.0003517
NEBL/BTC,1629686120746,2021-08-23T02:35:20.746Z,buy,3.523e-05,4.0,0.00014092
NEBL/BTC,1629686120746,2021-08-23T02:35:20.746Z,buy,3.524e-05,6.0,0.00021144000000000002
NEBL/BTC,1629686120746,2021-08-23T02:35:20.746Z,buy,3.528e-05,57.0,0.00201096
NEBL/BTC,1629686120746,2021-08-23T02:35:20.746Z,buy,3.529e-05,4.0,0.00014116
NEBL/BTC,1629686120746,2021-08-23T02:35:20.746Z,buy,3.531e-05,6.0,0.00021186
NEBL/BTC,1629686120746,2021-08-23T02:35:20.746Z,buy,3.535e-05,13.0,0.00045955
NEBL/BTC,1629686125421,2021-08-23T02:35:25.421Z,sell,3.529e-05,4.0,0.00014116
NEBL/BTC,1629686131680,2021-08-23T02:35:31.680Z,sell,3.524e-05,6.0,0.00021144000000000002
NEBL/BTC,1629686189809,2021-08-23T02:36:29.809Z,sell,3.523e-05,4.0,0.00014092
NEBL/BTC,1629686228963,2021-08-23T02:37:08.963Z,sell,3.517e-05,10.0,0.0003517
NEBL/BTC,1629686228963,2021-08-23T02:37:08.963Z,sell,3.512e-05,57.0,0.00200184
NEBL/BTC,1629686228963,2021-08-23T02:37:08.963Z,sell,3.511e-05,4.0,0.00014044
NEBL/BTC,1629686228963,2021-08-23T02:37:08.963Z,sell,3.51e-05,6.0,0.0002106
NEBL/BTC,1629686228963,2021-08-23T02:37:08.963Z,sell,3.509e-05,85.0,0.00298265
NEBL/BTC,1629686228963,2021-08-23T02:37:08.963Z,sell,3.508e-05,66.0,0.0023152800000000003
NEBL/BTC,1629686228963,2021-08-23T02:37:08.963Z,sell,3.507e-05,226.0,0.00792582
NEBL/BTC,1629686386176,2021-08-23T02:39:46.176Z,sell,3.509e-05,12.0,0.00042108
NEBL/BTC,1629686479688,2021-08-23T02:41:19.688Z,buy,3.517e-05,10.0,0.0003517
NEBL/BTC,1629686683702,2021-08-23T02:44:43.702Z,buy,3.517e-05,13.0,0.00045720999999999994
NEBL/BTC,1629686854308,2021-08-23T02:47:34.308Z,buy,3.514e-05,13.0,0.00045682
NEBL/BTC,1629686946964,2021-08-23T02:49:06.964Z,sell,3.511e-05,4.0,0.00014044
NEBL/BTC,1629686947626,2021-08-23T02:49:07.626Z,sell,3.51e-05,6.0,0.0002106
NEBL/BTC,1629686948670,2021-08-23T02:49:08.670Z,sell,3.508e-05,28.0,0.0009822400000000001
NEBL/BTC,1629687119175,2021-08-23T02:51:59.175Z,sell,3.508e-05,39.0,0.00136812
NEBL/BTC,1629687155981,2021-08-23T02:52:35.981Z,sell,3.509e-05,6.0,0.00021054
NEBL/BTC,1629687239924,2021-08-23T02:53:59.924Z,sell,3.509e-05,21.0,0.0007368899999999999
NEBL/BTC,1629687268453,2021-08-23T02:54:28.453Z,buy,3.509e-05,69.0,0.00242121
NEBL/BTC,1629687408153,2021-08-23T02:56:48.153Z,buy,3.515e-05,57.0,0.00200355
NEBL/BTC,1629687637023,2021-08-23T03:00:37.023Z,buy,3.517e-05,10.0,0.0003517
NEBL/BTC,1629687692115,2021-08-23T03:01:32.115Z,buy,3.523e-05,4.0,0.00014092
NEBL/BTC,1629687692115,2021-08-23T03:01:32.115Z,buy,3.524e-05,6.0,0.00021144000000000002
NEBL/BTC,1629687692115,2021-08-23T03:01:32.115Z,buy,3.529e-05,4.0,0.00014116
NEBL/BTC,1629687692115,2021-08-23T03:01:32.115Z,buy,3.53e-05,56.0,0.0019768
NEBL/BTC,1629687692115,2021-08-23T03:01:32.115Z,buy,3.531e-05,6.0,0.00021186
NEBL/BTC,1629687692115,2021-08-23T03:01:32.115Z,buy,3.535e-05,24.0,0.0008484
NEBL/BTC,1629687773705,2021-08-23T03:02:53.705Z,sell,3.528e-05,64.0,0.00225792
NEBL/BTC,1629687773705,2021-08-23T03:02:53.705Z,sell,3.527e-05,37.0,0.00130499
NEBL/BTC,1629687773705,2021-08-23T03:02:53.705Z,sell,3.528e-05,64.0,0.00225792
NEBL/BTC,1629687773705,2021-08-23T03:02:53.705Z,sell,3.527e-05,37.0,0.00130499
NEBL/BTC,1629688032705,2021-08-23T03:07:12.705Z,buy,3.533e-05,139.0,0.00491087
NEBL/BTC,1629688088675,2021-08-23T03:08:08.675Z,buy,3.533e-05,3.0,0.00010599
NEBL/BTC,1629688120503,2021-08-23T03:08:40.503Z,buy,3.535e-05,2.0,7.07e-05
NEBL/BTC,1629688154981,2021-08-23T03:09:14.981Z,buy,3.538e-05,3.0,0.00010613999999999998
NEBL/BTC,1629688171732,2021-08-23T03:09:31.732Z,buy,3.538e-05,3.0,0.00010613999999999998
NEBL/BTC,1629688225030,2021-08-23T03:10:25.030Z,sell,3.532e-05,7.0,0.00024724
NEBL/BTC,1629688254507,2021-08-23T03:10:54.507Z,buy,3.541e-05,4.0,0.00014164
NEBL/BTC,1629688254551,2021-08-23T03:10:54.551Z,buy,3.542e-05,20.0,0.0007084000000000001
NEBL/BTC,1629688271961,2021-08-23T03:11:11.961Z,sell,3.535e-05,4.0,0.0001414
NEBL/BTC,1629688271961,2021-08-23T03:11:11.961Z,sell,3.534e-05,3.0,0.00010601999999999999
NEBL/BTC,1629688271961,2021-08-23T03:11:11.961Z,sell,3.532e-05,39.0,0.00137748
NEBL/BTC,1629688372005,2021-08-23T03:12:52.005Z,buy,3.541e-05,70.0,0.0024787
NEBL/BTC,1629688437553,2021-08-23T03:13:57.553Z,buy,3.543e-05,4.0,0.00014172
NEBL/BTC,1629688445401,2021-08-23T03:14:05.401Z,buy,3.545e-05,6.0,0.00021270000000000002
NEBL/BTC,1629688447587,2021-08-23T03:14:07.587Z,buy,3.546e-05,8.0,0.00028368
NEBL/BTC,1629688460892,2021-08-23T03:14:20.892Z,buy,3.547e-05,4.0,0.00014188
NEBL/BTC,1629688514137,2021-08-23T03:15:14.137Z,buy,3.552e-05,4.0,0.00014208
NEBL/BTC,1629688648666,2021-08-23T03:17:28.666Z,buy,3.552e-05,5.0,0.00017759999999999998
NEBL/BTC,1629689771623,2021-08-23T03:36:11.623Z,sell,3.547e-05,5.0,0.00017735
NEBL/BTC,1629689936744,2021-08-23T03:38:56.744Z,sell,3.547e-05,4.0,0.00014188
NEBL/BTC,1629689950500,2021-08-23T03:39:10.500Z,sell,3.547e-05,19.0,0.00067393
NEBL/BTC,1629690008916,2021-08-23T03:40:08.916Z,buy,3.552e-05,3.0,0.00010656
NEBL/BTC,1629690019914,2021-08-23T03:40:19.914Z,buy,3.553e-05,4.0,0.00014212
NEBL/BTC,1629690169997,2021-08-23T03:42:49.997Z,sell,3.547e-05,4.0,0.00014188
NEBL/BTC,1629690177492,2021-08-23T03:42:57.492Z,buy,3.552e-05,56.0,0.00198912
NEBL/BTC,1629690342558,2021-08-23T03:45:42.558Z,sell,3.549e-05,7.0,0.00024843
NEBL/BTC,1629690399428,2021-08-23T03:46:39.428Z,sell,3.549e-05,49.0,0.00173901
NEBL/BTC,1629690399428,2021-08-23T03:46:39.428Z,sell,3.548e-05,1655.0,0.0587194
NEBL/BTC,1629690452446,2021-08-23T03:47:32.446Z,sell,3.549e-05,39.0,0.00138411
NEBL/BTC,1629690582147,2021-08-23T03:49:42.147Z,sell,3.548e-05,725.0,0.025723
NEBL/BTC,1629690582155,2021-08-23T03:49:42.155Z,sell,3.548e-05,109.0,0.00386732
NEBL/BTC,1629690744983,2021-08-23T03:52:24.983Z,buy,3.552e-05,196.0,0.00696192
NEBL/BTC,1629690744983,2021-08-23T03:52:24.983Z,buy,3.553e-05,315.0,0.01119195
NEBL/BTC,1629691214413,2021-08-23T04:00:14.413Z,buy,3.551e-05,16.0,0.00056816
NEBL/BTC,1629691214413,2021-08-23T04:00:14.413Z,buy,3.551e-05,16.0,0.00056816
NEBL/BTC,1629691554898,2021-08-23T04:05:54.898Z,buy,3.551e-05,49.0,0.0017399899999999999
NEBL/BTC,1629691611327,2021-08-23T04:06:51.327Z,buy,3.553e-05,12.0,0.00042636
NEBL/BTC,1629691721531,2021-08-23T04:08:41.531Z,buy,3.553e-05,25.0,0.00088825
NEBL/BTC,1629691728081,2021-08-23T04:08:48.081Z,buy,3.553e-05,142.0,0.00504526
NEBL/BTC,1629691728081,2021-08-23T04:08:48.081Z,buy,3.553e-05,25.0,0.00088825
NEBL/BTC,1629691728149,2021-08-23T04:08:48.149Z,buy,3.554e-05,31.0,0.0011017400000000001
NEBL/BTC,1629691728197,2021-08-23T04:08:48.197Z,buy,3.559e-05,16.0,0.00056944
NEBL/BTC,1629691728249,2021-08-23T04:08:48.249Z,buy,3.564e-05,56.0,0.00199584
NEBL/BTC,1629691728346,2021-08-23T04:08:48.346Z,buy,3.564e-05,56.0,0.00199584
NEBL/BTC,1629691728404,2021-08-23T04:08:48.404Z,buy,3.564e-05,56.0,0.00199584
NEBL/BTC,1629691737805,2021-08-23T04:08:57.805Z,buy,3.564e-05,23.0,0.0008197199999999999
NEBL/BTC,1629691737821,2021-08-23T04:08:57.821Z,buy,3.564e-05,13.0,0.00046332
NEBL/BTC,1629691775416,2021-08-23T04:09:35.416Z,buy,3.564e-05,24.0,0.0008553599999999999
NEBL/BTC,1629691775492,2021-08-23T04:09:35.492Z,buy,3.564e-05,19.0,0.00067716
NEBL/BTC,1629691775498,2021-08-23T04:09:35.498Z,buy,3.564e-05,33.0,0.00117612
NEBL/BTC,1629692055570,2021-08-23T04:14:15.570Z,sell,3.559e-05,55.0,0.0019574500000000003
NEBL/BTC,1629692055570,2021-08-23T04:14:15.570Z,sell,3.558e-05,230.0,0.0081834
NEBL/BTC,1629692065117,2021-08-23T04:14:25.117Z,sell,3.559e-05,7.0,0.00024913
NEBL/BTC,1629692196189,2021-08-23T04:16:36.189Z,sell,3.559e-05,48.0,0.0017083200000000002
NEBL/BTC,1629692196189,2021-08-23T04:16:36.189Z,sell,3.558e-05,68.0,0.00241944
NEBL/BTC,1629692223606,2021-08-23T04:17:03.606Z,buy,3.565e-05,46.0,0.0016399
NEBL/BTC,1629692252836,2021-08-23T04:17:32.836Z,buy,3.565e-05,17.0,0.00060605
NEBL/BTC,1629692252836,2021-08-23T04:17:32.836Z,buy,3.566e-05,6.0,0.00021396000000000002
NEBL/BTC,1629692467726,2021-08-23T04:21:07.726Z,sell,3.567e-05,3.0,0.00010701000000000001
NEBL/BTC,1629693268626,2021-08-23T04:34:28.626Z,sell,3.567e-05,13.0,0.00046371000000000004
NEBL/BTC,1629693307687,2021-08-23T04:35:07.687Z,sell,3.567e-05,145.0,0.00517215
NEBL/BTC,1629693393043,2021-08-23T04:36:33.043Z,buy,3.567e-05,199.0,0.007098330000000001
NEBL/BTC,1629693459314,2021-08-23T04:37:39.314Z,buy,3.567e-05,18.0,0.0006420600000000001
NEBL/BTC,1629693471610,2021-08-23T04:37:51.610Z,sell,3.566e-05,397.0,0.014157020000000001
NEBL/BTC,1629693493232,2021-08-23T04:38:13.232Z,sell,3.559e-05,10.0,0.00035590000000000003
NEBL/BTC,1629693493232,2021-08-23T04:38:13.232Z,sell,3.555e-05,55.0,0.00195525
NEBL/BTC,1629693493232,2021-08-23T04:38:13.232Z,sell,3.554e-05,104.0,0.0036961600000000004
NEBL/BTC,1629693495103,2021-08-23T04:38:15.103Z,sell,3.553e-05,3.0,0.00010659
NEBL/BTC,1629694217160,2021-08-23T04:50:17.160Z,sell,3.555e-05,3.0,0.00010664999999999999
NEBL/BTC,1629694764666,2021-08-23T04:59:24.666Z,sell,3.553e-05,1.0,3.553e-05
NEBL/BTC,1629694796649,2021-08-23T04:59:56.649Z,sell,3.552e-05,2.0,7.104e-05
NEBL/BTC,1629694796649,2021-08-23T04:59:56.649Z,sell,3.552e-05,2.0,7.104e-05
NEBL/BTC,1629694832431,2021-08-23T05:00:32.431Z,sell,3.552e-05,4.0,0.00014208
NEBL/BTC,1629694842811,2021-08-23T05:00:42.811Z,sell,3.547e-05,4.0,0.00014188
NEBL/BTC,1629695073920,2021-08-23T05:04:33.920Z,buy,3.547e-05,5.0,0.00017735
NEBL/BTC,1629695073920,2021-08-23T05:04:33.920Z,buy,3.553e-05,1.0,3.553e-05
NEBL/BTC,1629695632344,2021-08-23T05:13:52.344Z,sell,3.548e-05,3.0,0.00010643999999999999
NEBL/BTC,1629695632344,2021-08-23T05:13:52.344Z,sell,3.547e-05,5.0,0.00017735
NEBL/BTC,1629695632354,2021-08-23T05:13:52.354Z,sell,3.547e-05,13.0,0.00046111
NEBL/BTC,1629695861731,2021-08-23T05:17:41.731Z,buy,3.553e-05,2.0,7.106e-05
NEBL/BTC,1629696027712,2021-08-23T05:20:27.712Z,sell,3.547e-05,2151.0,0.07629596999999999
NEBL/BTC,1629696078160,2021-08-23T05:21:18.160Z,sell,3.547e-05,25.0,0.00088675
NEBL/BTC,1629696091253,2021-08-23T05:21:31.253Z,buy,3.553e-05,1.0,3.553e-05
NEBL/BTC,1629696091253,2021-08-23T05:21:31.253Z,buy,3.557e-05,56.0,0.00199192
NEBL/BTC,1629696091253,2021-08-23T05:21:31.253Z,buy,3.558e-05,239.0,0.00850362
NEBL/BTC,1629696091253,2021-08-23T05:21:31.253Z,buy,3.559e-05,10.0,0.00035590000000000003
NEBL/BTC,1629696091253,2021-08-23T05:21:31.253Z,buy,3.565e-05,4.0,0.0001426
NEBL/BTC,1629696091253,2021-08-23T05:21:31.253Z,buy,3.566e-05,6.0,0.00021396000000000002
NEBL/BTC,1629696091253,2021-08-23T05:21:31.253Z,buy,3.571e-05,24.0,0.0008570400000000001
NEBL/BTC,1629696091253,2021-08-23T05:21:31.253Z,buy,3.573e-05,6.0,0.00021438
NEBL/BTC,1629696091253,2021-08-23T05:21:31.253Z,buy,3.574e-05,31.0,0.00110794
NEBL/BTC,1629696091253,2021-08-23T05:21:31.253Z,buy,3.577e-05,4.0,0.00014308
NEBL/BTC,1629696091253,2021-08-23T05:21:31.253Z,buy,3.578e-05,558.0,0.01996524
NEBL/BTC,1629696091253,2021-08-23T05:21:31.253Z,buy,3.579e-05,155.0,0.00554745
NEBL/BTC,1629696091253,2021-08-23T05:21:31.253Z,buy,3.58e-05,1154.0,0.0413132
NEBL/BTC,1629696093623,2021-08-23T05:21:33.623Z,sell,3.566e-05,6.0,0.00021396000000000002
NEBL/BTC,1629696094382,2021-08-23T05:21:34.382Z,sell,3.573e-05,6.0,0.00021438
NEBL/BTC,1629696094398,2021-08-23T05:21:34.398Z,sell,3.559e-05,6.0,0.00021354000000000002
NEBL/BTC,1629696097399,2021-08-23T05:21:37.399Z,buy,3.566e-05,4.0,0.00014264
NEBL/BTC,1629696097627,2021-08-23T05:21:37.627Z,sell,3.565e-05,4.0,0.0001426
NEBL/BTC,1629696112973,2021-08-23T05:21:52.973Z,sell,3.559e-05,4.0,0.00014236
NEBL/BTC,1629696142736,2021-08-23T05:22:22.736Z,sell,3.554e-05,31.0,0.0011017400000000001
NEBL/BTC,1629696550068,2021-08-23T05:29:10.068Z,sell,3.553e-05,4.0,0.00014212
NEBL/BTC,1629696550068,2021-08-23T05:29:10.068Z,sell,3.552e-05,6.0,0.00021312
NEBL/BTC,1629696550068,2021-08-23T05:29:10.068Z,sell,3.547e-05,4.0,0.00014188
NEBL/BTC,1629696550068,2021-08-23T05:29:10.068Z,sell,3.545e-05,6.0,0.00021270000000000002
NEBL/BTC,1629696550068,2021-08-23T05:29:10.068Z,sell,3.543e-05,4.0,0.00014172
NEBL/BTC,1629696550068,2021-08-23T05:29:10.068Z,sell,3.542e-05,20.0,0.0007084000000000001
NEBL/BTC,1629696550068,2021-08-23T05:29:10.068Z,sell,3.541e-05,4.0,0.00014164
NEBL/BTC,1629696550068,2021-08-23T05:29:10.068Z,sell,3.539e-05,47.0,0.00166333
NEBL/BTC,1629696553942,2021-08-23T05:29:13.942Z,sell,3.538e-05,6.0,0.00021227999999999997
NEBL/BTC,1629696553942,2021-08-23T05:29:13.942Z,sell,3.536e-05,9.0,0.00031824
NEBL/BTC,1629696553942,2021-08-23T05:29:13.942Z,sell,3.535e-05,31.0,0.00109585
NEBL/BTC,1629696631881,2021-08-23T05:30:31.881Z,buy,3.545e-05,5.0,0.00017725
NEBL/BTC,1629696816281,2021-08-23T05:33:36.281Z,sell,3.537e-05,83.0,0.0029357100000000002
NEBL/BTC,1629696816281,2021-08-23T05:33:36.281Z,sell,3.536e-05,47.0,0.00166192
NEBL/BTC,1629697683585,2021-08-23T05:48:03.585Z,buy,3.541e-05,4.0,0.00014164
NEBL/BTC,1629697884900,2021-08-23T05:51:24.900Z,sell,3.544e-05,5.0,0.0001772
NEBL/BTC,1629697895823,2021-08-23T05:51:35.823Z,sell,3.541e-05,8.0,0.00028328
NEBL/BTC,1629698080109,2021-08-23T05:54:40.109Z,sell,3.541e-05,113.0,0.00400133
NEBL/BTC,1629698080109,2021-08-23T05:54:40.109Z,sell,3.54e-05,393.0,0.0139122
NEBL/BTC,1629698284870,2021-08-23T05:58:04.870Z,sell,3.54e-05,13.0,0.0004602
NEBL/BTC,1629698284870,2021-08-23T05:58:04.870Z,sell,3.54e-05,13.0,0.0004602
NEBL/BTC,1629698502660,2021-08-23T06:01:42.660Z,sell,3.54e-05,104.0,0.0036816
NEBL/BTC,1629698502666,2021-08-23T06:01:42.666Z,sell,3.54e-05,153.0,0.0054162
NEBL/BTC,1629698508834,2021-08-23T06:01:48.834Z,sell,3.54e-05,114.0,0.0040356
NEBL/BTC,1629698509588,2021-08-23T06:01:49.588Z,sell,3.54e-05,12.0,0.0004248
NEBL/BTC,1629698510109,2021-08-23T06:01:50.109Z,sell,3.54e-05,12.0,0.0004248
NEBL/BTC,1629698510595,2021-08-23T06:01:50.595Z,sell,3.54e-05,12.0,0.0004248
NEBL/BTC,1629698512864,2021-08-23T06:01:52.864Z,sell,3.54e-05,38.0,0.0013452
NEBL/BTC,1629698640046,2021-08-23T06:04:00.046Z,sell,3.54e-05,10.0,0.000354
NEBL/BTC,1629698689696,2021-08-23T06:04:49.696Z,buy,3.544e-05,3.0,0.00010632
NEBL/BTC,1629698689696,2021-08-23T06:04:49.696Z,buy,3.545e-05,1.0,3.545e-05
NEBL/BTC,1629698689696,2021-08-23T06:04:49.696Z,buy,3.547e-05,4.0,0.00014188
NEBL/BTC,1629698689696,2021-08-23T06:04:49.696Z,buy,3.55e-05,4.0,0.000142
NEBL/BTC,1629700002541,2021-08-23T06:26:42.541Z,sell,3.541e-05,8.0,0.00028328
NEBL/BTC,1629700002541,2021-08-23T06:26:42.541Z,sell,3.54e-05,7.0,0.0002478
NEBL/BTC,1629700200398,2021-08-23T06:30:00.398Z,sell,3.541e-05,4.0,0.00014164
NEBL/BTC,1629700380451,2021-08-23T06:33:00.451Z,sell,3.541e-05,19.0,0.00067279
NEBL/BTC,1629701111381,2021-08-23T06:45:11.381Z,sell,3.541e-05,4.0,0.00014164
NEBL/BTC,1629701170782,2021-08-23T06:46:10.782Z,sell,3.541e-05,108.0,0.00382428
NEBL/BTC,1629701317969,2021-08-23T06:48:37.969Z,buy,3.547e-05,4.0,0.00014188
NEBL/BTC,1629701643974,2021-08-23T06:54:03.974Z,buy,3.55e-05,85.0,0.0030175
NEBL/BTC,1629701643979,2021-08-23T06:54:03.979Z,buy,3.55e-05,50.0,0.001775
NEBL/BTC,1629701643979,2021-08-23T06:54:03.979Z,buy,3.552e-05,6.0,0.00021312
NEBL/BTC,1629701643979,2021-08-23T06:54:03.979Z,buy,3.553e-05,4.0,0.00014212
NEBL/BTC,1629701643979,2021-08-23T06:54:03.979Z,buy,3.558e-05,56.0,0.00199248
NEBL/BTC,1629701643979,2021-08-23T06:54:03.979Z,buy,3.559e-05,10.0,0.00035590000000000003
NEBL/BTC,1629701643979,2021-08-23T06:54:03.979Z,buy,3.565e-05,8.0,0.0002852
NEBL/BTC,1629701643979,2021-08-23T06:54:03.979Z,buy,3.566e-05,1.0,3.566e-05
NEBL/BTC,1629701650205,2021-08-23T06:54:10.205Z,sell,3.559e-05,4.0,0.00014236
NEBL/BTC,1629701665749,2021-08-23T06:54:25.749Z,sell,3.553e-05,4.0,0.00014212
NEBL/BTC,1629701749881,2021-08-23T06:55:49.881Z,buy,3.553e-05,325.0,0.01154725
NEBL/BTC,1629701749881,2021-08-23T06:55:49.881Z,buy,3.553e-05,325.0,0.01154725
NEBL/BTC,1629702072156,2021-08-23T07:01:12.156Z,buy,3.557e-05,9.0,0.00032013
NEBL/BTC,1629702443882,2021-08-23T07:07:23.882Z,buy,3.556e-05,3.0,0.00010668
NEBL/BTC,1629702583339,2021-08-23T07:09:43.339Z,sell,3.553e-05,5.0,0.00017765
NEBL/BTC,1629702609121,2021-08-23T07:10:09.121Z,buy,3.557e-05,12.0,0.00042684
NEBL/BTC,1629702946617,2021-08-23T07:15:46.617Z,sell,3.554e-05,28.0,0.00099512
NEBL/BTC,1629703080932,2021-08-23T07:18:00.932Z,sell,3.554e-05,28.0,0.00099512
NEBL/BTC,1629703080932,2021-08-23T07:18:00.932Z,sell,3.553e-05,320.0,0.0113696
NEBL/BTC,1629703279029,2021-08-23T07:21:19.029Z,sell,3.553e-05,3.0,0.00010659
NEBL/BTC,1629703279029,2021-08-23T07:21:19.029Z,sell,3.552e-05,139.0,0.00493728
NEBL/BTC,1629703279029,2021-08-23T07:21:19.029Z,sell,3.551e-05,193.0,0.00685343
NEBL/BTC,1629703443020,2021-08-23T07:24:03.020Z,sell,3.554e-05,100.0,0.0035540000000000003
NEBL/BTC,1629703481832,2021-08-23T07:24:41.832Z,buy,3.553e-05,56.0,0.00198968
NEBL/BTC,1629703481832,2021-08-23T07:24:41.832Z,buy,3.554e-05,201.0,0.00714354
NEBL/BTC,1629703590810,2021-08-23T07:26:30.810Z,buy,3.553e-05,56.0,0.00198968
NEBL/BTC,1629703590810,2021-08-23T07:26:30.810Z,buy,3.554e-05,144.0,0.005117760000000001
NEBL/BTC,1629703632993,2021-08-23T07:27:12.993Z,buy,3.554e-05,5.0,0.0001777
NEBL/BTC,1629703644258,2021-08-23T07:27:24.258Z,buy,3.554e-05,87.0,0.0030919800000000002
NEBL/BTC,1629703650658,2021-08-23T07:27:30.658Z,buy,3.554e-05,13.0,0.00046202000000000005
NEBL/BTC,1629703651475,2021-08-23T07:27:31.475Z,buy,3.554e-05,13.0,0.00046202000000000005
NEBL/BTC,1629703651955,2021-08-23T07:27:31.955Z,buy,3.554e-05,23.0,0.00081742
NEBL/BTC,1629703651976,2021-08-23T07:27:31.976Z,buy,3.554e-05,13.0,0.00046202000000000005
NEBL/BTC,1629703652359,2021-08-23T07:27:32.359Z,buy,3.554e-05,13.0,0.00046202000000000005
NEBL/BTC,1629703664320,2021-08-23T07:27:44.320Z,buy,3.554e-05,6.0,0.00021324
NEBL/BTC,1629704378472,2021-08-23T07:39:38.472Z,sell,3.553e-05,11.0,0.00039083
NEBL/BTC,1629704414480,2021-08-23T07:40:14.480Z,sell,3.553e-05,29.0,0.00103037
NEBL/BTC,1629705003195,2021-08-23T07:50:03.195Z,buy,3.554e-05,31.0,0.0011017400000000001
NEBL/BTC,1629705226425,2021-08-23T07:53:46.425Z,sell,3.553e-05,16.0,0.00056848
NEBL/BTC,1629705226425,2021-08-23T07:53:46.425Z,sell,3.553e-05,16.0,0.00056848
NEBL/BTC,1629705475311,2021-08-23T07:57:55.311Z,sell,3.553e-05,577.0,0.02050081
NEBL/BTC,1629705475845,2021-08-23T07:57:55.845Z,buy,3.554e-05,374.0,0.01329196
NEBL/BTC,1629705475845,2021-08-23T07:57:55.845Z,buy,3.556e-05,56.0,0.0019913599999999997
NEBL/BTC,1629705475845,2021-08-23T07:57:55.845Z,buy,3.557e-05,14.0,0.00049798
NEBL/BTC,1629705475845,2021-08-23T07:57:55.845Z,buy,3.559e-05,10.0,0.00035590000000000003
NEBL/BTC,1629705475845,2021-08-23T07:57:55.845Z,buy,3.565e-05,4.0,0.0001426
NEBL/BTC,1629705475845,2021-08-23T07:57:55.845Z,buy,3.566e-05,1.0,3.566e-05
NEBL/BTC,1629705475845,2021-08-23T07:57:55.845Z,buy,3.571e-05,24.0,0.0008570400000000001
NEBL/BTC,1629705475845,2021-08-23T07:57:55.845Z,buy,3.573e-05,6.0,0.00021438
NEBL/BTC,1629705475845,2021-08-23T07:57:55.845Z,buy,3.574e-05,31.0,0.00110794
NEBL/BTC,1629705475845,2021-08-23T07:57:55.845Z,buy,3.577e-05,4.0,0.00014308
NEBL/BTC,1629705475845,2021-08-23T07:57:55.845Z,buy,3.58e-05,1125.0,0.040275000000000005
NEBL/BTC,1629705492476,2021-08-23T07:58:12.476Z,buy,3.579e-05,3.0,0.00010737
NEBL/BTC,1629705492532,2021-08-23T07:58:12.532Z,buy,3.579e-05,11.0,0.00039369000000000003
NEBL/BTC,1629705493010,2021-08-23T07:58:13.010Z,buy,3.579e-05,33.0,0.00118107
NEBL/BTC,1629705493042,2021-08-23T07:58:13.042Z,buy,3.579e-05,9.0,0.00032211
NEBL/BTC,1629705493042,2021-08-23T07:58:13.042Z,buy,3.58e-05,4.0,0.0001432
NEBL/BTC,1629705493044,2021-08-23T07:58:13.044Z,buy,3.58e-05,5.0,0.00017900000000000001
NEBL/BTC,1629705493066,2021-08-23T07:58:13.066Z,buy,3.58e-05,5.0,0.00017900000000000001
NEBL/BTC,1629705524951,2021-08-23T07:58:44.951Z,sell,3.58e-05,29.0,0.0010382
NEBL/BTC,1629705524968,2021-08-23T07:58:44.968Z,sell,3.58e-05,20.0,0.0007160000000000001
NEBL/BTC,1629705578244,2021-08-23T07:59:38.244Z,buy,3.58e-05,40.0,0.0014320000000000001
NEBL/BTC,1629705639543,2021-08-23T08:00:39.543Z,sell,3.573e-05,6.0,0.00021438
NEBL/BTC,1629705639543,2021-08-23T08:00:39.543Z,sell,3.571e-05,4.0,0.00014284
NEBL/BTC,1629705639543,2021-08-23T08:00:39.543Z,sell,3.567e-05,56.0,0.00199752
NEBL/BTC,1629705639543,2021-08-23T08:00:39.543Z,sell,3.566e-05,6.0,0.00021396000000000002
NEBL/BTC,1629705639543,2021-08-23T08:00:39.543Z,sell,3.565e-05,4.0,0.0001426
NEBL/BTC,1629705639543,2021-08-23T08:00:39.543Z,sell,3.559e-05,10.0,0.00035590000000000003
NEBL/BTC,1629705639543,2021-08-23T08:00:39.543Z,sell,3.556e-05,85.0,0.0030226
NEBL/BTC,1629705639543,2021-08-23T08:00:39.543Z,sell,3.555e-05,182.0,0.0064700999999999995
NEBL/BTC,1629705675895,2021-08-23T08:01:15.895Z,buy,3.565e-05,4.0,0.0001426
NEBL/BTC,1629705720295,2021-08-23T08:02:00.295Z,sell,3.558e-05,56.0,0.00199248
NEBL/BTC,1629705720295,2021-08-23T08:02:00.295Z,sell,3.557e-05,507.0,0.01803399
NEBL/BTC,1629705720295,2021-08-23T08:02:00.295Z,sell,3.556e-05,132.0,0.00469392
NEBL/BTC,1629705878057,2021-08-23T08:04:38.057Z,buy,3.566e-05,6.0,0.00021396000000000002
NEBL/BTC,1629705878057,2021-08-23T08:04:38.057Z,buy,3.571e-05,4.0,0.00014284
NEBL/BTC,1629705878057,2021-08-23T08:04:38.057Z,buy,3.573e-05,1.0,3.573e-05
NEBL/BTC,1629706200945,2021-08-23T08:10:00.945Z,buy,3.573e-05,5.0,0.00017864999999999998
NEBL/BTC,1629706200945,2021-08-23T08:10:00.945Z,buy,3.577e-05,4.0,0.00014308
NEBL/BTC,1629706200945,2021-08-23T08:10:00.945Z,buy,3.58e-05,9.0,0.0003222
NEBL/BTC,1629706200945,2021-08-23T08:10:00.945Z,buy,3.582e-05,1.0,3.582e-05
NEBL/BTC,1629706336343,2021-08-23T08:12:16.343Z,buy,3.582e-05,3.0,0.00010746
NEBL/BTC,1629706336343,2021-08-23T08:12:16.343Z,buy,3.586e-05,4.0,0.00014344
NEBL/BTC,1629706336343,2021-08-23T08:12:16.343Z,buy,3.587e-05,6.0,0.00021522000000000002
NEBL/BTC,1629706336343,2021-08-23T08:12:16.343Z,buy,3.588e-05,4.0,0.00014352
NEBL/BTC,1629706336343,2021-08-23T08:12:16.343Z,buy,3.59e-05,19.0,0.0006820999999999999
NEBL/BTC,1629706351509,2021-08-23T08:12:31.509Z,sell,3.583e-05,55.0,0.00197065
NEBL/BTC,1629706351557,2021-08-23T08:12:31.557Z,sell,3.583e-05,25.0,0.0008957500000000001
NEBL/BTC,1629706451568,2021-08-23T08:14:11.568Z,buy,3.591e-05,11.0,0.00039501
NEBL/BTC,1629706465997,2021-08-23T08:14:25.997Z,sell,3.59e-05,29.0,0.0010410999999999999
NEBL/BTC,1629706488637,2021-08-23T08:14:48.637Z,sell,3.59e-05,1.0,3.59e-05
NEBL/BTC,1629706505379,2021-08-23T08:15:05.379Z,sell,3.584e-05,30.0,0.0010752000000000001
NEBL/BTC,1629706525372,2021-08-23T08:15:25.372Z,sell,3.584e-05,1.0,3.584e-05
NEBL/BTC,1629706525372,2021-08-23T08:15:25.372Z,sell,3.582e-05,4.0,0.00014328
NEBL/BTC,1629706525372,2021-08-23T08:15:25.372Z,sell,3.58e-05,6.0,0.00021480000000000002
NEBL/BTC,1629706525372,2021-08-23T08:15:25.372Z,sell,3.577e-05,3.0,0.00010731
NEBL/BTC,1629706549314,2021-08-23T08:15:49.314Z,sell,3.577e-05,1.0,3.577e-05
NEBL/BTC,1629706549314,2021-08-23T08:15:49.314Z,sell,3.573e-05,6.0,0.00021438
NEBL/BTC,1629706549314,2021-08-23T08:15:49.314Z,sell,3.571e-05,2.0,7.142e-05
NEBL/BTC,1629706549325,2021-08-23T08:15:49.325Z,sell,3.571e-05,2.0,7.142e-05
NEBL/BTC,1629706549325,2021-08-23T08:15:49.325Z,sell,3.568e-05,1.0,3.568e-05
NEBL/BTC,1629706850333,2021-08-23T08:20:50.333Z,sell,3.569e-05,12.0,0.00042827999999999996
NEBL/BTC,1629706853415,2021-08-23T08:20:53.415Z,buy,3.568e-05,13.0,0.00046384
NEBL/BTC,1629706929204,2021-08-23T08:22:09.204Z,sell,3.566e-05,6.0,0.00021396000000000002
NEBL/BTC,1629706929213,2021-08-23T08:22:09.213Z,sell,3.565e-05,8.0,0.0002852
NEBL/BTC,1629706948444,2021-08-23T08:22:28.444Z,sell,3.563e-05,10.0,0.00035630000000000004
NEBL/BTC,1629706948447,2021-08-23T08:22:28.447Z,sell,3.563e-05,45.0,0.0016033500000000001
NEBL/BTC,1629706948447,2021-08-23T08:22:28.447Z,sell,3.562e-05,107.0,0.0038113400000000003
NEBL/BTC,1629706949820,2021-08-23T08:22:29.820Z,sell,3.563e-05,6.0,0.00021378
NEBL/BTC,1629706950195,2021-08-23T08:22:30.195Z,sell,3.562e-05,13.0,0.00046306
NEBL/BTC,1629707081328,2021-08-23T08:24:41.328Z,sell,3.562e-05,106.0,0.00377572
NEBL/BTC,1629707141844,2021-08-23T08:25:41.844Z,buy,3.565e-05,3.0,0.00010695
NEBL/BTC,1629707564289,2021-08-23T08:32:44.289Z,sell,3.563e-05,21.0,0.00074823
NEBL/BTC,1629707830517,2021-08-23T08:37:10.517Z,sell,3.564e-05,13.0,0.00046332
