symbol,timestamp,datetime,side,price,amount,btc_volume
NEBL/BTC,1640970237339,2021-12-31T17:03:57.339Z,sell,2.448e-05,14.2,0.000347616
NEBL/BTC,1640970961505,2021-12-31T17:16:01.505Z,sell,2.45e-05,330.0,0.008085
NEBL/BTC,1640970964141,2021-12-31T17:16:04.141Z,sell,2.45e-05,0.8,1.9600000000000002e-05
NEBL/BTC,1640971101200,2021-12-31T17:18:21.200Z,sell,2.449e-05,23.0,0.00056327
NEBL/BTC,1640971101200,2021-12-31T17:18:21.200Z,sell,2.447e-05,92.5,0.002263475
NEBL/BTC,1640971101200,2021-12-31T17:18:21.200Z,sell,2.446e-05,4.9,0.00011985400000000001
NEBL/BTC,1640971101200,2021-12-31T17:18:21.200Z,sell,2.444e-05,14.4,0.000351936
NEBL/BTC,1640971145808,2021-12-31T17:19:05.808Z,buy,2.45e-05,3.3,8.084999999999999e-05
NEBL/BTC,1640971145808,2021-12-31T17:19:05.808Z,buy,2.452e-05,6.9,0.000169188
NEBL/BTC,1640971145808,2021-12-31T17:19:05.808Z,buy,2.46e-05,6.9,0.00016974
NEBL/BTC,1640971145808,2021-12-31T17:19:05.808Z,buy,2.463e-05,117.6,0.002896488
NEBL/BTC,1640971751835,2021-12-31T17:29:11.835Z,buy,2.461e-05,20.0,0.0004922
NEBL/BTC,1640971767231,2021-12-31T17:29:27.231Z,buy,2.461e-05,44.0,0.00108284
NEBL/BTC,1640972001569,2021-12-31T17:33:21.569Z,sell,2.452e-05,6.9,0.000169188
NEBL/BTC,1640972001569,2021-12-31T17:33:21.569Z,sell,2.446e-05,118.8,0.002905848
NEBL/BTC,1640972001569,2021-12-31T17:33:21.569Z,sell,2.445e-05,52.7,0.001288515
NEBL/BTC,1640972001569,2021-12-31T17:33:21.569Z,sell,2.444e-05,158.9,0.003883516
NEBL/BTC,1640972551066,2021-12-31T17:42:31.066Z,buy,2.459e-05,4.7,0.000115573
NEBL/BTC,1640972551118,2021-12-31T17:42:31.118Z,buy,2.459e-05,1.5,3.6885e-05
NEBL/BTC,1640973455620,2021-12-31T17:57:35.620Z,buy,2.459e-05,6.0,0.00014754
NEBL/BTC,1640973455620,2021-12-31T17:57:35.620Z,buy,2.459e-05,6.0,0.00014754
NEBL/BTC,1640976093769,2021-12-31T18:41:33.769Z,buy,2.458e-05,58.9,0.0014477619999999998
NEBL/BTC,1640976114560,2021-12-31T18:41:54.560Z,sell,2.446e-05,59.0,0.0014431399999999999
NEBL/BTC,1640976160320,2021-12-31T18:42:40.320Z,sell,2.446e-05,18.3,0.000447618
NEBL/BTC,1640976160334,2021-12-31T18:42:40.334Z,buy,2.446e-05,46.1,0.001127606
NEBL/BTC,1640976310632,2021-12-31T18:45:10.632Z,buy,2.458e-05,58.7,0.001442846
NEBL/BTC,1640976324864,2021-12-31T18:45:24.864Z,sell,2.445e-05,59.1,0.0014449950000000001
NEBL/BTC,1640976334142,2021-12-31T18:45:34.142Z,buy,2.458e-05,58.7,0.001442846
NEBL/BTC,1640976354716,2021-12-31T18:45:54.716Z,sell,2.445e-05,25.1,0.000613695
NEBL/BTC,1640976354716,2021-12-31T18:45:54.716Z,sell,2.444e-05,33.6,0.000821184
NEBL/BTC,1640976371498,2021-12-31T18:46:11.498Z,buy,2.458e-05,6.1,0.00014993799999999999
NEBL/BTC,1640976376503,2021-12-31T18:46:16.503Z,sell,2.445e-05,4.0,9.78e-05
NEBL/BTC,1640976435376,2021-12-31T18:47:15.376Z,sell,2.447e-05,60.0,0.0014682
NEBL/BTC,1640976435376,2021-12-31T18:47:15.376Z,sell,2.447e-05,60.0,0.0014682
NEBL/BTC,1640977940404,2021-12-31T19:12:20.404Z,buy,2.456e-05,56.1,0.001377816
NEBL/BTC,1640978117389,2021-12-31T19:15:17.389Z,sell,2.448e-05,14.0,0.00034271999999999997
NEBL/BTC,1640978117389,2021-12-31T19:15:17.389Z,sell,2.445e-05,42.0,0.0010269
NEBL/BTC,1640978125857,2021-12-31T19:15:25.857Z,buy,2.456e-05,55.8,0.0013704479999999998
NEBL/BTC,1640978208436,2021-12-31T19:16:48.436Z,sell,2.444e-05,6.9,0.000168636
NEBL/BTC,1640978208436,2021-12-31T19:16:48.436Z,sell,2.442e-05,48.9,0.001194138
NEBL/BTC,1640978216132,2021-12-31T19:16:56.132Z,buy,2.452e-05,6.9,0.000169188
NEBL/BTC,1640978216132,2021-12-31T19:16:56.132Z,buy,2.458e-05,48.5,0.00119213
NEBL/BTC,1640978236557,2021-12-31T19:17:16.557Z,sell,2.444e-05,6.9,0.000168636
NEBL/BTC,1640978236557,2021-12-31T19:17:16.557Z,sell,2.441e-05,48.4,0.0011814439999999998
NEBL/BTC,1640978412559,2021-12-31T19:20:12.559Z,buy,2.452e-05,6.9,0.000169188
NEBL/BTC,1640978412559,2021-12-31T19:20:12.559Z,buy,2.456e-05,47.4,0.001164144
NEBL/BTC,1640978432998,2021-12-31T19:20:32.998Z,sell,2.444e-05,6.9,0.000168636
NEBL/BTC,1640978432998,2021-12-31T19:20:32.998Z,sell,2.443e-05,47.4,0.0011579820000000001
NEBL/BTC,1640979135776,2021-12-31T19:32:15.776Z,buy,2.452e-05,6.9,0.000169188
NEBL/BTC,1640979135776,2021-12-31T19:32:15.776Z,buy,2.456e-05,302.8,0.007436768
NEBL/BTC,1640979135776,2021-12-31T19:32:15.776Z,buy,2.459e-05,55.9,0.001374581
NEBL/BTC,1640979135776,2021-12-31T19:32:15.776Z,buy,2.452e-05,6.9,0.000169188
NEBL/BTC,1640979135776,2021-12-31T19:32:15.776Z,buy,2.456e-05,302.8,0.007436768
NEBL/BTC,1640979135776,2021-12-31T19:32:15.776Z,buy,2.459e-05,55.9,0.001374581
NEBL/BTC,1640980605031,2021-12-31T19:56:45.031Z,buy,2.452e-05,144.0,0.0035308799999999997
NEBL/BTC,1640980857022,2021-12-31T20:00:57.022Z,sell,2.444e-05,6.9,0.000168636
NEBL/BTC,1640980857022,2021-12-31T20:00:57.022Z,sell,2.443e-05,34.9,0.000852607
NEBL/BTC,1640980857022,2021-12-31T20:00:57.022Z,sell,2.442e-05,33.0,0.00080586
NEBL/BTC,1640980857022,2021-12-31T20:00:57.022Z,sell,2.44e-05,5.2,0.00012688
NEBL/BTC,1640980857022,2021-12-31T20:00:57.022Z,sell,2.438e-05,686.6,0.016739308
NEBL/BTC,1640980857022,2021-12-31T20:00:57.022Z,sell,2.437e-05,139.7,0.0034044889999999997
NEBL/BTC,1640980857022,2021-12-31T20:00:57.022Z,sell,2.436e-05,6.9,0.000168084
NEBL/BTC,1640980857022,2021-12-31T20:00:57.022Z,sell,2.435e-05,10.0,0.00024349999999999998
NEBL/BTC,1640980857022,2021-12-31T20:00:57.022Z,sell,2.432e-05,10.5,0.00025536
NEBL/BTC,1640980857022,2021-12-31T20:00:57.022Z,sell,2.431e-05,4.9,0.00011911900000000001
NEBL/BTC,1640980857022,2021-12-31T20:00:57.022Z,sell,2.429e-05,205.8,0.0049988820000000005
NEBL/BTC,1640980857022,2021-12-31T20:00:57.022Z,sell,2.428e-05,6.9,0.00016753200000000002
NEBL/BTC,1640980857022,2021-12-31T20:00:57.022Z,sell,2.427e-05,11.5,0.000279105
NEBL/BTC,1640980857022,2021-12-31T20:00:57.022Z,sell,2.426e-05,8.0,0.00019408
NEBL/BTC,1640980857022,2021-12-31T20:00:57.022Z,sell,2.424e-05,601.4,0.014577935999999998
NEBL/BTC,1640980857022,2021-12-31T20:00:57.022Z,sell,2.422e-05,11.9,0.00028821799999999997
NEBL/BTC,1640980857022,2021-12-31T20:00:57.022Z,sell,2.42e-05,6.9,0.00016698
NEBL/BTC,1640980857022,2021-12-31T20:00:57.022Z,sell,2.416e-05,4.4,0.000106304
NEBL/BTC,1640980857022,2021-12-31T20:00:57.022Z,sell,2.415e-05,4.9,0.00011833500000000001
NEBL/BTC,1640980857022,2021-12-31T20:00:57.022Z,sell,2.414e-05,6218.9,0.150124246
NEBL/BTC,1640980857022,2021-12-31T20:00:57.022Z,sell,2.413e-05,255.3,0.0061603890000000005
NEBL/BTC,1640980857022,2021-12-31T20:00:57.022Z,sell,2.412e-05,288.3,0.006953796
NEBL/BTC,1640980857022,2021-12-31T20:00:57.022Z,sell,2.411e-05,305.0,0.00735355
NEBL/BTC,1640980857022,2021-12-31T20:00:57.022Z,sell,2.41e-05,973.3,0.02345653
NEBL/BTC,1640980857022,2021-12-31T20:00:57.022Z,sell,2.406e-05,5.5,0.00013233
NEBL/BTC,1640980857022,2021-12-31T20:00:57.022Z,sell,2.404e-05,6.9,0.00016587600000000002
NEBL/BTC,1640980857022,2021-12-31T20:00:57.022Z,sell,2.403e-05,146.5,0.003520395
NEBL/BTC,1640980860298,2021-12-31T20:01:00.298Z,sell,2.413e-05,42.2,0.0010182860000000002
NEBL/BTC,1640980861094,2021-12-31T20:01:01.094Z,buy,2.436e-05,6.9,0.000168084
NEBL/BTC,1640980861462,2021-12-31T20:01:01.462Z,buy,2.435e-05,4.9,0.000119315
NEBL/BTC,1640980862049,2021-12-31T20:01:02.049Z,buy,2.428e-05,6.9,0.00016753200000000002
NEBL/BTC,1640980863296,2021-12-31T20:01:03.296Z,buy,2.42e-05,6.9,0.00016698
NEBL/BTC,1640980864067,2021-12-31T20:01:04.067Z,sell,2.413e-05,6.9,0.00016649700000000002
NEBL/BTC,1640980874041,2021-12-31T20:01:14.041Z,sell,2.43e-05,357.4,0.00868482
NEBL/BTC,1640980874041,2021-12-31T20:01:14.041Z,sell,2.429e-05,435.6,0.010580724
NEBL/BTC,1640980874041,2021-12-31T20:01:14.041Z,sell,2.428e-05,6.9,0.00016753200000000002
NEBL/BTC,1640980874041,2021-12-31T20:01:14.041Z,sell,2.42e-05,626.7,0.01516614
NEBL/BTC,1640980874041,2021-12-31T20:01:14.041Z,sell,2.415e-05,4.9,0.00011833500000000001
NEBL/BTC,1640980874041,2021-12-31T20:01:14.041Z,sell,2.412e-05,6.9,0.000166428
NEBL/BTC,1640980874041,2021-12-31T20:01:14.041Z,sell,2.406e-05,33.4,0.000803604
NEBL/BTC,1640980874041,2021-12-31T20:01:14.041Z,sell,2.405e-05,207.5,0.004990375
NEBL/BTC,1640980874041,2021-12-31T20:01:14.041Z,sell,2.404e-05,6.9,0.00016587600000000002
NEBL/BTC,1640980874041,2021-12-31T20:01:14.041Z,sell,2.403e-05,269.6,0.006478488
NEBL/BTC,1640980874041,2021-12-31T20:01:14.041Z,sell,2.401e-05,33.2,0.000797132
NEBL/BTC,1640980874041,2021-12-31T20:01:14.041Z,sell,2.4e-05,261.6,0.006278400000000001
NEBL/BTC,1640980874041,2021-12-31T20:01:14.041Z,sell,2.399e-05,37.4,0.0008972259999999999
NEBL/BTC,1640980874041,2021-12-31T20:01:14.041Z,sell,2.396e-05,225.6,0.005405376
NEBL/BTC,1640980874041,2021-12-31T20:01:14.041Z,sell,2.394e-05,10.5,0.00025137
NEBL/BTC,1640980874041,2021-12-31T20:01:14.041Z,sell,2.393e-05,36.4,0.000871052
NEBL/BTC,1640980874041,2021-12-31T20:01:14.041Z,sell,2.392e-05,57.5,0.0013754000000000001
NEBL/BTC,1640980874041,2021-12-31T20:01:14.041Z,sell,2.389e-05,5.3,0.00012661699999999998
NEBL/BTC,1640980874041,2021-12-31T20:01:14.041Z,sell,2.388e-05,6.9,0.000164772
NEBL/BTC,1640980874041,2021-12-31T20:01:14.041Z,sell,2.385e-05,33.1,0.000789435
NEBL/BTC,1640980874041,2021-12-31T20:01:14.041Z,sell,2.384e-05,42.0,0.00100128
NEBL/BTC,1640980874041,2021-12-31T20:01:14.041Z,sell,2.381e-05,294.9,0.007021569
NEBL/BTC,1640980874041,2021-12-31T20:01:14.041Z,sell,2.38e-05,126.9,0.00302022
NEBL/BTC,1640980874041,2021-12-31T20:01:14.041Z,sell,2.378e-05,10.0,0.00023779999999999998
NEBL/BTC,1640980874041,2021-12-31T20:01:14.041Z,sell,2.377e-05,5.3,0.000125981
NEBL/BTC,1640980874041,2021-12-31T20:01:14.041Z,sell,2.376e-05,18.6,0.00044193600000000003
NEBL/BTC,1640980874041,2021-12-31T20:01:14.041Z,sell,2.375e-05,15.8,0.00037525000000000004
NEBL/BTC,1640980874041,2021-12-31T20:01:14.041Z,sell,2.372e-05,291.6,0.006916752000000001
NEBL/BTC,1640980874041,2021-12-31T20:01:14.041Z,sell,2.37e-05,10.6,0.00025121999999999997
NEBL/BTC,1640980874041,2021-12-31T20:01:14.041Z,sell,2.369e-05,4.9,0.000116081
NEBL/BTC,1640980874041,2021-12-31T20:01:14.041Z,sell,2.368e-05,5.5,0.00013024
NEBL/BTC,1640980874041,2021-12-31T20:01:14.041Z,sell,2.365e-05,22.7,0.0005368549999999999
NEBL/BTC,1640980874041,2021-12-31T20:01:14.041Z,sell,2.364e-05,6.9,0.00016311600000000002
NEBL/BTC,1640980874041,2021-12-31T20:01:14.041Z,sell,2.359e-05,41.9,0.000988421
NEBL/BTC,1640980874041,2021-12-31T20:01:14.041Z,sell,2.358e-05,545.7,0.012867606000000002
NEBL/BTC,1640980874041,2021-12-31T20:01:14.041Z,sell,2.357e-05,5.6,0.000131992
NEBL/BTC,1640980874041,2021-12-31T20:01:14.041Z,sell,2.356e-05,6.9,0.00016256400000000002
NEBL/BTC,1640980874041,2021-12-31T20:01:14.041Z,sell,2.355e-05,14.8,0.00034854
NEBL/BTC,1640980874041,2021-12-31T20:01:14.041Z,sell,2.354e-05,32.1,0.000755634
NEBL/BTC,1640980874041,2021-12-31T20:01:14.041Z,sell,2.353e-05,51.1,0.001202383
NEBL/BTC,1640980874041,2021-12-31T20:01:14.041Z,sell,2.35e-05,100.0,0.0023499999999999997
NEBL/BTC,1640980874041,2021-12-31T20:01:14.041Z,sell,2.348e-05,12.2,0.000286456
NEBL/BTC,1640980874041,2021-12-31T20:01:14.041Z,sell,2.345e-05,643.0,0.01507835
NEBL/BTC,1640980874041,2021-12-31T20:01:14.041Z,sell,2.344e-05,1706.0,0.03998864
NEBL/BTC,1640980874041,2021-12-31T20:01:14.041Z,sell,2.343e-05,5.6,0.000131208
NEBL/BTC,1640980874041,2021-12-31T20:01:14.041Z,sell,2.342e-05,468.8,0.010979296
NEBL/BTC,1640980874041,2021-12-31T20:01:14.041Z,sell,2.341e-05,7.1,0.000166211
NEBL/BTC,1640980874041,2021-12-31T20:01:14.041Z,sell,2.34e-05,120.2,0.00281268
NEBL/BTC,1640980874041,2021-12-31T20:01:14.041Z,sell,2.339e-05,4.9,0.00011461100000000002
NEBL/BTC,1640980874041,2021-12-31T20:01:14.041Z,sell,2.336e-05,147.0,0.00343392
NEBL/BTC,1640980874041,2021-12-31T20:01:14.041Z,sell,2.333e-05,8.0,0.00018664
NEBL/BTC,1640980874041,2021-12-31T20:01:14.041Z,sell,2.332e-05,16.9,0.00039410799999999995
NEBL/BTC,1640980874041,2021-12-31T20:01:14.041Z,sell,2.327e-05,6.0,0.00013962
NEBL/BTC,1640980874041,2021-12-31T20:01:14.041Z,sell,2.324e-05,2441.0,0.05672884
NEBL/BTC,1640980874041,2021-12-31T20:01:14.041Z,sell,2.32e-05,96.2,0.00223184
NEBL/BTC,1640980874041,2021-12-31T20:01:14.041Z,sell,2.32e-05,360.0,0.008352
NEBL/BTC,1640980874041,2021-12-31T20:01:14.041Z,sell,2.32e-05,226.3,0.00525016
NEBL/BTC,1640980874041,2021-12-31T20:01:14.041Z,sell,2.32e-05,207.7,0.00481864
NEBL/BTC,1640980874041,2021-12-31T20:01:14.041Z,sell,2.32e-05,207.7,0.00481864
NEBL/BTC,1640980874051,2021-12-31T20:01:14.051Z,buy,2.321e-05,999.0,0.02318679
NEBL/BTC,1640980874052,2021-12-31T20:01:14.052Z,buy,2.322e-05,7.8,0.00018111600000000002
NEBL/BTC,1640980874052,2021-12-31T20:01:14.052Z,buy,2.326e-05,138.9,0.0032308140000000003
NEBL/BTC,1640980874052,2021-12-31T20:01:14.052Z,buy,2.39e-05,67.0,0.0016013000000000002
NEBL/BTC,1640980874052,2021-12-31T20:01:14.052Z,buy,2.394e-05,9.3,0.00022264200000000003
NEBL/BTC,1640980874052,2021-12-31T20:01:14.052Z,buy,2.398e-05,72.4,0.0017361520000000001
NEBL/BTC,1640980874052,2021-12-31T20:01:14.052Z,buy,2.398e-05,27.0,0.00064746
NEBL/BTC,1640980874138,2021-12-31T20:01:14.138Z,buy,2.427e-05,20.8,0.000504816
NEBL/BTC,1640980874228,2021-12-31T20:01:14.228Z,sell,2.413e-05,42.6,0.0010279380000000002
NEBL/BTC,1640980874230,2021-12-31T20:01:14.230Z,sell,2.413e-05,41.9,0.001011047
NEBL/BTC,1640980874280,2021-12-31T20:01:14.280Z,sell,2.413e-05,9.0,0.00021717
NEBL/BTC,1640980874280,2021-12-31T20:01:14.280Z,sell,2.41e-05,107.7,0.00259557
NEBL/BTC,1640980874290,2021-12-31T20:01:14.290Z,buy,2.41e-05,9.2,0.00022171999999999998
NEBL/BTC,1640980874290,2021-12-31T20:01:14.290Z,sell,2.408e-05,99.4,0.002393552
NEBL/BTC,1640980874324,2021-12-31T20:01:14.324Z,buy,2.389e-05,4.6,0.00010989399999999999
NEBL/BTC,1640980874393,2021-12-31T20:01:14.393Z,buy,2.389e-05,4.6,0.00010989399999999999
NEBL/BTC,1640980874883,2021-12-31T20:01:14.883Z,buy,2.388e-05,256.0,0.00611328
NEBL/BTC,1640980874886,2021-12-31T20:01:14.886Z,buy,2.388e-05,101.4,0.002421432
NEBL/BTC,1640980874886,2021-12-31T20:01:14.886Z,buy,2.389e-05,95.6,0.002283884
NEBL/BTC,1640980874897,2021-12-31T20:01:14.897Z,buy,2.389e-05,21.0,0.00050169
NEBL/BTC,1640980874954,2021-12-31T20:01:14.954Z,buy,2.389e-05,29.2,0.000697588
NEBL/BTC,1640980875134,2021-12-31T20:01:15.134Z,buy,2.389e-05,251.3,0.0060035570000000005
NEBL/BTC,1640980875343,2021-12-31T20:01:15.343Z,buy,2.389e-05,46.7,0.001115663
NEBL/BTC,1640980875343,2021-12-31T20:01:15.343Z,buy,2.397e-05,204.6,0.0049042619999999995
NEBL/BTC,1640980875948,2021-12-31T20:01:15.948Z,buy,2.355e-05,10.0,0.0002355
NEBL/BTC,1640980876235,2021-12-31T20:01:16.235Z,buy,2.378e-05,10.0,0.00023779999999999998
NEBL/BTC,1640980876235,2021-12-31T20:01:16.235Z,buy,2.397e-05,215.2,0.005158344
NEBL/BTC,1640980876235,2021-12-31T20:01:16.235Z,buy,2.401e-05,10.0,0.00024009999999999998
NEBL/BTC,1640980876235,2021-12-31T20:01:16.235Z,buy,2.41e-05,36.4,0.0008772399999999999
NEBL/BTC,1640980876235,2021-12-31T20:01:16.235Z,buy,2.411e-05,300.0,0.007233000000000001
NEBL/BTC,1640980876241,2021-12-31T20:01:16.241Z,sell,2.415e-05,97.0,0.00234255
NEBL/BTC,1640980876243,2021-12-31T20:01:16.243Z,sell,2.415e-05,97.0,0.00234255
NEBL/BTC,1640980876243,2021-12-31T20:01:16.243Z,sell,2.415e-05,14.6,0.00035259
NEBL/BTC,1640980876247,2021-12-31T20:01:16.247Z,sell,2.415e-05,660.0,0.015939000000000002
NEBL/BTC,1640980876322,2021-12-31T20:01:16.322Z,sell,2.415e-05,8.0,0.0001932
NEBL/BTC,1640980877150,2021-12-31T20:01:17.150Z,sell,2.415e-05,6.9,0.00016663500000000002
NEBL/BTC,1640980877934,2021-12-31T20:01:17.934Z,sell,2.415e-05,6.9,0.00016663500000000002
NEBL/BTC,1640980878704,2021-12-31T20:01:18.704Z,sell,2.415e-05,6.9,0.00016663500000000002
NEBL/BTC,1640980879488,2021-12-31T20:01:19.488Z,sell,2.415e-05,6.9,0.00016663500000000002
NEBL/BTC,1640980879693,2021-12-31T20:01:19.693Z,sell,2.415e-05,4.9,0.00011833500000000001
NEBL/BTC,1640980879780,2021-12-31T20:01:19.780Z,sell,2.415e-05,4.9,0.00011833500000000001
NEBL/BTC,1640980880094,2021-12-31T20:01:20.094Z,sell,2.415e-05,4.9,0.00011833500000000001
NEBL/BTC,1640980880312,2021-12-31T20:01:20.312Z,sell,2.415e-05,6.9,0.00016663500000000002
NEBL/BTC,1640980881097,2021-12-31T20:01:21.097Z,sell,2.415e-05,6.9,0.00016663500000000002
NEBL/BTC,1640980881150,2021-12-31T20:01:21.150Z,sell,2.415e-05,4.9,0.00011833500000000001
NEBL/BTC,1640980881277,2021-12-31T20:01:21.277Z,sell,2.415e-05,4.9,0.00011833500000000001
NEBL/BTC,1640980882736,2021-12-31T20:01:22.736Z,sell,2.415e-05,6.9,0.00016663500000000002
NEBL/BTC,1640980882831,2021-12-31T20:01:22.831Z,sell,2.415e-05,2317.3,0.05596279500000001
NEBL/BTC,1640980882831,2021-12-31T20:01:22.831Z,sell,2.381e-05,353.7,0.008421597
NEBL/BTC,1640980882831,2021-12-31T20:01:22.831Z,sell,2.38e-05,5.5,0.00013089999999999998
NEBL/BTC,1640980882831,2021-12-31T20:01:22.831Z,sell,2.378e-05,10.0,0.00023779999999999998
NEBL/BTC,1640980882831,2021-12-31T20:01:22.831Z,sell,2.356e-05,1309.0,0.030840040000000003
NEBL/BTC,1640980882831,2021-12-31T20:01:22.831Z,sell,2.355e-05,10.0,0.0002355
NEBL/BTC,1640980882831,2021-12-31T20:01:22.831Z,sell,2.35e-05,331.6,0.0077926
NEBL/BTC,1640980882831,2021-12-31T20:01:22.831Z,sell,2.348e-05,2910.1,0.06832914799999999
NEBL/BTC,1640980882831,2021-12-31T20:01:22.831Z,sell,2.345e-05,163.7,0.003838765
NEBL/BTC,1640980882831,2021-12-31T20:01:22.831Z,sell,2.344e-05,42.5,0.0009962
NEBL/BTC,1640980882831,2021-12-31T20:01:22.831Z,sell,2.34e-05,8.5,0.0001989
NEBL/BTC,1640980882831,2021-12-31T20:01:22.831Z,sell,2.338e-05,2538.1,0.059340778
NEBL/BTC,1640980882854,2021-12-31T20:01:22.854Z,sell,2.339e-05,132.0,0.00308748
NEBL/BTC,1640980882856,2021-12-31T20:01:22.856Z,sell,2.34e-05,213.8,0.00500292
NEBL/BTC,1640980882857,2021-12-31T20:01:22.857Z,sell,2.34e-05,117.8,0.0027565199999999997
NEBL/BTC,1640980882857,2021-12-31T20:01:22.857Z,sell,2.339e-05,85.2,0.0019928280000000003
NEBL/BTC,1640980883257,2021-12-31T20:01:23.257Z,sell,2.341e-05,5.3,0.000124073
NEBL/BTC,1640980883257,2021-12-31T20:01:23.257Z,sell,2.339e-05,331.6,0.007756124000000001
NEBL/BTC,1640980883257,2021-12-31T20:01:23.257Z,sell,2.336e-05,435.8,0.010180288000000001
NEBL/BTC,1640980883257,2021-12-31T20:01:23.257Z,sell,2.334e-05,2.3,5.3682e-05
NEBL/BTC,1640980883765,2021-12-31T20:01:23.765Z,buy,2.358e-05,4.9,0.00011554200000000001
NEBL/BTC,1640980884105,2021-12-31T20:01:24.105Z,buy,2.356e-05,4.9,0.00011544400000000001
NEBL/BTC,1640980884389,2021-12-31T20:01:24.389Z,buy,2.356e-05,2.0,4.712e-05
NEBL/BTC,1640980884645,2021-12-31T20:01:24.645Z,buy,2.358e-05,60.0,0.0014148000000000001
NEBL/BTC,1640980884811,2021-12-31T20:01:24.811Z,buy,2.358e-05,292.5,0.00689715
NEBL/BTC,1640980885178,2021-12-31T20:01:25.178Z,sell,2.354e-05,4.9,0.00011534600000000002
NEBL/BTC,1640980885242,2021-12-31T20:01:25.242Z,buy,2.348e-05,2.0,4.696e-05
NEBL/BTC,1640980885242,2021-12-31T20:01:25.242Z,buy,2.356e-05,357.4,0.008420344
NEBL/BTC,1640980887235,2021-12-31T20:01:27.235Z,buy,2.34e-05,6.9,0.00016146000000000002
NEBL/BTC,1640980888855,2021-12-31T20:01:28.855Z,sell,2.339e-05,4.9,0.00011461100000000002
NEBL/BTC,1640980888855,2021-12-31T20:01:28.855Z,sell,2.335e-05,2.0,4.67e-05
NEBL/BTC,1640980890865,2021-12-31T20:01:30.865Z,buy,2.356e-05,6.9,0.00016256400000000002
NEBL/BTC,1640980890970,2021-12-31T20:01:30.970Z,sell,2.342e-05,357.4,0.008370308
NEBL/BTC,1640980890970,2021-12-31T20:01:30.970Z,sell,2.341e-05,331.6,0.007762756000000001
NEBL/BTC,1640980890970,2021-12-31T20:01:30.970Z,sell,2.337e-05,339.4,0.007931778
NEBL/BTC,1640980890970,2021-12-31T20:01:30.970Z,sell,2.334e-05,397.7,0.009282318
NEBL/BTC,1640980890970,2021-12-31T20:01:30.970Z,sell,2.333e-05,8.0,0.00018664
NEBL/BTC,1640980890970,2021-12-31T20:01:30.970Z,sell,2.332e-05,10.0,0.0002332
NEBL/BTC,1640980890970,2021-12-31T20:01:30.970Z,sell,2.329e-05,1041.0,0.024244889999999998
NEBL/BTC,1640980890970,2021-12-31T20:01:30.970Z,sell,2.328e-05,7514.9,0.174946872
NEBL/BTC,1640980890996,2021-12-31T20:01:30.996Z,buy,2.355e-05,1.3,3.0615000000000004e-05
NEBL/BTC,1640980892084,2021-12-31T20:01:32.084Z,buy,2.354e-05,6.9,0.00016242600000000002
NEBL/BTC,1640980892863,2021-12-31T20:01:32.863Z,buy,2.354e-05,6.9,0.00016242600000000002
NEBL/BTC,1640980893006,2021-12-31T20:01:33.006Z,buy,2.354e-05,16.5,0.00038841
NEBL/BTC,1640980896877,2021-12-31T20:01:36.877Z,buy,2.354e-05,6.9,0.00016242600000000002
NEBL/BTC,1640980897933,2021-12-31T20:01:37.933Z,buy,2.354e-05,6.9,0.00016242600000000002
NEBL/BTC,1640980898758,2021-12-31T20:01:38.758Z,buy,2.354e-05,6.9,0.00016242600000000002
NEBL/BTC,1640980900675,2021-12-31T20:01:40.675Z,buy,2.354e-05,6.9,0.00016242600000000002
NEBL/BTC,1640980900729,2021-12-31T20:01:40.729Z,buy,2.354e-05,352.2,0.008290788
NEBL/BTC,1640980900729,2021-12-31T20:01:40.729Z,buy,2.355e-05,10.0,0.0002355
NEBL/BTC,1640980906393,2021-12-31T20:01:46.393Z,buy,2.358e-05,362.3,0.008543034000000001
NEBL/BTC,1640980906393,2021-12-31T20:01:46.393Z,buy,2.359e-05,116.2,0.002741158
NEBL/BTC,1640980906509,2021-12-31T20:01:46.509Z,buy,2.36e-05,21.2,0.00050032
NEBL/BTC,1640980906656,2021-12-31T20:01:46.656Z,buy,2.36e-05,242.8,0.00573008
NEBL/BTC,1640980906656,2021-12-31T20:01:46.656Z,buy,2.361e-05,37.1,0.000875931
NEBL/BTC,1640980907026,2021-12-31T20:01:47.026Z,buy,2.363e-05,8.5,0.000200855
NEBL/BTC,1640980907026,2021-12-31T20:01:47.026Z,buy,2.367e-05,42.5,0.0010059749999999999
NEBL/BTC,1640980907279,2021-12-31T20:01:47.279Z,buy,2.359e-05,62.4,0.001472016
NEBL/BTC,1640980910558,2021-12-31T20:01:50.558Z,sell,2.354e-05,8.5,0.00020009000000000002
NEBL/BTC,1640980910558,2021-12-31T20:01:50.558Z,sell,2.348e-05,6.9,0.000162012
NEBL/BTC,1640980910558,2021-12-31T20:01:50.558Z,sell,2.34e-05,6.9,0.00016146000000000002
NEBL/BTC,1640980910558,2021-12-31T20:01:50.558Z,sell,2.335e-05,357.4,0.008345289999999998
NEBL/BTC,1640980910558,2021-12-31T20:01:50.558Z,sell,2.334e-05,66.1,0.0015427739999999998
NEBL/BTC,1640980910558,2021-12-31T20:01:50.558Z,sell,2.332e-05,16.9,0.00039410799999999995
NEBL/BTC,1640980910558,2021-12-31T20:01:50.558Z,sell,2.329e-05,106.6,0.0024827139999999996
NEBL/BTC,1640980910558,2021-12-31T20:01:50.558Z,sell,2.325e-05,387.1,0.009000075
NEBL/BTC,1640980910558,2021-12-31T20:01:50.558Z,sell,2.324e-05,642.8,0.014938672
NEBL/BTC,1640980910558,2021-12-31T20:01:50.558Z,sell,2.321e-05,360.2,0.008360242
NEBL/BTC,1640980910558,2021-12-31T20:01:50.558Z,sell,2.32e-05,1066.4,0.024740480000000002
NEBL/BTC,1640980910558,2021-12-31T20:01:50.558Z,sell,2.319e-05,540.8,0.012541151999999998
NEBL/BTC,1640980910558,2021-12-31T20:01:50.558Z,sell,2.316e-05,34.5,0.0007990199999999999
NEBL/BTC,1640980910558,2021-12-31T20:01:50.558Z,sell,2.313e-05,50.1,0.001158813
NEBL/BTC,1640980910558,2021-12-31T20:01:50.558Z,sell,2.311e-05,22.1,0.000510731
NEBL/BTC,1640980910558,2021-12-31T20:01:50.558Z,sell,2.31e-05,704.9,0.01628319
NEBL/BTC,1640980910558,2021-12-31T20:01:50.558Z,sell,2.308e-05,16.9,0.00039005199999999994
NEBL/BTC,1640980910558,2021-12-31T20:01:50.558Z,sell,2.307e-05,5.7,0.000131499
NEBL/BTC,1640980910558,2021-12-31T20:01:50.558Z,sell,2.305e-05,368.1,0.008484705
NEBL/BTC,1640980910558,2021-12-31T20:01:50.558Z,sell,2.303e-05,35.1,0.000808353
NEBL/BTC,1640980910566,2021-12-31T20:01:50.566Z,buy,2.307e-05,55.1,0.0012711570000000002
NEBL/BTC,1640980910567,2021-12-31T20:01:50.567Z,buy,2.307e-05,55.1,0.0012711570000000002
NEBL/BTC,1640980910574,2021-12-31T20:01:50.574Z,buy,2.307e-05,12.9,0.000297603
NEBL/BTC,1640980910574,2021-12-31T20:01:50.574Z,buy,2.307e-05,16.9,0.000389883
NEBL/BTC,1640980911528,2021-12-31T20:01:51.528Z,sell,2.339e-05,4.9,0.00011461100000000002
NEBL/BTC,1640980911661,2021-12-31T20:01:51.661Z,sell,2.319e-05,357.4,0.008288106
NEBL/BTC,1640980911661,2021-12-31T20:01:51.661Z,sell,2.318e-05,73.4,0.0017014120000000002
NEBL/BTC,1640980911661,2021-12-31T20:01:51.661Z,sell,2.313e-05,140.0,0.0032382
NEBL/BTC,1640980911661,2021-12-31T20:01:51.661Z,sell,2.303e-05,75.2,0.0017318560000000002
NEBL/BTC,1640980911661,2021-12-31T20:01:51.661Z,sell,2.301e-05,18.5,0.00042568500000000003
NEBL/BTC,1640980911661,2021-12-31T20:01:51.661Z,sell,2.3e-05,6.9,0.0001587
NEBL/BTC,1640980911661,2021-12-31T20:01:51.661Z,sell,2.297e-05,61.0,0.00140117
NEBL/BTC,1640980911661,2021-12-31T20:01:51.661Z,sell,2.295e-05,115.6,0.00265302
NEBL/BTC,1640980911661,2021-12-31T20:01:51.661Z,sell,2.293e-05,182.8,0.004191604
NEBL/BTC,1640980911661,2021-12-31T20:01:51.661Z,sell,2.292e-05,24.3,0.000556956
NEBL/BTC,1640980911661,2021-12-31T20:01:51.661Z,sell,2.29e-05,135.1,0.00309379
NEBL/BTC,1640980911661,2021-12-31T20:01:51.661Z,sell,2.287e-05,29.1,0.000665517
NEBL/BTC,1640980911670,2021-12-31T20:01:51.670Z,buy,2.3e-05,5.4,0.0001242
NEBL/BTC,1640980911677,2021-12-31T20:01:51.677Z,buy,2.332e-05,5.1,0.00011893199999999999
NEBL/BTC,1640980911677,2021-12-31T20:01:51.677Z,buy,2.349e-05,9.8,0.00023020200000000002
NEBL/BTC,1640980911698,2021-12-31T20:01:51.698Z,buy,2.349e-05,6.4,0.00015033600000000002
NEBL/BTC,1640980911708,2021-12-31T20:01:51.708Z,buy,2.349e-05,6.8,0.000159732
NEBL/BTC,1640980911715,2021-12-31T20:01:51.715Z,buy,2.349e-05,22.5,0.000528525
NEBL/BTC,1640980911723,2021-12-31T20:01:51.723Z,buy,2.349e-05,18.3,0.000429867
NEBL/BTC,1640980911739,2021-12-31T20:01:51.739Z,buy,2.349e-05,25.5,0.0005989950000000001
NEBL/BTC,1640980911745,2021-12-31T20:01:51.745Z,buy,2.349e-05,4.3,0.000101007
NEBL/BTC,1640980911748,2021-12-31T20:01:51.748Z,buy,2.349e-05,21.2,0.000497988
NEBL/BTC,1640980911750,2021-12-31T20:01:51.750Z,buy,2.349e-05,29.7,0.000697653
NEBL/BTC,1640980911751,2021-12-31T20:01:51.751Z,buy,2.349e-05,16.1,0.000378189
NEBL/BTC,1640980911752,2021-12-31T20:01:51.752Z,buy,2.349e-05,4.3,0.000101007
NEBL/BTC,1640980911752,2021-12-31T20:01:51.752Z,buy,2.349e-05,4.3,0.000101007
NEBL/BTC,1640980911780,2021-12-31T20:01:51.780Z,buy,2.349e-05,46.6,0.0010946340000000001
NEBL/BTC,1640980911945,2021-12-31T20:01:51.945Z,buy,2.332e-05,21.2,0.000494384
NEBL/BTC,1640980912130,2021-12-31T20:01:52.130Z,buy,2.316e-05,182.8,0.004233648
NEBL/BTC,1640980912186,2021-12-31T20:01:52.186Z,buy,2.313e-05,14.8,0.000342324
NEBL/BTC,1640980914142,2021-12-31T20:01:54.142Z,buy,2.32e-05,33.4,0.00077488
NEBL/BTC,1640980915440,2021-12-31T20:01:55.440Z,buy,2.314e-05,4.9,0.000113386
NEBL/BTC,1640980916257,2021-12-31T20:01:56.257Z,buy,2.316e-05,6.9,0.000159804
NEBL/BTC,1640980916257,2021-12-31T20:01:56.257Z,buy,2.323e-05,86.2,0.002002426
NEBL/BTC,1640980916490,2021-12-31T20:01:56.490Z,buy,2.323e-05,92.7,0.002153421
NEBL/BTC,1640980916655,2021-12-31T20:01:56.655Z,buy,2.308e-05,6.9,0.000159252
NEBL/BTC,1640980917416,2021-12-31T20:01:57.416Z,sell,2.303e-05,6.9,0.00015890700000000002
NEBL/BTC,1640980918536,2021-12-31T20:01:58.536Z,sell,2.303e-05,350.5,0.008072015
NEBL/BTC,1640980918536,2021-12-31T20:01:58.536Z,sell,2.301e-05,9.5,0.000218595
NEBL/BTC,1640980919253,2021-12-31T20:01:59.253Z,buy,2.323e-05,93.2,0.002165036
NEBL/BTC,1640980920271,2021-12-31T20:02:00.271Z,buy,2.323e-05,33.5,0.000778205
NEBL/BTC,1640980920410,2021-12-31T20:02:00.410Z,buy,2.323e-05,51.8,0.0012033139999999998
NEBL/BTC,1640980920410,2021-12-31T20:02:00.410Z,buy,2.324e-05,14.0,0.00032536
NEBL/BTC,1640980922673,2021-12-31T20:02:02.673Z,buy,2.323e-05,4.4,0.000102212
NEBL/BTC,1640980935992,2021-12-31T20:02:15.992Z,buy,2.317e-05,16.6,0.00038462200000000005
NEBL/BTC,1640980947877,2021-12-31T20:02:27.877Z,buy,2.322e-05,17.4,0.000404028
NEBL/BTC,1640980947877,2021-12-31T20:02:27.877Z,buy,2.323e-05,1.6,3.7168e-05
NEBL/BTC,1640980950680,2021-12-31T20:02:30.680Z,buy,2.323e-05,355.8,0.008265234
NEBL/BTC,1640980950680,2021-12-31T20:02:30.680Z,buy,2.324e-05,66.3,0.001540812
NEBL/BTC,1640980991668,2021-12-31T20:03:11.668Z,buy,2.329e-05,4.9,0.000114121
NEBL/BTC,1640980991758,2021-12-31T20:03:11.758Z,buy,2.332e-05,46.7,0.0010890440000000002
NEBL/BTC,1640980991758,2021-12-31T20:03:11.758Z,buy,2.339e-05,137.2,0.003209108
NEBL/BTC,1640980992786,2021-12-31T20:03:12.786Z,sell,2.339e-05,120.3,0.002813817
NEBL/BTC,1640980998917,2021-12-31T20:03:18.917Z,buy,2.34e-05,6.9,0.00016146000000000002
NEBL/BTC,1640980998917,2021-12-31T20:03:18.917Z,buy,2.343e-05,32.5,0.0007614750000000001
NEBL/BTC,1640980998917,2021-12-31T20:03:18.917Z,buy,2.348e-05,6.9,0.000162012
NEBL/BTC,1640980998917,2021-12-31T20:03:18.917Z,buy,2.352e-05,1065.2,0.025053504
NEBL/BTC,1640980998917,2021-12-31T20:03:18.917Z,buy,2.354e-05,12.9,0.000303666
NEBL/BTC,1640980998917,2021-12-31T20:03:18.917Z,buy,2.355e-05,10.0,0.0002355
NEBL/BTC,1640980998917,2021-12-31T20:03:18.917Z,buy,2.356e-05,6.9,0.00016256400000000002
NEBL/BTC,1640980998917,2021-12-31T20:03:18.917Z,buy,2.357e-05,78.8,0.001857316
NEBL/BTC,1640981003774,2021-12-31T20:03:23.774Z,sell,2.348e-05,6.9,0.000162012
NEBL/BTC,1640981007787,2021-12-31T20:03:27.787Z,sell,2.341e-05,357.4,0.008366734
NEBL/BTC,1640981007787,2021-12-31T20:03:27.787Z,sell,2.34e-05,15.3,0.00035802
NEBL/BTC,1640981007787,2021-12-31T20:03:27.787Z,sell,2.339e-05,40.7,0.0009519730000000002
NEBL/BTC,1640981009746,2021-12-31T20:03:29.746Z,buy,2.335e-05,7.0,0.00016345
NEBL/BTC,1640981009746,2021-12-31T20:03:29.746Z,buy,2.348e-05,6.9,0.000162012
NEBL/BTC,1640981009746,2021-12-31T20:03:29.746Z,buy,2.354e-05,357.4,0.008413196
NEBL/BTC,1640981009746,2021-12-31T20:03:29.746Z,buy,2.355e-05,620.9,0.014622195
NEBL/BTC,1640981009752,2021-12-31T20:03:29.752Z,sell,2.355e-05,246.9,0.005814495
NEBL/BTC,1640981009754,2021-12-31T20:03:29.754Z,sell,2.355e-05,5.6,0.00013188
NEBL/BTC,1640981009754,2021-12-31T20:03:29.754Z,sell,2.355e-05,16.9,0.00039799499999999995
NEBL/BTC,1640981009755,2021-12-31T20:03:29.755Z,sell,2.355e-05,165.0,0.00388575
NEBL/BTC,1640981009755,2021-12-31T20:03:29.755Z,sell,2.355e-05,165.0,0.00388575
NEBL/BTC,1640981009867,2021-12-31T20:03:29.867Z,sell,2.355e-05,246.9,0.005814495
NEBL/BTC,1640981010338,2021-12-31T20:03:30.338Z,sell,2.355e-05,490.8,0.01155834
NEBL/BTC,1640981010778,2021-12-31T20:03:30.778Z,sell,2.341e-05,8.4,0.00019664400000000002
NEBL/BTC,1640981010778,2021-12-31T20:03:30.778Z,sell,2.34e-05,6.9,0.00016146000000000002
NEBL/BTC,1640981011183,2021-12-31T20:03:31.183Z,sell,2.339e-05,147.7,0.003454703
NEBL/BTC,1640981068830,2021-12-31T20:04:28.830Z,sell,2.344e-05,30.5,0.00071492
NEBL/BTC,1640981068830,2021-12-31T20:04:28.830Z,sell,2.342e-05,50.5,0.00118271
NEBL/BTC,1640981078835,2021-12-31T20:04:38.835Z,sell,2.342e-05,80.0,0.0018736
NEBL/BTC,1640981085931,2021-12-31T20:04:45.931Z,buy,2.348e-05,6.9,0.000162012
NEBL/BTC,1640981085931,2021-12-31T20:04:45.931Z,buy,2.351e-05,18.7,0.000439637
NEBL/BTC,1640981125008,2021-12-31T20:05:25.008Z,sell,2.344e-05,357.4,0.008377455999999998
NEBL/BTC,1640981125008,2021-12-31T20:05:25.008Z,sell,2.343e-05,30.5,0.000714615
NEBL/BTC,1640981125008,2021-12-31T20:05:25.008Z,sell,2.342e-05,1178.1,0.027591101999999996
NEBL/BTC,1640981173346,2021-12-31T20:06:13.346Z,buy,2.351e-05,40.4,0.000949804
NEBL/BTC,1640981173684,2021-12-31T20:06:13.684Z,buy,2.346e-05,20.8,0.000487968
NEBL/BTC,1640981176091,2021-12-31T20:06:16.091Z,sell,2.343e-05,357.4,0.008373882
NEBL/BTC,1640981176091,2021-12-31T20:06:16.091Z,sell,2.342e-05,2.4,5.6207999999999994e-05
NEBL/BTC,1640981177892,2021-12-31T20:06:17.892Z,sell,2.343e-05,186.7,0.004374381
NEBL/BTC,1640981181520,2021-12-31T20:06:21.520Z,buy,2.351e-05,12.7,0.000298577
NEBL/BTC,1640981198239,2021-12-31T20:06:38.239Z,buy,2.351e-05,304.3,0.007154093
NEBL/BTC,1640981198239,2021-12-31T20:06:38.239Z,buy,2.352e-05,233.2,0.005484863999999999
NEBL/BTC,1640981198239,2021-12-31T20:06:38.239Z,buy,2.353e-05,8.4,0.000197652
NEBL/BTC,1640981350921,2021-12-31T20:09:10.921Z,buy,2.356e-05,6.9,0.00016256400000000002
NEBL/BTC,1640981350921,2021-12-31T20:09:10.921Z,buy,2.358e-05,4.9,0.00011554200000000001
NEBL/BTC,1640981350921,2021-12-31T20:09:10.921Z,buy,2.364e-05,14.8,0.00034987200000000004
NEBL/BTC,1640981350921,2021-12-31T20:09:10.921Z,buy,2.368e-05,357.4,0.008463232
NEBL/BTC,1640981350921,2021-12-31T20:09:10.921Z,buy,2.371e-05,397.7,0.009429467
NEBL/BTC,1640981350921,2021-12-31T20:09:10.921Z,buy,2.372e-05,90.3,0.002141916
NEBL/BTC,1640981350921,2021-12-31T20:09:10.921Z,buy,2.373e-05,153.2,0.003635436
NEBL/BTC,1640981433307,2021-12-31T20:10:33.307Z,sell,2.367e-05,2038.0,0.04823946
NEBL/BTC,1640981433466,2021-12-31T20:10:33.466Z,sell,2.368e-05,366.3,0.008673984000000001
NEBL/BTC,1640981433466,2021-12-31T20:10:33.466Z,sell,2.367e-05,86.7,0.002052189
NEBL/BTC,1640981433809,2021-12-31T20:10:33.809Z,sell,2.368e-05,183.6,0.004347648
NEBL/BTC,1640981433809,2021-12-31T20:10:33.809Z,sell,2.367e-05,542.3,0.012836240999999998
NEBL/BTC,1640981434124,2021-12-31T20:10:34.124Z,sell,2.367e-05,285.9,0.006767252999999999
NEBL/BTC,1640981464864,2021-12-31T20:11:04.864Z,sell,2.367e-05,20.4,0.00048286799999999996
NEBL/BTC,1640981483281,2021-12-31T20:11:23.281Z,buy,2.37e-05,254.2,0.00602454
NEBL/BTC,1640981491070,2021-12-31T20:11:31.070Z,sell,2.368e-05,16.0,0.00037888
NEBL/BTC,1640981638756,2021-12-31T20:13:58.756Z,buy,2.372e-05,20.0,0.0004744
NEBL/BTC,1640981763233,2021-12-31T20:16:03.233Z,sell,2.37e-05,68.0,0.0016116
NEBL/BTC,1640981774552,2021-12-31T20:16:14.552Z,buy,2.372e-05,52.1,0.001235812
NEBL/BTC,1640981787022,2021-12-31T20:16:27.022Z,sell,2.37e-05,383.5,0.00908895
NEBL/BTC,1640981841425,2021-12-31T20:17:21.425Z,buy,2.372e-05,302.6,0.007177672
NEBL/BTC,1640981841436,2021-12-31T20:17:21.436Z,buy,2.373e-05,571.2,0.013554576000000002
NEBL/BTC,1640981918178,2021-12-31T20:18:38.178Z,sell,2.374e-05,143.8,0.0034138120000000004
NEBL/BTC,1640981964536,2021-12-31T20:19:24.536Z,sell,2.376e-05,24.2,0.000574992
NEBL/BTC,1640981964697,2021-12-31T20:19:24.697Z,sell,2.376e-05,4.4,0.00010454400000000001
NEBL/BTC,1640982166579,2021-12-31T20:22:46.579Z,buy,2.378e-05,10.0,0.00023779999999999998
NEBL/BTC,1640982253408,2021-12-31T20:24:13.408Z,buy,2.38e-05,380.9,0.00906542
NEBL/BTC,1640982253414,2021-12-31T20:24:13.414Z,buy,2.381e-05,638.4,0.015200304
NEBL/BTC,1640982362185,2021-12-31T20:26:02.185Z,sell,2.381e-05,30.5,0.0007262050000000001
NEBL/BTC,1640982496359,2021-12-31T20:28:16.359Z,buy,2.382e-05,6.0,0.00014292
NEBL/BTC,1640982507565,2021-12-31T20:28:27.565Z,buy,2.388e-05,11.8,0.000281784
NEBL/BTC,1640982519625,2021-12-31T20:28:39.625Z,buy,2.396e-05,14.0,0.00033544
NEBL/BTC,1640982519625,2021-12-31T20:28:39.625Z,buy,2.4e-05,364.7,0.0087528
NEBL/BTC,1640982549547,2021-12-31T20:29:09.547Z,buy,2.4e-05,1.3,3.12e-05
NEBL/BTC,1640982549547,2021-12-31T20:29:09.547Z,buy,2.401e-05,92.5,0.002220925
NEBL/BTC,1640982589869,2021-12-31T20:29:49.869Z,sell,2.401e-05,95.5,0.0022929549999999997
NEBL/BTC,1640982623883,2021-12-31T20:30:23.883Z,sell,2.389e-05,21.2,0.0005064679999999999
NEBL/BTC,1640982639357,2021-12-31T20:30:39.357Z,buy,2.399e-05,5.0,0.00011994999999999999
NEBL/BTC,1640982673023,2021-12-31T20:31:13.023Z,buy,2.4e-05,5.0,0.00012
NEBL/BTC,1640982679074,2021-12-31T20:31:19.074Z,buy,2.4e-05,15.8,0.0003792
NEBL/BTC,1640982687929,2021-12-31T20:31:27.929Z,buy,2.404e-05,6.9,0.00016587600000000002
NEBL/BTC,1640982687929,2021-12-31T20:31:27.929Z,buy,2.405e-05,4.9,0.00011784500000000001
NEBL/BTC,1640982687929,2021-12-31T20:31:27.929Z,buy,2.407e-05,5.3,0.00012757100000000002
NEBL/BTC,1640982687939,2021-12-31T20:31:27.939Z,sell,2.407e-05,23.6,0.0005680520000000001
NEBL/BTC,1640982689801,2021-12-31T20:31:29.801Z,sell,2.4e-05,0.2,4.800000000000001e-06
NEBL/BTC,1640982705588,2021-12-31T20:31:45.588Z,sell,2.4e-05,4.5,0.000108
NEBL/BTC,1640982715619,2021-12-31T20:31:55.619Z,buy,2.408e-05,91.6,0.0022057279999999997
NEBL/BTC,1640982715619,2021-12-31T20:31:55.619Z,buy,2.408e-05,91.6,0.0022057279999999997
NEBL/BTC,1640982738892,2021-12-31T20:32:18.892Z,buy,2.408e-05,95.1,0.002290008
NEBL/BTC,1640982770329,2021-12-31T20:32:50.329Z,buy,2.409e-05,45.8,0.001103322
NEBL/BTC,1640983045014,2021-12-31T20:37:25.014Z,sell,2.402e-05,20.7,0.000497214
NEBL/BTC,1640983045014,2021-12-31T20:37:25.014Z,sell,2.401e-05,362.2,0.008696421999999999
NEBL/BTC,1640983045014,2021-12-31T20:37:25.014Z,sell,2.4e-05,45.6,0.0010944000000000001
NEBL/BTC,1640983045014,2021-12-31T20:37:25.014Z,sell,2.396e-05,6.9,0.000165324
NEBL/BTC,1640983045014,2021-12-31T20:37:25.014Z,sell,2.388e-05,1891.5,0.04516902
NEBL/BTC,1640983045014,2021-12-31T20:37:25.014Z,sell,2.388e-05,272.2,0.006500135999999999
NEBL/BTC,1640983137264,2021-12-31T20:38:57.264Z,buy,2.396e-05,1.2,2.8752e-05
NEBL/BTC,1640983208963,2021-12-31T20:40:08.963Z,sell,2.393e-05,24.9,0.000595857
NEBL/BTC,1640983372629,2021-12-31T20:42:52.629Z,sell,2.389e-05,362.2,0.008652958
NEBL/BTC,1640983372629,2021-12-31T20:42:52.629Z,sell,2.388e-05,21.4,0.0005110319999999999
NEBL/BTC,1640983419295,2021-12-31T20:43:39.295Z,sell,2.388e-05,590.9,0.014110692
NEBL/BTC,1640983419744,2021-12-31T20:43:39.744Z,sell,2.388e-05,515.3,0.012305363999999997
NEBL/BTC,1640983420013,2021-12-31T20:43:40.013Z,sell,2.388e-05,79.1,0.0018889079999999997
NEBL/BTC,1640983421812,2021-12-31T20:43:41.812Z,sell,2.385e-05,4.9,0.00011686500000000001
NEBL/BTC,1640983421812,2021-12-31T20:43:41.812Z,sell,2.384e-05,18.9,0.00045057599999999995
NEBL/BTC,1640983446400,2021-12-31T20:44:06.400Z,sell,2.38e-05,6.9,0.00016422
NEBL/BTC,1640983454429,2021-12-31T20:44:14.429Z,buy,2.379e-05,936.0,0.02226744
NEBL/BTC,1640983454430,2021-12-31T20:44:14.430Z,buy,2.379e-05,935.8,0.022262682
NEBL/BTC,1640983454437,2021-12-31T20:44:14.437Z,buy,2.379e-05,1924.8,0.045790992
NEBL/BTC,1640983464757,2021-12-31T20:44:24.757Z,sell,2.378e-05,6.2,0.000147436
NEBL/BTC,1640983470196,2021-12-31T20:44:30.196Z,buy,2.379e-05,3885.6,0.092438424
NEBL/BTC,1640983470206,2021-12-31T20:44:30.206Z,buy,2.379e-05,626.6,0.014906814000000001
NEBL/BTC,1640983470206,2021-12-31T20:44:30.206Z,buy,2.38e-05,67.0,0.0015945999999999998
NEBL/BTC,1640983470633,2021-12-31T20:44:30.633Z,buy,2.38e-05,11.5,0.0002737
NEBL/BTC,1640983539855,2021-12-31T20:45:39.855Z,sell,2.381e-05,363.9,0.008664459
NEBL/BTC,1640983539855,2021-12-31T20:45:39.855Z,sell,2.38e-05,80.4,0.0019135200000000002
NEBL/BTC,1640983564312,2021-12-31T20:46:04.312Z,sell,2.378e-05,3.8,9.036399999999999e-05
NEBL/BTC,1640983564312,2021-12-31T20:46:04.312Z,sell,2.377e-05,5.3,0.000125981
NEBL/BTC,1640983564312,2021-12-31T20:46:04.312Z,sell,2.373e-05,7.5,0.000177975
NEBL/BTC,1640983594618,2021-12-31T20:46:34.618Z,sell,2.379e-05,65.5,0.001558245
NEBL/BTC,1640983690389,2021-12-31T20:48:10.389Z,buy,2.374e-05,4.3,0.00010208199999999999
NEBL/BTC,1640983773579,2021-12-31T20:49:33.579Z,sell,2.372e-05,6.9,0.000163668
NEBL/BTC,1640983773579,2021-12-31T20:49:33.579Z,sell,2.371e-05,164.9,0.003909779
NEBL/BTC,1640983792802,2021-12-31T20:49:52.802Z,buy,2.373e-05,80.4,0.0019078920000000002
NEBL/BTC,1640983899420,2021-12-31T20:51:39.420Z,sell,2.374e-05,14.2,0.00033710799999999997
NEBL/BTC,1640983995069,2021-12-31T20:53:15.069Z,buy,2.376e-05,12.0,0.00028512
NEBL/BTC,1640984530201,2021-12-31T21:02:10.201Z,buy,2.38e-05,16.9,0.00040221999999999995
NEBL/BTC,1640984533656,2021-12-31T21:02:13.656Z,buy,2.38e-05,12.7,0.00030226
NEBL/BTC,1640984682920,2021-12-31T21:04:42.920Z,buy,2.38e-05,18.6,0.00044268000000000004
NEBL/BTC,1640984682920,2021-12-31T21:04:42.920Z,buy,2.388e-05,4.0,9.552e-05
NEBL/BTC,1640984722147,2021-12-31T21:05:22.147Z,buy,2.387e-05,90.0,0.0021483
NEBL/BTC,1640984761476,2021-12-31T21:06:01.476Z,buy,2.385e-05,18.0,0.0004293
NEBL/BTC,1640984887919,2021-12-31T21:08:07.919Z,sell,2.373e-05,246.9,0.005858937000000001
NEBL/BTC,1640984938663,2021-12-31T21:08:58.663Z,sell,2.373e-05,119.6,0.002838108
NEBL/BTC,1640984941443,2021-12-31T21:09:01.443Z,sell,2.373e-05,256.7,0.006091491
NEBL/BTC,1640984941530,2021-12-31T21:09:01.530Z,sell,2.373e-05,109.8,0.002605554
NEBL/BTC,1640984941596,2021-12-31T21:09:01.596Z,sell,2.373e-05,179.9,0.004269027000000001
NEBL/BTC,1640985334949,2021-12-31T21:15:34.949Z,buy,2.379e-05,6.0,0.00014274
NEBL/BTC,1640985592404,2021-12-31T21:19:52.404Z,buy,2.384e-05,18.0,0.00042911999999999996
NEBL/BTC,1640985811540,2021-12-31T21:23:31.540Z,sell,2.378e-05,11.7,0.00027822599999999996
NEBL/BTC,1640986022987,2021-12-31T21:27:02.987Z,buy,2.384e-05,25.0,0.000596
NEBL/BTC,1640986022987,2021-12-31T21:27:02.987Z,buy,2.384e-05,25.0,0.000596
NEBL/BTC,1640986633874,2021-12-31T21:37:13.874Z,buy,2.382e-05,350.0,0.008336999999999999
NEBL/BTC,1640986692483,2021-12-31T21:38:12.483Z,sell,2.372e-05,6.9,0.000163668
NEBL/BTC,1640986692483,2021-12-31T21:38:12.483Z,sell,2.371e-05,114.5,0.0027147950000000003
NEBL/BTC,1640986692483,2021-12-31T21:38:12.483Z,sell,2.37e-05,67.7,0.00160449
NEBL/BTC,1640986978189,2021-12-31T21:42:58.189Z,buy,2.38e-05,6.9,0.00016422
NEBL/BTC,1640987123125,2021-12-31T21:45:23.125Z,sell,2.381e-05,101.8,0.002423858
NEBL/BTC,1640987123185,2021-12-31T21:45:23.185Z,sell,2.381e-05,49.9,0.001188119
NEBL/BTC,1640987123252,2021-12-31T21:45:23.252Z,sell,2.381e-05,25.0,0.00059525
NEBL/BTC,1640987123308,2021-12-31T21:45:23.308Z,sell,2.381e-05,25.0,0.00059525
NEBL/BTC,1640987133148,2021-12-31T21:45:33.148Z,sell,2.381e-05,161.1,0.003835791
NEBL/BTC,1640987164571,2021-12-31T21:46:04.571Z,sell,2.38e-05,35.1,0.00083538
NEBL/BTC,1640987546347,2021-12-31T21:52:26.347Z,buy,2.384e-05,88.2,0.002102688
NEBL/BTC,1640987854956,2021-12-31T21:57:34.956Z,buy,2.384e-05,552.6,0.013173984
NEBL/BTC,1640987956579,2021-12-31T21:59:16.579Z,sell,2.372e-05,6.9,0.000163668
NEBL/BTC,1640987956579,2021-12-31T21:59:16.579Z,sell,2.371e-05,226.8,0.005377428000000001
NEBL/BTC,1640988163097,2021-12-31T22:02:43.097Z,buy,2.379e-05,84.1,0.002000739
NEBL/BTC,1640988387718,2021-12-31T22:06:27.718Z,buy,2.38e-05,1.3,3.094e-05
NEBL/BTC,1640988399731,2021-12-31T22:06:39.731Z,buy,2.38e-05,5.6,0.00013328
NEBL/BTC,1640988399731,2021-12-31T22:06:39.731Z,buy,2.383e-05,12.4,0.000295492
NEBL/BTC,1640988404595,2021-12-31T22:06:44.595Z,buy,2.383e-05,4.2,0.000100086
NEBL/BTC,1640988404595,2021-12-31T22:06:44.595Z,buy,2.388e-05,2.9,6.9252e-05
NEBL/BTC,1640988404595,2021-12-31T22:06:44.595Z,buy,2.393e-05,10.9,0.000260837
NEBL/BTC,1640988405384,2021-12-31T22:06:45.384Z,sell,2.38e-05,6.9,0.00016422
NEBL/BTC,1640988409087,2021-12-31T22:06:49.087Z,buy,2.388e-05,6.9,0.000164772
NEBL/BTC,1640988409087,2021-12-31T22:06:49.087Z,buy,2.391e-05,11.1,0.000265401
NEBL/BTC,1640988409923,2021-12-31T22:06:49.923Z,sell,2.38e-05,6.9,0.00016422
NEBL/BTC,1640989026742,2021-12-31T22:17:06.742Z,buy,2.374e-05,1.6,3.7984e-05
NEBL/BTC,1640989041697,2021-12-31T22:17:21.697Z,sell,2.372e-05,6.9,0.000163668
NEBL/BTC,1640989041697,2021-12-31T22:17:21.697Z,sell,2.371e-05,87.1,0.002065141
NEBL/BTC,1640989041697,2021-12-31T22:17:21.697Z,sell,2.372e-05,6.9,0.000163668
NEBL/BTC,1640989041697,2021-12-31T22:17:21.697Z,sell,2.371e-05,87.1,0.002065141
NEBL/BTC,1640990423659,2021-12-31T22:40:23.659Z,buy,2.376e-05,10.2,0.00024235199999999999
NEBL/BTC,1640991579628,2021-12-31T22:59:39.628Z,buy,2.372e-05,50.1,0.001188372
NEBL/BTC,1640992549896,2021-12-31T23:15:49.896Z,buy,2.372e-05,452.1,0.010723812000000001
NEBL/BTC,1640992549896,2021-12-31T23:15:49.896Z,buy,2.372e-05,452.1,0.010723812000000001
NEBL/BTC,1640992669028,2021-12-31T23:17:49.028Z,sell,2.371e-05,17.3,0.00041018300000000005
NEBL/BTC,1640992700986,2021-12-31T23:18:20.986Z,sell,2.371e-05,218.3,0.005175893000000001
NEBL/BTC,1640992701134,2021-12-31T23:18:21.134Z,sell,2.37e-05,704.3,0.016691909999999997
NEBL/BTC,1640992721984,2021-12-31T23:18:41.984Z,sell,2.37e-05,88.7,0.00210219
NEBL/BTC,1640993412625,2021-12-31T23:30:12.625Z,sell,2.37e-05,38.8,0.0009195599999999999
NEBL/BTC,1640993533293,2021-12-31T23:32:13.293Z,buy,2.37e-05,1.4,3.318e-05
NEBL/BTC,1640993622526,2021-12-31T23:33:42.526Z,sell,2.369e-05,4.9,0.000116081
NEBL/BTC,1640993630016,2021-12-31T23:33:50.016Z,buy,2.365e-05,255.3,0.006037845
NEBL/BTC,1640993630157,2021-12-31T23:33:50.157Z,buy,2.365e-05,255.3,0.006037845
NEBL/BTC,1640993630211,2021-12-31T23:33:50.211Z,buy,2.365e-05,102.0,0.0024123
NEBL/BTC,1640993804899,2021-12-31T23:36:44.899Z,sell,2.364e-05,6.9,0.00016311600000000002
NEBL/BTC,1640993804899,2021-12-31T23:36:44.899Z,sell,2.361e-05,33.2,0.000783852
NEBL/BTC,1640993809943,2021-12-31T23:36:49.943Z,buy,2.363e-05,363.7,0.008594230999999999
NEBL/BTC,1640994295554,2021-12-31T23:44:55.554Z,buy,2.364e-05,4.6,0.000108744
NEBL/BTC,1640994323539,2021-12-31T23:45:23.539Z,buy,2.364e-05,171.5,0.0040542600000000005
NEBL/BTC,1640995075672,2021-12-31T23:57:55.672Z,buy,2.364e-05,561.6,0.013276224000000001
NEBL/BTC,1640995192891,2021-12-31T23:59:52.891Z,buy,2.364e-05,80.4,0.0019006560000000001
NEBL/BTC,1640995486180,2022-01-01T00:04:46.180Z,buy,2.364e-05,60.1,0.0014207640000000001
NEBL/BTC,1640995491872,2022-01-01T00:04:51.872Z,sell,2.363e-05,74.2,0.001753346
NEBL/BTC,1640995915070,2022-01-01T00:11:55.070Z,buy,2.363e-05,553.7,0.013083931
NEBL/BTC,1640996133665,2022-01-01T00:15:33.665Z,buy,2.362e-05,1.3,3.0706e-05
NEBL/BTC,1640996146503,2022-01-01T00:15:46.503Z,buy,2.362e-05,15.0,0.0003543
NEBL/BTC,1640996146503,2022-01-01T00:15:46.503Z,buy,2.362e-05,15.0,0.0003543
NEBL/BTC,1640996294010,2022-01-01T00:18:14.010Z,buy,2.362e-05,4.3,0.000101566
NEBL/BTC,1640996362666,2022-01-01T00:19:22.666Z,sell,2.361e-05,1085.8,0.025635737999999998
NEBL/BTC,1640996379334,2022-01-01T00:19:39.334Z,sell,2.361e-05,1790.2,0.042266622
NEBL/BTC,1640996416292,2022-01-01T00:20:16.292Z,buy,2.367e-05,21.2,0.000501804
NEBL/BTC,1640996417112,2022-01-01T00:20:17.112Z,buy,2.367e-05,4.3,0.000101781
NEBL/BTC,1640996438300,2022-01-01T00:20:38.300Z,sell,2.36e-05,2226.0,0.0525336
NEBL/BTC,1640996447690,2022-01-01T00:20:47.690Z,sell,2.358e-05,161.0,0.0037963800000000002
NEBL/BTC,1640996474353,2022-01-01T00:21:14.353Z,buy,2.358e-05,256.3,0.0060435540000000005
NEBL/BTC,1640996474417,2022-01-01T00:21:14.417Z,buy,2.358e-05,256.3,0.0060435540000000005
NEBL/BTC,1640996474491,2022-01-01T00:21:14.491Z,buy,2.358e-05,82.3,0.0019406340000000001
NEBL/BTC,1640996474538,2022-01-01T00:21:14.538Z,buy,2.358e-05,183.1,0.004317498
NEBL/BTC,1640996474672,2022-01-01T00:21:14.672Z,buy,2.358e-05,202.1,0.004765518
NEBL/BTC,1640996485411,2022-01-01T00:21:25.411Z,buy,2.358e-05,142.6,0.003362508
NEBL/BTC,1640996486403,2022-01-01T00:21:26.403Z,buy,2.357e-05,256.5,0.006045705
NEBL/BTC,1640996486475,2022-01-01T00:21:26.475Z,buy,2.357e-05,256.1,0.0060362770000000005
NEBL/BTC,1640996486533,2022-01-01T00:21:26.533Z,buy,2.357e-05,256.2,0.006038633999999999
NEBL/BTC,1640996486600,2022-01-01T00:21:26.600Z,buy,2.357e-05,256.1,0.0060362770000000005
NEBL/BTC,1640996486670,2022-01-01T00:21:26.670Z,buy,2.357e-05,256.1,0.0060362770000000005
NEBL/BTC,1640996486716,2022-01-01T00:21:26.716Z,buy,2.357e-05,256.1,0.0060362770000000005
NEBL/BTC,1640996486736,2022-01-01T00:21:26.736Z,buy,2.357e-05,463.9,0.010934122999999999
NEBL/BTC,1640996486785,2022-01-01T00:21:26.785Z,buy,2.357e-05,256.1,0.0060362770000000005
NEBL/BTC,1640996486852,2022-01-01T00:21:26.852Z,buy,2.357e-05,75.7,0.0017842490000000001
NEBL/BTC,1640996486916,2022-01-01T00:21:26.916Z,buy,2.357e-05,38.0,0.0008956599999999999
NEBL/BTC,1640996486972,2022-01-01T00:21:26.972Z,buy,2.357e-05,256.5,0.006045705
NEBL/BTC,1640996486984,2022-01-01T00:21:26.984Z,buy,2.357e-05,664.4,0.015659908
NEBL/BTC,1640996581529,2022-01-01T00:23:01.529Z,sell,2.361e-05,12.1,0.000285681
NEBL/BTC,1640996819875,2022-01-01T00:26:59.875Z,buy,2.369e-05,364.2,0.008627897999999998
NEBL/BTC,1640996819875,2022-01-01T00:26:59.875Z,buy,2.37e-05,141.5,0.00335355
NEBL/BTC,1640997249793,2022-01-01T00:34:09.793Z,sell,2.37e-05,4.3,0.00010190999999999999
NEBL/BTC,1640997254922,2022-01-01T00:34:14.922Z,sell,2.37e-05,52.0,0.0012324
NEBL/BTC,1640997377700,2022-01-01T00:36:17.700Z,sell,2.37e-05,72.5,0.00171825
NEBL/BTC,1640997667317,2022-01-01T00:41:07.317Z,sell,2.369e-05,11.2,0.00026532799999999995
NEBL/BTC,1640997740238,2022-01-01T00:42:20.238Z,sell,2.369e-05,254.2,0.006021998
NEBL/BTC,1640997740313,2022-01-01T00:42:20.313Z,sell,2.369e-05,37.0,0.0008765299999999999
NEBL/BTC,1640997740408,2022-01-01T00:42:20.408Z,sell,2.369e-05,254.2,0.006021998
NEBL/BTC,1640997740431,2022-01-01T00:42:20.431Z,sell,2.369e-05,253.9,0.006014891
NEBL/BTC,1640997741330,2022-01-01T00:42:21.330Z,sell,2.369e-05,119.7,0.002835693
NEBL/BTC,1640998054298,2022-01-01T00:47:34.298Z,buy,2.37e-05,86.6,0.0020524199999999997
NEBL/BTC,1640998584905,2022-01-01T00:56:24.905Z,buy,2.37e-05,67.9,0.0016092300000000001
NEBL/BTC,1640998856355,2022-01-01T01:00:56.355Z,sell,2.368e-05,228.6,0.005413248
NEBL/BTC,1640999087163,2022-01-01T01:04:47.163Z,buy,2.371e-05,32.1,0.0007610910000000001
NEBL/BTC,1640999140493,2022-01-01T01:05:40.493Z,buy,2.371e-05,13.9,0.00032956900000000004
NEBL/BTC,1640999257478,2022-01-01T01:07:37.478Z,buy,2.37e-05,1.5,3.555e-05
NEBL/BTC,1640999303874,2022-01-01T01:08:23.874Z,buy,2.37e-05,153.6,0.00364032
NEBL/BTC,1640999710027,2022-01-01T01:15:10.027Z,sell,2.369e-05,4.3,0.00010186699999999999
NEBL/BTC,1640999710027,2022-01-01T01:15:10.027Z,sell,2.369e-05,4.3,0.00010186699999999999
NEBL/BTC,1640999864152,2022-01-01T01:17:44.152Z,buy,2.371e-05,98.0,0.00232358
NEBL/BTC,1641001423403,2022-01-01T01:43:43.403Z,buy,2.371e-05,13.1,0.00031060100000000003
NEBL/BTC,1641001748755,2022-01-01T01:49:08.755Z,buy,2.371e-05,32.4,0.000768204
NEBL/BTC,1641002221555,2022-01-01T01:57:01.555Z,buy,2.371e-05,1.3,3.0823000000000006e-05
NEBL/BTC,1641002668832,2022-01-01T02:04:28.832Z,buy,2.363e-05,14.3,0.000337909
NEBL/BTC,1641002830617,2022-01-01T02:07:10.617Z,buy,2.363e-05,1.5,3.5445e-05
NEBL/BTC,1641002859671,2022-01-01T02:07:39.671Z,sell,2.364e-05,60.6,0.001432584
NEBL/BTC,1641002859734,2022-01-01T02:07:39.734Z,sell,2.364e-05,61.0,0.0014420400000000001
NEBL/BTC,1641002859859,2022-01-01T02:07:39.859Z,sell,2.364e-05,61.0,0.0014420400000000001
NEBL/BTC,1641002859999,2022-01-01T02:07:39.999Z,sell,2.364e-05,50.0,0.001182
NEBL/BTC,1641002910161,2022-01-01T02:08:30.161Z,sell,2.364e-05,221.0,0.00522444
NEBL/BTC,1641003044337,2022-01-01T02:10:44.337Z,buy,2.368e-05,21.1,0.000499648
NEBL/BTC,1641003077228,2022-01-01T02:11:17.228Z,sell,2.365e-05,61.0,0.00144265
NEBL/BTC,1641003077360,2022-01-01T02:11:17.360Z,sell,2.365e-05,60.9,0.001440285
NEBL/BTC,1641003149988,2022-01-01T02:12:29.988Z,buy,2.369e-05,5.2,0.000123188
NEBL/BTC,1641003286492,2022-01-01T02:14:46.492Z,sell,2.365e-05,61.0,0.00144265
NEBL/BTC,1641003286628,2022-01-01T02:14:46.628Z,sell,2.365e-05,61.0,0.00144265
NEBL/BTC,1641003286762,2022-01-01T02:14:46.762Z,sell,2.365e-05,61.0,0.00144265
NEBL/BTC,1641003286887,2022-01-01T02:14:46.887Z,sell,2.365e-05,61.0,0.00144265
NEBL/BTC,1641003287005,2022-01-01T02:14:47.005Z,sell,2.365e-05,60.9,0.001440285
NEBL/BTC,1641003287137,2022-01-01T02:14:47.137Z,sell,2.365e-05,11.9,0.000281435
NEBL/BTC,1641003302432,2022-01-01T02:15:02.432Z,buy,2.369e-05,4.6,0.00010897399999999999
NEBL/BTC,1641003302432,2022-01-01T02:15:02.432Z,buy,2.369e-05,4.6,0.00010897399999999999
NEBL/BTC,1641003356066,2022-01-01T02:15:56.066Z,sell,2.368e-05,51.0,0.00120768
NEBL/BTC,1641003765749,2022-01-01T02:22:45.749Z,buy,2.371e-05,147.6,0.0034995960000000002
NEBL/BTC,1641003788414,2022-01-01T02:23:08.414Z,buy,2.371e-05,4.7,0.00011143700000000001
NEBL/BTC,1641004238160,2022-01-01T02:30:38.160Z,sell,2.369e-05,5.2,0.000123188
NEBL/BTC,1641004238160,2022-01-01T02:30:38.160Z,sell,2.368e-05,152.8,0.003618304
NEBL/BTC,1641004238173,2022-01-01T02:30:38.173Z,sell,2.368e-05,37.1,0.0008785280000000001
NEBL/BTC,1641004603856,2022-01-01T02:36:43.856Z,buy,2.369e-05,32.8,0.0007770319999999999
NEBL/BTC,1641005242154,2022-01-01T02:47:22.154Z,sell,2.365e-05,5.0,0.00011825
NEBL/BTC,1641005257798,2022-01-01T02:47:37.798Z,sell,2.365e-05,45.0,0.0010642499999999999
NEBL/BTC,1641005269423,2022-01-01T02:47:49.423Z,sell,2.363e-05,150.2,0.0035492259999999995
NEBL/BTC,1641006053167,2022-01-01T03:00:53.167Z,buy,2.364e-05,5.6,0.00013238399999999998
NEBL/BTC,1641006084909,2022-01-01T03:01:24.909Z,buy,2.364e-05,5.6,0.00013238399999999998
NEBL/BTC,1641006085603,2022-01-01T03:01:25.603Z,buy,2.364e-05,1050.3,0.024829092
NEBL/BTC,1641006085603,2022-01-01T03:01:25.603Z,buy,2.365e-05,2111.9,0.049946435
NEBL/BTC,1641006085603,2022-01-01T03:01:25.603Z,buy,2.367e-05,331.6,0.007848972000000001
NEBL/BTC,1641006085603,2022-01-01T03:01:25.603Z,buy,2.37e-05,22.3,0.00052851
NEBL/BTC,1641006085603,2022-01-01T03:01:25.603Z,buy,2.372e-05,94.7,0.002246284
NEBL/BTC,1641006085603,2022-01-01T03:01:25.603Z,buy,2.374e-05,608.2,0.014438668000000002
NEBL/BTC,1641006085603,2022-01-01T03:01:25.603Z,buy,2.376e-05,21.2,0.000503712
NEBL/BTC,1641006085603,2022-01-01T03:01:25.603Z,buy,2.38e-05,6.9,0.00016422
NEBL/BTC,1641006085603,2022-01-01T03:01:25.603Z,buy,2.388e-05,431.1,0.010294668
NEBL/BTC,1641006085603,2022-01-01T03:01:25.603Z,buy,2.389e-05,3822.9,0.091329081
NEBL/BTC,1641006085603,2022-01-01T03:01:25.603Z,buy,2.39e-05,3363.5,0.08038765
NEBL/BTC,1641006085612,2022-01-01T03:01:25.612Z,sell,2.39e-05,23.4,0.00055926
NEBL/BTC,1641006085613,2022-01-01T03:01:25.613Z,sell,2.39e-05,23.4,0.00055926
NEBL/BTC,1641006085613,2022-01-01T03:01:25.613Z,sell,2.39e-05,23.4,0.00055926
NEBL/BTC,1641006085613,2022-01-01T03:01:25.613Z,sell,2.39e-05,23.4,0.00055926
NEBL/BTC,1641006085613,2022-01-01T03:01:25.613Z,sell,2.39e-05,23.4,0.00055926
NEBL/BTC,1641006085613,2022-01-01T03:01:25.613Z,sell,2.39e-05,508.0,0.012141200000000001
NEBL/BTC,1641006085613,2022-01-01T03:01:25.613Z,sell,2.39e-05,23.4,0.00055926
NEBL/BTC,1641006085613,2022-01-01T03:01:25.613Z,sell,2.39e-05,23.4,0.00055926
NEBL/BTC,1641006085614,2022-01-01T03:01:25.614Z,sell,2.39e-05,23.4,0.00055926
NEBL/BTC,1641006085614,2022-01-01T03:01:25.614Z,sell,2.39e-05,23.4,0.00055926
NEBL/BTC,1641006085614,2022-01-01T03:01:25.614Z,sell,2.39e-05,23.4,0.00055926
NEBL/BTC,1641006085614,2022-01-01T03:01:25.614Z,sell,2.39e-05,23.4,0.00055926
NEBL/BTC,1641006085614,2022-01-01T03:01:25.614Z,sell,2.39e-05,23.4,0.00055926
NEBL/BTC,1641006085614,2022-01-01T03:01:25.614Z,sell,2.39e-05,23.4,0.00055926
NEBL/BTC,1641006085614,2022-01-01T03:01:25.614Z,sell,2.39e-05,23.4,0.00055926
NEBL/BTC,1641006085615,2022-01-01T03:01:25.615Z,sell,2.39e-05,23.4,0.00055926
NEBL/BTC,1641006085615,2022-01-01T03:01:25.615Z,sell,2.39e-05,23.4,0.00055926
NEBL/BTC,1641006085615,2022-01-01T03:01:25.615Z,sell,2.39e-05,23.4,0.00055926
NEBL/BTC,1641006085615,2022-01-01T03:01:25.615Z,sell,2.39e-05,23.4,0.00055926
NEBL/BTC,1641006085615,2022-01-01T03:01:25.615Z,sell,2.39e-05,23.4,0.00055926
NEBL/BTC,1641006085615,2022-01-01T03:01:25.615Z,sell,2.39e-05,23.4,0.00055926
NEBL/BTC,1641006085616,2022-01-01T03:01:25.616Z,sell,2.39e-05,23.4,0.00055926
NEBL/BTC,1641006085616,2022-01-01T03:01:25.616Z,sell,2.39e-05,23.4,0.00055926
NEBL/BTC,1641006085616,2022-01-01T03:01:25.616Z,sell,2.39e-05,23.4,0.00055926
NEBL/BTC,1641006085616,2022-01-01T03:01:25.616Z,sell,2.39e-05,23.4,0.00055926
NEBL/BTC,1641006085616,2022-01-01T03:01:25.616Z,sell,2.39e-05,23.4,0.00055926
NEBL/BTC,1641006085616,2022-01-01T03:01:25.616Z,sell,2.39e-05,23.4,0.00055926
NEBL/BTC,1641006085616,2022-01-01T03:01:25.616Z,sell,2.39e-05,23.4,0.00055926
NEBL/BTC,1641006085617,2022-01-01T03:01:25.617Z,sell,2.39e-05,23.4,0.00055926
NEBL/BTC,1641006085617,2022-01-01T03:01:25.617Z,sell,2.39e-05,23.4,0.00055926
NEBL/BTC,1641006085617,2022-01-01T03:01:25.617Z,sell,2.39e-05,23.4,0.00055926
NEBL/BTC,1641006085617,2022-01-01T03:01:25.617Z,sell,2.39e-05,23.4,0.00055926
NEBL/BTC,1641006085617,2022-01-01T03:01:25.617Z,sell,2.39e-05,23.4,0.00055926
NEBL/BTC,1641006085617,2022-01-01T03:01:25.617Z,sell,2.391e-05,51.3,0.0012265829999999998
NEBL/BTC,1641006085618,2022-01-01T03:01:25.618Z,sell,2.391e-05,23.4,0.000559494
NEBL/BTC,1641006085618,2022-01-01T03:01:25.618Z,sell,2.391e-05,23.4,0.000559494
NEBL/BTC,1641006085618,2022-01-01T03:01:25.618Z,sell,2.391e-05,23.4,0.000559494
NEBL/BTC,1641006085618,2022-01-01T03:01:25.618Z,sell,2.391e-05,23.4,0.000559494
NEBL/BTC,1641006085618,2022-01-01T03:01:25.618Z,sell,2.391e-05,23.4,0.000559494
NEBL/BTC,1641006085619,2022-01-01T03:01:25.619Z,sell,2.391e-05,23.4,0.000559494
NEBL/BTC,1641006085620,2022-01-01T03:01:25.620Z,sell,2.391e-05,23.4,0.000559494
NEBL/BTC,1641006085620,2022-01-01T03:01:25.620Z,sell,2.391e-05,23.4,0.000559494
NEBL/BTC,1641006085620,2022-01-01T03:01:25.620Z,sell,2.391e-05,23.4,0.000559494
NEBL/BTC,1641006085621,2022-01-01T03:01:25.621Z,sell,2.391e-05,23.4,0.000559494
NEBL/BTC,1641006085622,2022-01-01T03:01:25.622Z,sell,2.391e-05,23.4,0.000559494
NEBL/BTC,1641006085624,2022-01-01T03:01:25.624Z,sell,2.391e-05,22.9,0.000547539
NEBL/BTC,1641006085624,2022-01-01T03:01:25.624Z,sell,2.39e-05,0.5,1.195e-05
NEBL/BTC,1641006085626,2022-01-01T03:01:25.626Z,buy,2.396e-05,336.4,0.008060144
NEBL/BTC,1641006085630,2022-01-01T03:01:25.630Z,sell,2.39e-05,23.4,0.00055926
NEBL/BTC,1641006085656,2022-01-01T03:01:25.656Z,sell,2.391e-05,21.0,0.00050211
NEBL/BTC,1641006085661,2022-01-01T03:01:25.661Z,sell,2.391e-05,64.0,0.00153024
NEBL/BTC,1641006085699,2022-01-01T03:01:25.699Z,sell,2.391e-05,34.0,0.00081294
NEBL/BTC,1641006085724,2022-01-01T03:01:25.724Z,sell,2.391e-05,241.9,0.005783829
NEBL/BTC,1641006087461,2022-01-01T03:01:27.461Z,sell,2.391e-05,51.5,0.0012313649999999999
NEBL/BTC,1641006090417,2022-01-01T03:01:30.417Z,sell,2.388e-05,6.9,0.000164772
NEBL/BTC,1641006090417,2022-01-01T03:01:30.417Z,sell,2.382e-05,5.9,0.000140538
NEBL/BTC,1641006090427,2022-01-01T03:01:30.427Z,sell,2.382e-05,4.3,0.00010242599999999998
NEBL/BTC,1641006091468,2022-01-01T03:01:31.468Z,sell,2.382e-05,22.9,0.000545478
NEBL/BTC,1641006091468,2022-01-01T03:01:31.468Z,sell,2.381e-05,61.1,0.001454791
NEBL/BTC,1641006091695,2022-01-01T03:01:31.695Z,sell,2.381e-05,79.9,0.0019024190000000002
NEBL/BTC,1641006094514,2022-01-01T03:01:34.514Z,sell,2.38e-05,6.9,0.00016422
NEBL/BTC,1641006291703,2022-01-01T03:04:51.703Z,buy,2.386e-05,35.6,0.000849416
NEBL/BTC,1641006291703,2022-01-01T03:04:51.703Z,buy,2.386e-05,35.6,0.000849416
NEBL/BTC,1641006981861,2022-01-01T03:16:21.861Z,sell,2.376e-05,12.0,0.00028512
NEBL/BTC,1641007679958,2022-01-01T03:27:59.958Z,sell,2.376e-05,62.9,0.001494504
NEBL/BTC,1641008265350,2022-01-01T03:37:45.350Z,sell,2.376e-05,45.1,0.001071576
NEBL/BTC,1641008302152,2022-01-01T03:38:22.152Z,sell,2.372e-05,6.9,0.000163668
NEBL/BTC,1641008302152,2022-01-01T03:38:22.152Z,sell,2.369e-05,40.8,0.0009665519999999999
NEBL/BTC,1641008302152,2022-01-01T03:38:22.152Z,sell,2.368e-05,86.5,0.00204832
NEBL/BTC,1641008302152,2022-01-01T03:38:22.152Z,sell,2.364e-05,6.9,0.00016311600000000002
NEBL/BTC,1641008302152,2022-01-01T03:38:22.152Z,sell,2.363e-05,14.6,0.00034499799999999995
NEBL/BTC,1641008376317,2022-01-01T03:39:36.317Z,buy,2.37e-05,8.9,0.00021093000000000002
NEBL/BTC,1641008815397,2022-01-01T03:46:55.397Z,sell,2.365e-05,9.0,0.00021285
NEBL/BTC,1641008815397,2022-01-01T03:46:55.397Z,sell,2.364e-05,58.1,0.0013734840000000001
NEBL/BTC,1641009367138,2022-01-01T03:56:07.138Z,sell,2.365e-05,86.4,0.00204336
NEBL/BTC,1641009869163,2022-01-01T04:04:29.163Z,buy,2.368e-05,31.6,0.0007482880000000001
NEBL/BTC,1641009883452,2022-01-01T04:04:43.452Z,buy,2.367e-05,24.4,0.0005775479999999999
NEBL/BTC,1641009883452,2022-01-01T04:04:43.452Z,buy,2.367e-05,24.4,0.0005775479999999999
NEBL/BTC,1641010224550,2022-01-01T04:10:24.550Z,buy,2.366e-05,20.8,0.000492128
NEBL/BTC,1641010478625,2022-01-01T04:14:38.625Z,buy,2.366e-05,9.5,0.00022477
NEBL/BTC,1641011108787,2022-01-01T04:25:08.787Z,buy,2.366e-05,31.7,0.000750022
NEBL/BTC,1641011638311,2022-01-01T04:33:58.311Z,buy,2.366e-05,8.8,0.000208208
NEBL/BTC,1641011708677,2022-01-01T04:35:08.677Z,sell,2.365e-05,140.7,0.0033275549999999994
NEBL/BTC,1641011714134,2022-01-01T04:35:14.134Z,buy,2.366e-05,187.7,0.004440982
NEBL/BTC,1641011882330,2022-01-01T04:38:02.330Z,buy,2.367e-05,163.7,0.0038747789999999996
NEBL/BTC,1641011987434,2022-01-01T04:39:47.434Z,buy,2.367e-05,105.7,0.002501919
NEBL/BTC,1641012134522,2022-01-01T04:42:14.522Z,buy,2.367e-05,182.3,0.004315041
NEBL/BTC,1641012179839,2022-01-01T04:42:59.839Z,buy,2.367e-05,6.0,0.00014202
NEBL/BTC,1641012376342,2022-01-01T04:46:16.342Z,buy,2.367e-05,6.0,0.00014202
NEBL/BTC,1641013176333,2022-01-01T04:59:36.333Z,sell,2.362e-05,17.2,0.000406264
NEBL/BTC,1641013179494,2022-01-01T04:59:39.494Z,sell,2.362e-05,5.4,0.000127548
NEBL/BTC,1641013219655,2022-01-01T05:00:19.655Z,buy,2.361e-05,31.1,0.000734271
NEBL/BTC,1641013270323,2022-01-01T05:01:10.323Z,sell,2.361e-05,4.3,0.000101523
NEBL/BTC,1641013334659,2022-01-01T05:02:14.659Z,sell,2.356e-05,6.9,0.00016256400000000002
NEBL/BTC,1641013334659,2022-01-01T05:02:14.659Z,sell,2.355e-05,10.0,0.0002355
NEBL/BTC,1641013335180,2022-01-01T05:02:15.180Z,sell,2.354e-05,4.9,0.00011534600000000002
NEBL/BTC,1641013431644,2022-01-01T05:03:51.644Z,buy,2.357e-05,330.1,0.007780457
NEBL/BTC,1641013478021,2022-01-01T05:04:38.021Z,buy,2.36e-05,26.4,0.0006230399999999999
NEBL/BTC,1641013478021,2022-01-01T05:04:38.021Z,buy,2.36e-05,26.4,0.0006230399999999999
NEBL/BTC,1641013516273,2022-01-01T05:05:16.273Z,buy,2.36e-05,4.3,0.00010148
NEBL/BTC,1641013663401,2022-01-01T05:07:43.401Z,buy,2.362e-05,18.4,0.00043460799999999996
NEBL/BTC,1641013724054,2022-01-01T05:08:44.054Z,buy,2.362e-05,67.7,0.001599074
NEBL/BTC,1641014855766,2022-01-01T05:27:35.766Z,buy,2.359e-05,14.4,0.000339696
NEBL/BTC,1641014903302,2022-01-01T05:28:23.302Z,sell,2.358e-05,10.8,0.00025466400000000004
NEBL/BTC,1641015019235,2022-01-01T05:30:19.235Z,sell,2.351e-05,24.0,0.00056424
NEBL/BTC,1641015911731,2022-01-01T05:45:11.731Z,sell,2.351e-05,4.3,0.000101093
NEBL/BTC,1641016248875,2022-01-01T05:50:48.875Z,sell,2.348e-05,128.7,0.0030218759999999997
NEBL/BTC,1641016248875,2022-01-01T05:50:48.875Z,sell,2.345e-05,303.8,0.00712411
NEBL/BTC,1641016248875,2022-01-01T05:50:48.875Z,sell,2.344e-05,42.6,0.000998544
NEBL/BTC,1641016248875,2022-01-01T05:50:48.875Z,sell,2.341e-05,7.1,0.000166211
NEBL/BTC,1641016248875,2022-01-01T05:50:48.875Z,sell,2.34e-05,6.9,0.00016146000000000002
NEBL/BTC,1641016248875,2022-01-01T05:50:48.875Z,sell,2.339e-05,4.9,0.00011461100000000002
NEBL/BTC,1641016248880,2022-01-01T05:50:48.880Z,buy,2.338e-05,574.0,0.01342012
NEBL/BTC,1641016248884,2022-01-01T05:50:48.884Z,buy,2.338e-05,0.3,7.013999999999999e-06
NEBL/BTC,1641016270388,2022-01-01T05:51:10.388Z,buy,2.345e-05,1.4,3.2829999999999996e-05
NEBL/BTC,1641016422839,2022-01-01T05:53:42.839Z,buy,2.345e-05,178.3,0.004181135000000001
NEBL/BTC,1641016515721,2022-01-01T05:55:15.721Z,buy,2.347e-05,19.2,0.000450624
NEBL/BTC,1641016515721,2022-01-01T05:55:15.721Z,buy,2.347e-05,19.2,0.000450624
NEBL/BTC,1641017083768,2022-01-01T06:04:43.768Z,buy,2.345e-05,30.3,0.0007105350000000001
NEBL/BTC,1641017470234,2022-01-01T06:11:10.234Z,sell,2.345e-05,4.3,0.00010083499999999999
NEBL/BTC,1641017985048,2022-01-01T06:19:45.048Z,buy,2.344e-05,1002.2,0.023491568
NEBL/BTC,1641017985048,2022-01-01T06:19:45.048Z,buy,2.345e-05,181.5,0.004256175
NEBL/BTC,1641018182013,2022-01-01T06:23:02.013Z,buy,2.348e-05,6.9,0.000162012
NEBL/BTC,1641018182013,2022-01-01T06:23:02.013Z,buy,2.35e-05,361.5,0.00849525
NEBL/BTC,1641018182013,2022-01-01T06:23:02.013Z,buy,2.351e-05,2379.7,0.055946747
NEBL/BTC,1641019147590,2022-01-01T06:39:07.590Z,buy,2.351e-05,25.3,0.000594803
NEBL/BTC,1641020103305,2022-01-01T06:55:03.305Z,buy,2.349e-05,11.3,0.00026543700000000004
NEBL/BTC,1641020103305,2022-01-01T06:55:03.305Z,buy,2.349e-05,11.3,0.00026543700000000004
NEBL/BTC,1641020480555,2022-01-01T07:01:20.555Z,buy,2.344e-05,229.5,0.00537948
NEBL/BTC,1641020547425,2022-01-01T07:02:27.425Z,buy,2.344e-05,133.2,0.0031222079999999996
NEBL/BTC,1641020547425,2022-01-01T07:02:27.425Z,buy,2.345e-05,640.6,0.01502207
NEBL/BTC,1641020547425,2022-01-01T07:02:27.425Z,buy,2.348e-05,61.5,0.0014440199999999999
NEBL/BTC,1641020668106,2022-01-01T07:04:28.106Z,buy,2.347e-05,11.0,0.00025817
NEBL/BTC,1641021163712,2022-01-01T07:12:43.712Z,buy,2.348e-05,136.9,0.003214412
NEBL/BTC,1641021440274,2022-01-01T07:17:20.274Z,buy,2.348e-05,118.8,0.002789424
NEBL/BTC,1641021663832,2022-01-01T07:21:03.832Z,buy,2.348e-05,297.7,0.006989995999999999
NEBL/BTC,1641021663832,2022-01-01T07:21:03.832Z,buy,2.349e-05,41.9,0.000984231
NEBL/BTC,1641021663832,2022-01-01T07:21:03.832Z,buy,2.352e-05,637.7,0.014998704
NEBL/BTC,1641021663832,2022-01-01T07:21:03.832Z,buy,2.356e-05,6.9,0.00016256400000000002
NEBL/BTC,1641021663832,2022-01-01T07:21:03.832Z,buy,2.358e-05,124.7,0.0029404260000000003
NEBL/BTC,1641021663832,2022-01-01T07:21:03.832Z,buy,2.359e-05,1071.4,0.025274326000000003
NEBL/BTC,1641021663832,2022-01-01T07:21:03.832Z,buy,2.364e-05,6.9,0.00016311600000000002
NEBL/BTC,1641021663832,2022-01-01T07:21:03.832Z,buy,2.367e-05,4362.9,0.10326984299999999
NEBL/BTC,1641021663832,2022-01-01T07:21:03.832Z,buy,2.37e-05,997.4,0.02363838
NEBL/BTC,1641021663832,2022-01-01T07:21:03.832Z,buy,2.372e-05,6.9,0.000163668
NEBL/BTC,1641021663832,2022-01-01T07:21:03.832Z,buy,2.373e-05,620.1,0.014714973000000001
NEBL/BTC,1641021663832,2022-01-01T07:21:03.832Z,buy,2.374e-05,1852.4,0.043975976
NEBL/BTC,1641021663832,2022-01-01T07:21:03.832Z,buy,2.375e-05,108.0,0.002565
NEBL/BTC,1641021663832,2022-01-01T07:21:03.832Z,buy,2.376e-05,3838.3,0.091198008
NEBL/BTC,1641021663832,2022-01-01T07:21:03.832Z,buy,2.378e-05,10.0,0.00023779999999999998
NEBL/BTC,1641021663832,2022-01-01T07:21:03.832Z,buy,2.38e-05,6.9,0.00016422
NEBL/BTC,1641021663840,2022-01-01T07:21:03.840Z,sell,2.38e-05,8365.0,0.199087
NEBL/BTC,1641021663842,2022-01-01T07:21:03.842Z,sell,2.38e-05,8365.0,0.199087
NEBL/BTC,1641021663842,2022-01-01T07:21:03.842Z,sell,2.38e-05,33.1,0.00078778
NEBL/BTC,1641021663845,2022-01-01T07:21:03.845Z,buy,2.382e-05,46.5,0.0011076299999999999
NEBL/BTC,1641021663868,2022-01-01T07:21:03.868Z,buy,2.382e-05,121.8,0.002901276
NEBL/BTC,1641021663868,2022-01-01T07:21:03.868Z,buy,2.386e-05,186.9,0.004459434
NEBL/BTC,1641021663868,2022-01-01T07:21:03.868Z,buy,2.387e-05,44.6,0.001064602
NEBL/BTC,1641021663868,2022-01-01T07:21:03.868Z,buy,2.388e-05,96.4,0.002302032
NEBL/BTC,1641021663868,2022-01-01T07:21:03.868Z,buy,2.396e-05,14.0,0.00033544
NEBL/BTC,1641021663868,2022-01-01T07:21:03.868Z,buy,2.4e-05,147.4,0.0035376
NEBL/BTC,1641021663868,2022-01-01T07:21:03.868Z,buy,2.401e-05,10.0,0.00024009999999999998
NEBL/BTC,1641021663868,2022-01-01T07:21:03.868Z,buy,2.404e-05,60.9,0.001464036
NEBL/BTC,1641021663868,2022-01-01T07:21:03.868Z,buy,2.405e-05,4.9,0.00011784500000000001
NEBL/BTC,1641021663868,2022-01-01T07:21:03.868Z,buy,2.407e-05,89.4,0.0021518580000000004
NEBL/BTC,1641021663868,2022-01-01T07:21:03.868Z,buy,2.408e-05,17.9,0.000431032
NEBL/BTC,1641021663868,2022-01-01T07:21:03.868Z,buy,2.411e-05,318.0,0.00766698
NEBL/BTC,1641021663868,2022-01-01T07:21:03.868Z,buy,2.412e-05,6.9,0.000166428
NEBL/BTC,1641021663868,2022-01-01T07:21:03.868Z,buy,2.416e-05,1449.7,0.035024752
NEBL/BTC,1641021664979,2022-01-01T07:21:04.979Z,sell,2.389e-05,49.9,0.001192111
NEBL/BTC,1641021666473,2022-01-01T07:21:06.473Z,sell,2.392e-05,53.8,0.001286896
NEBL/BTC,1641021670761,2022-01-01T07:21:10.761Z,sell,2.389e-05,4.3,0.000102727
NEBL/BTC,1641021671120,2022-01-01T07:21:11.120Z,sell,2.392e-05,19.2,0.000459264
NEBL/BTC,1641021679654,2022-01-01T07:21:19.654Z,sell,2.404e-05,6.9,0.00016587600000000002
NEBL/BTC,1641021680846,2022-01-01T07:21:20.846Z,sell,2.398e-05,11.7,0.000280566
NEBL/BTC,1641021729978,2022-01-01T07:22:09.978Z,sell,2.398e-05,4.3,0.000103114
NEBL/BTC,1641021767135,2022-01-01T07:22:47.135Z,sell,2.4e-05,362.9,0.0087096
NEBL/BTC,1641021767135,2022-01-01T07:22:47.135Z,sell,2.399e-05,0.8,1.9192000000000002e-05
NEBL/BTC,1641021790583,2022-01-01T07:23:10.583Z,sell,2.401e-05,4.3,0.00010324299999999999
NEBL/BTC,1641021850557,2022-01-01T07:24:10.557Z,sell,2.401e-05,5.8,0.000139258
NEBL/BTC,1641021969975,2022-01-01T07:26:09.975Z,sell,2.401e-05,4.3,0.00010324299999999999
NEBL/BTC,1641022057212,2022-01-01T07:27:37.212Z,sell,2.401e-05,34.6,0.000830746
NEBL/BTC,1641022057336,2022-01-01T07:27:37.336Z,sell,2.401e-05,35.0,0.0008403499999999999
NEBL/BTC,1641022057453,2022-01-01T07:27:37.453Z,sell,2.401e-05,35.0,0.0008403499999999999
NEBL/BTC,1641022057579,2022-01-01T07:27:37.579Z,sell,2.401e-05,35.0,0.0008403499999999999
NEBL/BTC,1641022057710,2022-01-01T07:27:37.710Z,sell,2.401e-05,35.0,0.0008403499999999999
NEBL/BTC,1641022057847,2022-01-01T07:27:37.847Z,sell,2.401e-05,24.0,0.00057624
NEBL/BTC,1641022633378,2022-01-01T07:37:13.378Z,buy,2.398e-05,6.3,0.000151074
NEBL/BTC,1641023580471,2022-01-01T07:53:00.471Z,sell,2.397e-05,3931.9,0.094247643
NEBL/BTC,1641023580484,2022-01-01T07:53:00.484Z,sell,2.397e-05,1149.5,0.027553515
NEBL/BTC,1641023580738,2022-01-01T07:53:00.738Z,sell,2.397e-05,315.3,0.007557741
NEBL/BTC,1641023580738,2022-01-01T07:53:00.738Z,sell,2.397e-05,315.3,0.007557741
NEBL/BTC,1641023784051,2022-01-01T07:56:24.051Z,buy,2.398e-05,12.4,0.000297352
NEBL/BTC,1641023836862,2022-01-01T07:57:16.862Z,sell,2.396e-05,4.7,0.00011261200000000001
NEBL/BTC,1641023929321,2022-01-01T07:58:49.321Z,sell,2.396e-05,2.2,5.2712000000000006e-05
NEBL/BTC,1641024215312,2022-01-01T08:03:35.312Z,sell,2.393e-05,6.3,0.00015075899999999998
NEBL/BTC,1641024215312,2022-01-01T08:03:35.312Z,sell,2.388e-05,6.9,0.000164772
NEBL/BTC,1641024215312,2022-01-01T08:03:35.312Z,sell,2.385e-05,4.9,0.00011686500000000001
NEBL/BTC,1641024215312,2022-01-01T08:03:35.312Z,sell,2.383e-05,51.6,0.001229628
NEBL/BTC,1641024297282,2022-01-01T08:04:57.282Z,sell,2.386e-05,6.3,0.00015031799999999998
NEBL/BTC,1641024297282,2022-01-01T08:04:57.282Z,sell,2.383e-05,1.5,3.5745000000000004e-05
NEBL/BTC,1641024378439,2022-01-01T08:06:18.439Z,buy,2.389e-05,1.5,3.5835e-05
NEBL/BTC,1641024381649,2022-01-01T08:06:21.649Z,buy,2.387e-05,34.9,0.000833063
NEBL/BTC,1641024398445,2022-01-01T08:06:38.445Z,buy,2.387e-05,34.8,0.0008306759999999999
NEBL/BTC,1641024398572,2022-01-01T08:06:38.572Z,buy,2.387e-05,34.6,0.000825902
NEBL/BTC,1641024398710,2022-01-01T08:06:38.710Z,buy,2.387e-05,34.0,0.00081158
NEBL/BTC,1641024398824,2022-01-01T08:06:38.824Z,buy,2.387e-05,34.0,0.00081158
NEBL/BTC,1641024398954,2022-01-01T08:06:38.954Z,buy,2.387e-05,34.0,0.00081158
NEBL/BTC,1641024399103,2022-01-01T08:06:39.103Z,buy,2.387e-05,34.0,0.00081158
NEBL/BTC,1641024399237,2022-01-01T08:06:39.237Z,buy,2.387e-05,34.0,0.00081158
NEBL/BTC,1641024399381,2022-01-01T08:06:39.381Z,buy,2.387e-05,34.0,0.00081158
NEBL/BTC,1641024399498,2022-01-01T08:06:39.498Z,buy,2.387e-05,34.0,0.00081158
NEBL/BTC,1641024399635,2022-01-01T08:06:39.635Z,buy,2.387e-05,34.0,0.00081158
NEBL/BTC,1641024399787,2022-01-01T08:06:39.787Z,buy,2.387e-05,34.0,0.00081158
NEBL/BTC,1641024399911,2022-01-01T08:06:39.911Z,buy,2.387e-05,34.0,0.00081158
NEBL/BTC,1641024593679,2022-01-01T08:09:53.679Z,buy,2.387e-05,600.0,0.014322
NEBL/BTC,1641024639124,2022-01-01T08:10:39.124Z,buy,2.389e-05,18.0,0.00043002
NEBL/BTC,1641024639264,2022-01-01T08:10:39.264Z,buy,2.389e-05,18.0,0.00043002
NEBL/BTC,1641024683257,2022-01-01T08:11:23.257Z,buy,2.389e-05,34.0,0.00081226
NEBL/BTC,1641024683385,2022-01-01T08:11:23.385Z,buy,2.389e-05,34.0,0.00081226
NEBL/BTC,1641025215980,2022-01-01T08:20:15.980Z,buy,2.388e-05,75.6,0.0018053279999999997
NEBL/BTC,1641026083069,2022-01-01T08:34:43.069Z,buy,2.387e-05,1006.5,0.024025155
NEBL/BTC,1641026166942,2022-01-01T08:36:06.942Z,buy,2.387e-05,1007.5,0.024049025
NEBL/BTC,1641026169678,2022-01-01T08:36:09.678Z,buy,2.387e-05,4.2,0.000100254
NEBL/BTC,1641026461919,2022-01-01T08:41:01.919Z,sell,2.388e-05,457.7,0.010929876
NEBL/BTC,1641026787019,2022-01-01T08:46:27.019Z,sell,2.388e-05,418.0,0.009981839999999999
NEBL/BTC,1641026799929,2022-01-01T08:46:39.929Z,buy,2.389e-05,1.6,3.8224000000000005e-05
NEBL/BTC,1641026817807,2022-01-01T08:46:57.807Z,buy,2.389e-05,1.6,3.8224000000000005e-05
NEBL/BTC,1641026836356,2022-01-01T08:47:16.356Z,buy,2.389e-05,1.3,3.1057000000000004e-05
NEBL/BTC,1641026836399,2022-01-01T08:47:16.399Z,sell,2.388e-05,4.5,0.00010745999999999999
NEBL/BTC,1641026847992,2022-01-01T08:47:27.992Z,buy,2.389e-05,1105.5,0.026410395
NEBL/BTC,1641026847992,2022-01-01T08:47:27.992Z,buy,2.39e-05,80.0,0.001912
NEBL/BTC,1641026847992,2022-01-01T08:47:27.992Z,buy,2.392e-05,51.9,0.001241448
NEBL/BTC,1641026847992,2022-01-01T08:47:27.992Z,buy,2.389e-05,1105.5,0.026410395
NEBL/BTC,1641026847992,2022-01-01T08:47:27.992Z,buy,2.39e-05,80.0,0.001912
NEBL/BTC,1641026847992,2022-01-01T08:47:27.992Z,buy,2.392e-05,51.9,0.001241448
NEBL/BTC,1641027187066,2022-01-01T08:53:07.066Z,sell,2.395e-05,8.9,0.000213155
NEBL/BTC,1641027250701,2022-01-01T08:54:10.701Z,sell,2.395e-05,4.2,0.00010059
NEBL/BTC,1641027613426,2022-01-01T09:00:13.426Z,buy,2.396e-05,6.9,0.000165324
NEBL/BTC,1641027615189,2022-01-01T09:00:15.189Z,buy,2.404e-05,6.9,0.00016587600000000002
NEBL/BTC,1641027616065,2022-01-01T09:00:16.065Z,buy,2.405e-05,27.4,0.0006589699999999999
NEBL/BTC,1641027648244,2022-01-01T09:00:48.244Z,buy,2.412e-05,6.9,0.000166428
NEBL/BTC,1641027650516,2022-01-01T09:00:50.516Z,sell,2.415e-05,354.4,0.00855876
NEBL/BTC,1641027650516,2022-01-01T09:00:50.516Z,sell,2.414e-05,331.6,0.008004824
NEBL/BTC,1641027650516,2022-01-01T09:00:50.516Z,sell,2.412e-05,55.7,0.001343484
NEBL/BTC,1641027650516,2022-01-01T09:00:50.516Z,sell,2.411e-05,594.5,0.014333395
NEBL/BTC,1641027670174,2022-01-01T09:01:10.174Z,sell,2.414e-05,4.2,0.000101388
NEBL/BTC,1641027673123,2022-01-01T09:01:13.123Z,buy,2.417e-05,4.2,0.000101514
NEBL/BTC,1641027681877,2022-01-01T09:01:21.877Z,sell,2.415e-05,118.0,0.0028497
NEBL/BTC,1641027709674,2022-01-01T09:01:49.674Z,sell,2.418e-05,34.3,0.0008293739999999999
NEBL/BTC,1641027709817,2022-01-01T09:01:49.817Z,sell,2.418e-05,34.0,0.00082212
NEBL/BTC,1641027709858,2022-01-01T09:01:49.858Z,sell,2.418e-05,18.9,0.0004570019999999999
NEBL/BTC,1641027709961,2022-01-01T09:01:49.961Z,sell,2.418e-05,34.0,0.00082212
NEBL/BTC,1641027710099,2022-01-01T09:01:50.099Z,sell,2.418e-05,34.0,0.00082212
NEBL/BTC,1641027710237,2022-01-01T09:01:50.237Z,sell,2.418e-05,34.0,0.00082212
NEBL/BTC,1641027710364,2022-01-01T09:01:50.364Z,sell,2.418e-05,34.0,0.00082212
NEBL/BTC,1641027710491,2022-01-01T09:01:50.491Z,sell,2.418e-05,34.0,0.00082212
NEBL/BTC,1641027710644,2022-01-01T09:01:50.644Z,sell,2.418e-05,33.9,0.000819702
NEBL/BTC,1641027710756,2022-01-01T09:01:50.756Z,sell,2.418e-05,34.0,0.00082212
NEBL/BTC,1641027711133,2022-01-01T09:01:51.133Z,sell,2.418e-05,19.0,0.00045942
NEBL/BTC,1641027803123,2022-01-01T09:03:23.123Z,buy,2.418e-05,95.9,0.002318862
NEBL/BTC,1641027900437,2022-01-01T09:05:00.437Z,buy,2.419e-05,65.0,0.0015723500000000001
NEBL/BTC,1641027900437,2022-01-01T09:05:00.437Z,buy,2.42e-05,11.8,0.00028556
NEBL/BTC,1641027900437,2022-01-01T09:05:00.437Z,buy,2.423e-05,3.9,9.4497e-05
NEBL/BTC,1641027904194,2022-01-01T09:05:04.194Z,buy,2.423e-05,80.7,0.001955361
NEBL/BTC,1641028175504,2022-01-01T09:09:35.504Z,buy,2.424e-05,10.0,0.00024239999999999998
NEBL/BTC,1641028175504,2022-01-01T09:09:35.504Z,buy,2.426e-05,5.0,0.00012130000000000001
NEBL/BTC,1641028484455,2022-01-01T09:14:44.455Z,sell,2.424e-05,6.7,0.00016240799999999998
NEBL/BTC,1641028596154,2022-01-01T09:16:36.154Z,buy,2.425e-05,7.0,0.00016975
NEBL/BTC,1641028596154,2022-01-01T09:16:36.154Z,buy,2.426e-05,3.0,7.278e-05
NEBL/BTC,1641028596154,2022-01-01T09:16:36.154Z,buy,2.428e-05,276.7,0.0067182760000000005
NEBL/BTC,1641028596154,2022-01-01T09:16:36.154Z,buy,2.429e-05,12.5,0.00030362499999999997
NEBL/BTC,1641028596154,2022-01-01T09:16:36.154Z,buy,2.431e-05,463.5,0.011267685
NEBL/BTC,1641028596154,2022-01-01T09:16:36.154Z,buy,2.432e-05,5.3,0.000128896
NEBL/BTC,1641028596154,2022-01-01T09:16:36.154Z,buy,2.433e-05,12.6,0.00030655799999999996
NEBL/BTC,1641028596154,2022-01-01T09:16:36.154Z,buy,2.435e-05,4.9,0.000119315
NEBL/BTC,1641028596154,2022-01-01T09:16:36.154Z,buy,2.436e-05,6.9,0.000168084
NEBL/BTC,1641028596154,2022-01-01T09:16:36.154Z,buy,2.444e-05,23.8,0.000581672
NEBL/BTC,1641028596154,2022-01-01T09:16:36.154Z,buy,2.445e-05,5.2,0.00012714
NEBL/BTC,1641028596154,2022-01-01T09:16:36.154Z,buy,2.447e-05,10.0,0.00024470000000000004
NEBL/BTC,1641028596154,2022-01-01T09:16:36.154Z,buy,2.451e-05,0.5,1.2255e-05
NEBL/BTC,1641028598941,2022-01-01T09:16:38.941Z,sell,2.436e-05,6.9,0.000168084
NEBL/BTC,1641028769454,2022-01-01T09:19:29.454Z,buy,2.444e-05,6.9,0.000168636
NEBL/BTC,1641028771699,2022-01-01T09:19:31.699Z,sell,2.445e-05,14.8,0.00036186000000000004
NEBL/BTC,1641028813518,2022-01-01T09:20:13.518Z,sell,2.436e-05,6.9,0.000168084
NEBL/BTC,1641028813518,2022-01-01T09:20:13.518Z,sell,2.432e-05,18.5,0.00044992000000000003
NEBL/BTC,1641028813518,2022-01-01T09:20:13.518Z,sell,2.432e-05,176.8,0.004299776000000001
NEBL/BTC,1641028813578,2022-01-01T09:20:13.578Z,sell,2.432e-05,29.6,0.0007198720000000001
NEBL/BTC,1641028813599,2022-01-01T09:20:13.599Z,sell,2.432e-05,4.2,0.000102144
NEBL/BTC,1641028813692,2022-01-01T09:20:13.692Z,sell,2.432e-05,18.2,0.000442624
NEBL/BTC,1641028813722,2022-01-01T09:20:13.722Z,sell,2.432e-05,6.8,0.000165376
NEBL/BTC,1641028813768,2022-01-01T09:20:13.768Z,sell,2.432e-05,22.4,0.0005447679999999999
NEBL/BTC,1641028813780,2022-01-01T09:20:13.780Z,sell,2.432e-05,16.0,0.00038912
NEBL/BTC,1641028813802,2022-01-01T09:20:13.802Z,sell,2.432e-05,46.6,0.001133312
NEBL/BTC,1641028813869,2022-01-01T09:20:13.869Z,sell,2.432e-05,4.2,0.000102144
NEBL/BTC,1641028813898,2022-01-01T09:20:13.898Z,sell,2.432e-05,5.1,0.000124032
NEBL/BTC,1641028813898,2022-01-01T09:20:13.898Z,sell,2.431e-05,1.3,3.1603e-05
NEBL/BTC,1641028813956,2022-01-01T09:20:13.956Z,sell,2.432e-05,21.1,0.000513152
NEBL/BTC,1641028814164,2022-01-01T09:20:14.164Z,sell,2.432e-05,4.2,0.000102144
NEBL/BTC,1641028866064,2022-01-01T09:21:06.064Z,sell,2.432e-05,89.2,0.002169344
NEBL/BTC,1641029162400,2022-01-01T09:26:02.400Z,buy,2.444e-05,6.9,0.000168636
NEBL/BTC,1641029162400,2022-01-01T09:26:02.400Z,buy,2.446e-05,16.6,0.00040603600000000003
NEBL/BTC,1641029512176,2022-01-01T09:31:52.176Z,sell,2.437e-05,59.8,0.0014573259999999999
NEBL/BTC,1641029592312,2022-01-01T09:33:12.312Z,sell,2.437e-05,300.0,0.007311
NEBL/BTC,1641029598650,2022-01-01T09:33:18.650Z,sell,2.437e-05,350.0,0.008529499999999999
NEBL/BTC,1641029660728,2022-01-01T09:34:20.728Z,sell,2.437e-05,132.4,0.003226588
NEBL/BTC,1641029674015,2022-01-01T09:34:34.015Z,sell,2.437e-05,145.5,0.003545835
NEBL/BTC,1641029683718,2022-01-01T09:34:43.718Z,sell,2.436e-05,192.5,0.0046893
NEBL/BTC,1641029913056,2022-01-01T09:38:33.056Z,sell,2.436e-05,17.9,0.00043604399999999996
NEBL/BTC,1641030332884,2022-01-01T09:45:32.884Z,sell,2.436e-05,10.0,0.0002436
NEBL/BTC,1641030435689,2022-01-01T09:47:15.689Z,buy,2.444e-05,5.5,0.00013442
NEBL/BTC,1641030435689,2022-01-01T09:47:15.689Z,buy,2.444e-05,5.5,0.00013442
NEBL/BTC,1641030716891,2022-01-01T09:51:56.891Z,buy,2.444e-05,1.4,3.4216e-05
NEBL/BTC,1641030716891,2022-01-01T09:51:56.891Z,buy,2.446e-05,0.1,2.446e-06
NEBL/BTC,1641030766072,2022-01-01T09:52:46.072Z,buy,2.445e-05,8.5,0.00020782500000000002
NEBL/BTC,1641031419073,2022-01-01T10:03:39.073Z,sell,2.436e-05,46.3,0.001127868
NEBL/BTC,1641031425480,2022-01-01T10:03:45.480Z,sell,2.436e-05,6.1,0.000148596
NEBL/BTC,1641033190859,2022-01-01T10:33:10.859Z,sell,2.436e-05,1179.1,0.028722875999999998
NEBL/BTC,1641033190859,2022-01-01T10:33:10.859Z,sell,2.428e-05,6.9,0.00016753200000000002
NEBL/BTC,1641033190859,2022-01-01T10:33:10.859Z,sell,2.424e-05,10.0,0.00024239999999999998
NEBL/BTC,1641033190859,2022-01-01T10:33:10.859Z,sell,2.423e-05,51.9,0.001257537
NEBL/BTC,1641033190859,2022-01-01T10:33:10.859Z,sell,2.422e-05,135.3,0.003276966
NEBL/BTC,1641033192966,2022-01-01T10:33:12.966Z,sell,2.422e-05,28.5,0.00069027
NEBL/BTC,1641033192972,2022-01-01T10:33:12.972Z,sell,2.422e-05,336.0,0.00813792
NEBL/BTC,1641033192978,2022-01-01T10:33:12.978Z,sell,2.422e-05,241.0,0.00583702
NEBL/BTC,1641033193013,2022-01-01T10:33:13.013Z,sell,2.422e-05,38.9,0.0009421579999999999
NEBL/BTC,1641033193026,2022-01-01T10:33:13.026Z,sell,2.422e-05,36.0,0.00087192
NEBL/BTC,1641033193055,2022-01-01T10:33:13.055Z,sell,2.422e-05,14.7,0.00035603399999999997
NEBL/BTC,1641033193059,2022-01-01T10:33:13.059Z,sell,2.422e-05,6.3,0.000152586
NEBL/BTC,1641033295961,2022-01-01T10:34:55.961Z,sell,2.422e-05,4.2,0.000101724
NEBL/BTC,1641033295961,2022-01-01T10:34:55.961Z,sell,2.42e-05,6.9,0.00016698
NEBL/BTC,1641033295961,2022-01-01T10:34:55.961Z,sell,2.418e-05,12.4,0.000299832
NEBL/BTC,1641033403430,2022-01-01T10:36:43.430Z,sell,2.418e-05,66.9,0.001617642
NEBL/BTC,1641033584955,2022-01-01T10:39:44.955Z,buy,2.419e-05,398.0,0.00962762
NEBL/BTC,1641033950962,2022-01-01T10:45:50.962Z,buy,2.425e-05,14.0,0.0003395
NEBL/BTC,1641033950962,2022-01-01T10:45:50.962Z,buy,2.428e-05,6.9,0.00016753200000000002
NEBL/BTC,1641033950962,2022-01-01T10:45:50.962Z,buy,2.435e-05,22.4,0.0005454399999999999
NEBL/BTC,1641033950962,2022-01-01T10:45:50.962Z,buy,2.425e-05,14.0,0.0003395
NEBL/BTC,1641033950962,2022-01-01T10:45:50.962Z,buy,2.428e-05,6.9,0.00016753200000000002
NEBL/BTC,1641033950962,2022-01-01T10:45:50.962Z,buy,2.435e-05,22.4,0.0005454399999999999
NEBL/BTC,1641034124568,2022-01-01T10:48:44.568Z,sell,2.42e-05,6.9,0.00016698
NEBL/BTC,1641034156011,2022-01-01T10:49:16.011Z,buy,2.42e-05,41.2,0.00099704
NEBL/BTC,1641034262854,2022-01-01T10:51:02.854Z,buy,2.428e-05,6.9,0.00016753200000000002
NEBL/BTC,1641034262854,2022-01-01T10:51:02.854Z,buy,2.432e-05,352.2,0.008565504
NEBL/BTC,1641034262866,2022-01-01T10:51:02.866Z,sell,2.432e-05,397.9,0.009676928
NEBL/BTC,1641034414046,2022-01-01T10:53:34.046Z,sell,2.422e-05,16.3,0.000394786
NEBL/BTC,1641034414046,2022-01-01T10:53:34.046Z,sell,2.421e-05,352.2,0.008526762
NEBL/BTC,1641034414046,2022-01-01T10:53:34.046Z,sell,2.42e-05,62.3,0.0015076599999999999
NEBL/BTC,1641034414046,2022-01-01T10:53:34.046Z,sell,2.419e-05,20.8,0.000503152
NEBL/BTC,1641034812358,2022-01-01T11:00:12.358Z,buy,2.425e-05,7.0,0.00016975
NEBL/BTC,1641034812358,2022-01-01T11:00:12.358Z,buy,2.428e-05,39.1,0.000949348
NEBL/BTC,1641035081453,2022-01-01T11:04:41.453Z,buy,2.433e-05,22.8,0.000554724
NEBL/BTC,1641035147594,2022-01-01T11:05:47.594Z,sell,2.423e-05,79.7,0.001931131
NEBL/BTC,1641035147605,2022-01-01T11:05:47.605Z,buy,2.423e-05,0.3,7.268999999999999e-06
NEBL/BTC,1641036864086,2022-01-01T11:34:24.086Z,buy,2.432e-05,351.5,0.00854848
NEBL/BTC,1641036909962,2022-01-01T11:35:09.962Z,sell,2.433e-05,4.2,0.000102186
NEBL/BTC,1641037009627,2022-01-01T11:36:49.627Z,sell,2.433e-05,32.3,0.0007858589999999999
NEBL/BTC,1641037009627,2022-01-01T11:36:49.627Z,sell,2.433e-05,32.3,0.0007858589999999999
NEBL/BTC,1641038558920,2022-01-01T12:02:38.920Z,buy,2.436e-05,20.6,0.0005018160000000001
NEBL/BTC,1641038624193,2022-01-01T12:03:44.193Z,sell,2.433e-05,9.7,0.00023600099999999998
NEBL/BTC,1641039222452,2022-01-01T12:13:42.452Z,sell,2.433e-05,161.2,0.003921996
NEBL/BTC,1641039407173,2022-01-01T12:16:47.173Z,sell,2.433e-05,143.6,0.003493788
NEBL/BTC,1641039407173,2022-01-01T12:16:47.173Z,sell,2.432e-05,248.5,0.00604352
NEBL/BTC,1641039407173,2022-01-01T12:16:47.173Z,sell,2.428e-05,6.9,0.00016753200000000002
NEBL/BTC,1641039407173,2022-01-01T12:16:47.173Z,sell,2.42e-05,6.9,0.00016698
NEBL/BTC,1641039407173,2022-01-01T12:16:47.173Z,sell,2.415e-05,108.9,0.0026299350000000003
NEBL/BTC,1641039407173,2022-01-01T12:16:47.173Z,sell,2.414e-05,5.2,0.000125528
NEBL/BTC,1641039407173,2022-01-01T12:16:47.173Z,sell,2.412e-05,6.9,0.000166428
NEBL/BTC,1641039407173,2022-01-01T12:16:47.173Z,sell,2.41e-05,159.1,0.0038343099999999996
NEBL/BTC,1641039407173,2022-01-01T12:16:47.173Z,sell,2.407e-05,5.9,0.00014201300000000002
NEBL/BTC,1641039407173,2022-01-01T12:16:47.173Z,sell,2.404e-05,6.9,0.00016587600000000002
NEBL/BTC,1641039407173,2022-01-01T12:16:47.173Z,sell,2.403e-05,5.9,0.000141777
NEBL/BTC,1641039407173,2022-01-01T12:16:47.173Z,sell,2.402e-05,1293.3,0.031065066
NEBL/BTC,1641039410808,2022-01-01T12:16:50.808Z,buy,2.412e-05,6.9,0.000166428
NEBL/BTC,1641040051496,2022-01-01T12:27:31.496Z,sell,2.413e-05,1295.8,0.031267654
NEBL/BTC,1641040051496,2022-01-01T12:27:31.496Z,sell,2.412e-05,641.4,0.015470567999999999
NEBL/BTC,1641040051506,2022-01-01T12:27:31.506Z,buy,2.411e-05,49.5,0.001193445
NEBL/BTC,1641040051535,2022-01-01T12:27:31.535Z,buy,2.41e-05,30.7,0.00073987
NEBL/BTC,1641040051633,2022-01-01T12:27:31.633Z,buy,2.41e-05,59.0,0.0014219
NEBL/BTC,1641040051768,2022-01-01T12:27:31.768Z,buy,2.41e-05,59.0,0.0014219
NEBL/BTC,1641040051935,2022-01-01T12:27:31.935Z,buy,2.41e-05,59.0,0.0014219
NEBL/BTC,1641040083954,2022-01-01T12:28:03.954Z,sell,2.409e-05,207.6,0.005001084
NEBL/BTC,1641040534934,2022-01-01T12:35:34.934Z,buy,2.407e-05,55.0,0.0013238500000000001
NEBL/BTC,1641040544970,2022-01-01T12:35:44.970Z,sell,2.407e-05,331.6,0.007981612
NEBL/BTC,1641040544970,2022-01-01T12:35:44.970Z,sell,2.406e-05,117.2,0.002819832
NEBL/BTC,1641040544977,2022-01-01T12:35:44.977Z,buy,2.406e-05,286.4,0.006890784
NEBL/BTC,1641040596614,2022-01-01T12:36:36.614Z,buy,2.42e-05,1.3,3.146e-05
NEBL/BTC,1641040596614,2022-01-01T12:36:36.614Z,buy,2.42e-05,1.3,3.146e-05
NEBL/BTC,1641041435796,2022-01-01T12:50:35.796Z,buy,2.419e-05,1.2,2.9028e-05
NEBL/BTC,1641041759555,2022-01-01T12:55:59.555Z,sell,2.41e-05,142.4,0.0034318400000000002
NEBL/BTC,1641041869480,2022-01-01T12:57:49.480Z,sell,2.41e-05,185.1,0.00446091
NEBL/BTC,1641042268783,2022-01-01T13:04:28.783Z,buy,2.416e-05,5.3,0.000128048
NEBL/BTC,1641042268783,2022-01-01T13:04:28.783Z,buy,2.417e-05,7.9,0.000190943
NEBL/BTC,1641042280073,2022-01-01T13:04:40.073Z,buy,2.42e-05,5.6,0.00013551999999999998
NEBL/BTC,1641042280073,2022-01-01T13:04:40.073Z,buy,2.421e-05,44.1,0.0010676610000000001
NEBL/BTC,1641042505904,2022-01-01T13:08:25.904Z,buy,2.421e-05,1.3,3.1473e-05
NEBL/BTC,1641043747751,2022-01-01T13:29:07.751Z,buy,2.418e-05,1.2,2.9015999999999998e-05
NEBL/BTC,1641044177197,2022-01-01T13:36:17.197Z,buy,2.417e-05,1.4,3.3838e-05
NEBL/BTC,1641044177197,2022-01-01T13:36:17.197Z,buy,2.417e-05,1.4,3.3838e-05
NEBL/BTC,1641045313339,2022-01-01T13:55:13.339Z,sell,2.412e-05,6.9,0.000166428
NEBL/BTC,1641045313350,2022-01-01T13:55:13.350Z,buy,2.412e-05,6.0,0.00014471999999999998
NEBL/BTC,1641045780465,2022-01-01T14:03:00.465Z,buy,2.415e-05,1.4,3.3809999999999996e-05
NEBL/BTC,1641045858189,2022-01-01T14:04:18.189Z,buy,2.414e-05,5.3,0.000127942
NEBL/BTC,1641045858189,2022-01-01T14:04:18.189Z,buy,2.42e-05,4.7,0.00011373999999999999
NEBL/BTC,1641045983000,2022-01-01T14:06:23.000Z,buy,2.419e-05,18.0,0.00043542
NEBL/BTC,1641045987005,2022-01-01T14:06:27.005Z,buy,2.419e-05,18.0,0.00043542
NEBL/BTC,1641045991069,2022-01-01T14:06:31.069Z,buy,2.419e-05,18.0,0.00043542
NEBL/BTC,1641046561632,2022-01-01T14:16:01.632Z,buy,2.42e-05,2.2,5.324e-05
NEBL/BTC,1641046561816,2022-01-01T14:16:01.816Z,sell,2.42e-05,4.0,9.68e-05
NEBL/BTC,1641046608228,2022-01-01T14:16:48.228Z,sell,2.415e-05,6.9,0.00016663500000000002
NEBL/BTC,1641046761226,2022-01-01T14:19:21.226Z,sell,2.419e-05,4.5,0.000108855
NEBL/BTC,1641046761226,2022-01-01T14:19:21.226Z,sell,2.415e-05,4.2,0.00010143000000000001
NEBL/BTC,1641046761226,2022-01-01T14:19:21.226Z,sell,2.412e-05,6.9,0.000166428
NEBL/BTC,1641046761226,2022-01-01T14:19:21.226Z,sell,2.406e-05,110.7,0.0026634420000000002
NEBL/BTC,1641046761226,2022-01-01T14:19:21.226Z,sell,2.404e-05,634.9,0.015262996
NEBL/BTC,1641046761226,2022-01-01T14:19:21.226Z,sell,2.403e-05,196.8,0.004729104
NEBL/BTC,1641046809376,2022-01-01T14:20:09.376Z,buy,2.412e-05,6.9,0.000166428
NEBL/BTC,1641046843937,2022-01-01T14:20:43.937Z,buy,2.417e-05,55.2,0.0013341840000000002
NEBL/BTC,1641046908093,2022-01-01T14:21:48.093Z,sell,2.406e-05,56.1,0.001349766
NEBL/BTC,1641046908093,2022-01-01T14:21:48.093Z,sell,2.405e-05,19.4,0.0004665699999999999
NEBL/BTC,1641046910761,2022-01-01T14:21:50.761Z,sell,2.404e-05,6.9,0.00016587600000000002
NEBL/BTC,1641046910761,2022-01-01T14:21:50.761Z,sell,2.403e-05,36.4,0.0008746919999999999
NEBL/BTC,1641047050614,2022-01-01T14:24:10.614Z,sell,2.403e-05,331.6,0.007968348
NEBL/BTC,1641047050707,2022-01-01T14:24:10.707Z,buy,2.403e-05,51.0,0.0012255299999999998
NEBL/BTC,1641047050834,2022-01-01T14:24:10.834Z,buy,2.403e-05,51.0,0.0012255299999999998
NEBL/BTC,1641047050850,2022-01-01T14:24:10.850Z,buy,2.403e-05,380.7,0.009148221
NEBL/BTC,1641047274307,2022-01-01T14:27:54.307Z,buy,2.412e-05,1.5,3.6179999999999996e-05
NEBL/BTC,1641047274307,2022-01-01T14:27:54.307Z,buy,2.412e-05,1.5,3.6179999999999996e-05
NEBL/BTC,1641047896372,2022-01-01T14:38:16.372Z,buy,2.407e-05,17.0,0.00040919000000000003
NEBL/BTC,1641047916762,2022-01-01T14:38:36.762Z,sell,2.401e-05,15.3,0.000367353
NEBL/BTC,1641047916767,2022-01-01T14:38:36.767Z,buy,2.401e-05,139.0,0.00333739
NEBL/BTC,1641048350959,2022-01-01T14:45:50.959Z,buy,2.412e-05,5.4,0.00013024800000000002
NEBL/BTC,1641048350964,2022-01-01T14:45:50.964Z,sell,2.412e-05,21.5,0.00051858
NEBL/BTC,1641049153424,2022-01-01T14:59:13.424Z,sell,2.404e-05,6.9,0.00016587600000000002
NEBL/BTC,1641049153424,2022-01-01T14:59:13.424Z,sell,2.402e-05,624.4,0.014998088
NEBL/BTC,1641049153432,2022-01-01T14:59:13.432Z,buy,2.402e-05,183.1,0.004398062
NEBL/BTC,1641049160280,2022-01-01T14:59:20.280Z,buy,2.412e-05,6.9,0.000166428
NEBL/BTC,1641049846016,2022-01-01T15:10:46.016Z,sell,2.405e-05,21.8,0.00052429
NEBL/BTC,1641050129188,2022-01-01T15:15:29.188Z,sell,2.405e-05,33.8,0.0008128899999999999
NEBL/BTC,1641050156662,2022-01-01T15:15:56.662Z,buy,2.405e-05,49.6,0.00119288
NEBL/BTC,1641050156808,2022-01-01T15:15:56.808Z,buy,2.405e-05,27.0,0.0006493499999999999
NEBL/BTC,1641050156948,2022-01-01T15:15:56.948Z,buy,2.405e-05,28.0,0.0006734
NEBL/BTC,1641050611000,2022-01-01T15:23:31.000Z,sell,2.404e-05,6.9,0.00016587600000000002
NEBL/BTC,1641050611000,2022-01-01T15:23:31.000Z,sell,2.404e-05,6.9,0.00016587600000000002
NEBL/BTC,1641051555104,2022-01-01T15:39:15.104Z,buy,2.404e-05,6.3,0.000151452
NEBL/BTC,1641051614339,2022-01-01T15:40:14.339Z,buy,2.404e-05,6.3,0.000151452
NEBL/BTC,1641051758144,2022-01-01T15:42:38.144Z,sell,2.4e-05,70.6,0.0016944
NEBL/BTC,1641051758144,2022-01-01T15:42:38.144Z,sell,2.396e-05,6.9,0.000165324
NEBL/BTC,1641051758144,2022-01-01T15:42:38.144Z,sell,2.392e-05,117.1,0.002801032
NEBL/BTC,1641051763875,2022-01-01T15:42:43.875Z,sell,2.392e-05,17.4,0.000416208
NEBL/BTC,1641051763875,2022-01-01T15:42:43.875Z,sell,2.391e-05,176.5,0.004220115
NEBL/BTC,1641051894830,2022-01-01T15:44:54.830Z,sell,2.391e-05,4.2,0.00010042200000000001
NEBL/BTC,1641051894830,2022-01-01T15:44:54.830Z,sell,2.39e-05,413.6,0.009885040000000001
NEBL/BTC,1641052590364,2022-01-01T15:56:30.364Z,buy,2.39e-05,24.9,0.00059511
NEBL/BTC,1641052695953,2022-01-01T15:58:15.953Z,sell,2.39e-05,221.9,0.005303410000000001
NEBL/BTC,1641052840423,2022-01-01T16:00:40.423Z,sell,2.389e-05,5.3,0.00012661699999999998
NEBL/BTC,1641052840423,2022-01-01T16:00:40.423Z,sell,2.388e-05,17.7,0.000422676
NEBL/BTC,1641052873693,2022-01-01T16:01:13.693Z,sell,2.388e-05,123.9,0.002958732
NEBL/BTC,1641052902379,2022-01-01T16:01:42.379Z,sell,2.385e-05,4.9,0.00011686500000000001
NEBL/BTC,1641052902379,2022-01-01T16:01:42.379Z,sell,2.384e-05,59.6,0.001420864
NEBL/BTC,1641052902379,2022-01-01T16:01:42.379Z,sell,2.381e-05,6.9,0.00016428900000000003
NEBL/BTC,1641053085403,2022-01-01T16:04:45.403Z,buy,2.386e-05,25.4,0.0006060439999999999
NEBL/BTC,1641053694404,2022-01-01T16:14:54.404Z,sell,2.382e-05,25.6,0.0006097920000000001
NEBL/BTC,1641053694404,2022-01-01T16:14:54.404Z,sell,2.381e-05,13.9,0.00033095900000000003
NEBL/BTC,1641053694404,2022-01-01T16:14:54.404Z,sell,2.38e-05,14.9,0.00035462
NEBL/BTC,1641053694404,2022-01-01T16:14:54.404Z,sell,2.379e-05,630.5,0.014999595000000001
NEBL/BTC,1641053694404,2022-01-01T16:14:54.404Z,sell,2.378e-05,2326.0,0.05531228
NEBL/BTC,1641053694404,2022-01-01T16:14:54.404Z,sell,2.377e-05,5.3,0.000125981
NEBL/BTC,1641053694404,2022-01-01T16:14:54.404Z,sell,2.373e-05,366.4,0.008694672
NEBL/BTC,1641053694404,2022-01-01T16:14:54.404Z,sell,2.372e-05,753.2,0.017865904000000002
NEBL/BTC,1641053694404,2022-01-01T16:14:54.404Z,sell,2.371e-05,2808.7,0.06659427700000001
NEBL/BTC,1641053694404,2022-01-01T16:14:54.404Z,sell,2.37e-05,10.9,0.00025833000000000003
NEBL/BTC,1641053694416,2022-01-01T16:14:54.416Z,buy,2.37e-05,54.6,0.0012940200000000001
NEBL/BTC,1641053694416,2022-01-01T16:14:54.416Z,sell,2.369e-05,4.9,0.000116081
NEBL/BTC,1641053694416,2022-01-01T16:14:54.416Z,sell,2.364e-05,11.8,0.000278952
NEBL/BTC,1641053696753,2022-01-01T16:14:56.753Z,sell,2.371e-05,20.0,0.00047420000000000003
NEBL/BTC,1641053728311,2022-01-01T16:15:28.311Z,buy,2.372e-05,6.9,0.000163668
NEBL/BTC,1641053728311,2022-01-01T16:15:28.311Z,buy,2.377e-05,46.6,0.001107682
NEBL/BTC,1641053742304,2022-01-01T16:15:42.304Z,buy,2.374e-05,126.3,0.002998362
NEBL/BTC,1641053745282,2022-01-01T16:15:45.282Z,buy,2.373e-05,19.0,0.00045087
NEBL/BTC,1641053766480,2022-01-01T16:16:06.480Z,buy,2.37e-05,18.0,0.0004266
NEBL/BTC,1641053982607,2022-01-01T16:19:42.607Z,buy,2.368e-05,500.0,0.01184
NEBL/BTC,1641053988522,2022-01-01T16:19:48.522Z,buy,2.368e-05,500.0,0.01184
NEBL/BTC,1641053988522,2022-01-01T16:19:48.522Z,buy,2.368e-05,500.0,0.01184
NEBL/BTC,1641055187094,2022-01-01T16:39:47.094Z,sell,2.368e-05,4.3,0.00010182399999999999
NEBL/BTC,1641055187094,2022-01-01T16:39:47.094Z,sell,2.367e-05,201.8,0.004776606
NEBL/BTC,1641055187094,2022-01-01T16:39:47.094Z,sell,2.366e-05,9820.9,0.232362494
NEBL/BTC,1641055187491,2022-01-01T16:39:47.491Z,sell,2.366e-05,524.0,0.01239784
NEBL/BTC,1641055187764,2022-01-01T16:39:47.764Z,sell,2.366e-05,395.0,0.0093457
NEBL/BTC,1641055240311,2022-01-01T16:40:40.311Z,buy,2.368e-05,105.3,0.002493504
NEBL/BTC,1641056300441,2022-01-01T16:58:20.441Z,buy,2.369e-05,4.7,0.000111343
NEBL/BTC,1641056695184,2022-01-01T17:04:55.184Z,buy,2.371e-05,35.1,0.0008322210000000001
NEBL/BTC,1641056773646,2022-01-01T17:06:13.646Z,buy,2.372e-05,6.3,0.000149436
NEBL/BTC,1641056833914,2022-01-01T17:07:13.914Z,buy,2.368e-05,6.3,0.000149184
NEBL/BTC,1641056890902,2022-01-01T17:08:10.902Z,buy,2.368e-05,6.4,0.000151552
NEBL/BTC,1641057034700,2022-01-01T17:10:34.700Z,sell,2.367e-05,5.5,0.000130185
NEBL/BTC,1641057373278,2022-01-01T17:16:13.278Z,buy,2.371e-05,75.0,0.00177825
NEBL/BTC,1641057373342,2022-01-01T17:16:13.342Z,buy,2.371e-05,39.6,0.0009389160000000001
NEBL/BTC,1641057373342,2022-01-01T17:16:13.342Z,buy,2.371e-05,39.6,0.0009389160000000001
NEBL/BTC,1641057718172,2022-01-01T17:21:58.172Z,buy,2.369e-05,237.4,0.005624006
NEBL/BTC,1641057872713,2022-01-01T17:24:32.713Z,buy,2.373e-05,17.9,0.000424767
NEBL/BTC,1641058062300,2022-01-01T17:27:42.300Z,sell,2.368e-05,15.0,0.0003552
NEBL/BTC,1641058076740,2022-01-01T17:27:56.740Z,buy,2.373e-05,10.9,0.00025865700000000003
NEBL/BTC,1641058212509,2022-01-01T17:30:12.509Z,buy,2.375e-05,357.0,0.00847875
NEBL/BTC,1641058212509,2022-01-01T17:30:12.509Z,buy,2.376e-05,631.3,0.014999687999999999
NEBL/BTC,1641058212509,2022-01-01T17:30:12.509Z,buy,2.38e-05,6.9,0.00016422
NEBL/BTC,1641058212509,2022-01-01T17:30:12.509Z,buy,2.388e-05,11.8,0.000281784
NEBL/BTC,1641058212509,2022-01-01T17:30:12.509Z,buy,2.396e-05,6.9,0.000165324
NEBL/BTC,1641058212514,2022-01-01T17:30:12.514Z,sell,2.396e-05,1100.0,0.026356
NEBL/BTC,1641058212514,2022-01-01T17:30:12.514Z,sell,2.396e-05,0.1,2.3960000000000004e-06
NEBL/BTC,1641058215732,2022-01-01T17:30:15.732Z,buy,2.386e-05,6.9,0.000164634
NEBL/BTC,1641058258884,2022-01-01T17:30:58.884Z,sell,2.38e-05,21.8,0.00051884
NEBL/BTC,1641058902834,2022-01-01T17:41:42.834Z,sell,2.372e-05,6.9,0.000163668
NEBL/BTC,1641058902834,2022-01-01T17:41:42.834Z,sell,2.369e-05,4.9,0.000116081
NEBL/BTC,1641058902834,2022-01-01T17:41:42.834Z,sell,2.367e-05,7.2,0.000170424
NEBL/BTC,1641059101835,2022-01-01T17:45:01.835Z,sell,2.367e-05,56.1,0.001327887
NEBL/BTC,1641059114016,2022-01-01T17:45:14.016Z,sell,2.366e-05,2580.6,0.061056996
NEBL/BTC,1641059117618,2022-01-01T17:45:17.618Z,sell,2.366e-05,84.3,0.001994538
NEBL/BTC,1641060285222,2022-01-01T18:04:45.222Z,buy,2.375e-05,33.7,0.0008003750000000001
NEBL/BTC,1641060305227,2022-01-01T18:05:05.227Z,buy,2.375e-05,8.5,0.00020187500000000001
NEBL/BTC,1641060314714,2022-01-01T18:05:14.714Z,sell,2.368e-05,12.6,0.000298368
NEBL/BTC,1641060314714,2022-01-01T18:05:14.714Z,sell,2.368e-05,12.6,0.000298368
NEBL/BTC,1641061290350,2022-01-01T18:21:30.350Z,buy,2.375e-05,12.4,0.0002945
NEBL/BTC,1641061590722,2022-01-01T18:26:30.722Z,sell,2.368e-05,12.6,0.000298368
NEBL/BTC,1641061876474,2022-01-01T18:31:16.474Z,sell,2.369e-05,38.9,0.0009215409999999999
NEBL/BTC,1641061965522,2022-01-01T18:32:45.522Z,buy,2.374e-05,7.9,0.000187546
NEBL/BTC,1641061990786,2022-01-01T18:33:10.786Z,buy,2.375e-05,47.0,0.00111625
NEBL/BTC,1641062590893,2022-01-01T18:43:10.893Z,buy,2.375e-05,359.4,0.00853575
NEBL/BTC,1641062590893,2022-01-01T18:43:10.893Z,buy,2.376e-05,55.2,0.0013115520000000001
NEBL/BTC,1641062590893,2022-01-01T18:43:10.893Z,buy,2.378e-05,28.4,0.0006753519999999999
NEBL/BTC,1641063212509,2022-01-01T18:53:32.509Z,buy,2.377e-05,100.0,0.002377
NEBL/BTC,1641063674624,2022-01-01T19:01:14.624Z,buy,2.377e-05,8.4,0.000199668
NEBL/BTC,1641063893050,2022-01-01T19:04:53.050Z,buy,2.377e-05,20.7,0.000492039
NEBL/BTC,1641063893050,2022-01-01T19:04:53.050Z,buy,2.377e-05,20.7,0.000492039
NEBL/BTC,1641064239014,2022-01-01T19:10:39.014Z,buy,2.377e-05,185.9,0.004418843
NEBL/BTC,1641064246671,2022-01-01T19:10:46.671Z,buy,2.378e-05,57.7,0.001372106
NEBL/BTC,1641064284526,2022-01-01T19:11:24.526Z,buy,2.38e-05,739.3,0.017595339999999998
NEBL/BTC,1641064284526,2022-01-01T19:11:24.526Z,buy,2.388e-05,11.8,0.000281784
NEBL/BTC,1641064284526,2022-01-01T19:11:24.526Z,buy,2.396e-05,6.9,0.000165324
NEBL/BTC,1641064284526,2022-01-01T19:11:24.526Z,buy,2.401e-05,133.4,0.003202934
NEBL/BTC,1641064284526,2022-01-01T19:11:24.526Z,buy,2.404e-05,30.6,0.000735624
NEBL/BTC,1641064284526,2022-01-01T19:11:24.526Z,buy,2.405e-05,4.9,0.00011784500000000001
NEBL/BTC,1641064284526,2022-01-01T19:11:24.526Z,buy,2.406e-05,71.4,0.001717884
NEBL/BTC,1641064287776,2022-01-01T19:11:27.776Z,sell,2.388e-05,6.9,0.000164772
NEBL/BTC,1641064288534,2022-01-01T19:11:28.534Z,sell,2.396e-05,6.9,0.000165324
NEBL/BTC,1641064299483,2022-01-01T19:11:39.483Z,buy,2.396e-05,959.0,0.02297764
NEBL/BTC,1641064304914,2022-01-01T19:11:44.914Z,buy,2.404e-05,179.4,0.004312776
NEBL/BTC,1641064304914,2022-01-01T19:11:44.914Z,buy,2.405e-05,387.0,0.009307349999999999
NEBL/BTC,1641064305893,2022-01-01T19:11:45.893Z,sell,2.396e-05,6.9,0.000165324
NEBL/BTC,1641064316439,2022-01-01T19:11:56.439Z,buy,2.404e-05,683.4,0.016428935999999998
NEBL/BTC,1641064323085,2022-01-01T19:12:03.085Z,buy,2.406e-05,72.3,0.001739538
NEBL/BTC,1641064326575,2022-01-01T19:12:06.575Z,buy,2.406e-05,24.1,0.0005798460000000001
NEBL/BTC,1641064351152,2022-01-01T19:12:31.152Z,buy,2.406e-05,345.2,0.008305512
NEBL/BTC,1641064357180,2022-01-01T19:12:37.180Z,buy,2.407e-05,121.0,0.0029124700000000003
NEBL/BTC,1641064360220,2022-01-01T19:12:40.220Z,sell,2.402e-05,126.3,0.003033726
NEBL/BTC,1641064386171,2022-01-01T19:13:06.171Z,buy,2.41e-05,126.3,0.00304383
NEBL/BTC,1641064386171,2022-01-01T19:13:06.171Z,buy,2.411e-05,331.6,0.007994876000000001
NEBL/BTC,1641064443926,2022-01-01T19:14:03.926Z,buy,2.411e-05,8.1,0.000195291
NEBL/BTC,1641064443926,2022-01-01T19:14:03.926Z,buy,2.412e-05,6.9,0.000166428
NEBL/BTC,1641064443935,2022-01-01T19:14:03.935Z,sell,2.412e-05,28.3,0.000682596
NEBL/BTC,1641064443935,2022-01-01T19:14:03.935Z,sell,2.412e-05,30.8,0.000742896
NEBL/BTC,1641064444057,2022-01-01T19:14:04.057Z,sell,2.412e-05,28.0,0.00067536
NEBL/BTC,1641064444192,2022-01-01T19:14:04.192Z,sell,2.412e-05,28.0,0.00067536
NEBL/BTC,1641064444304,2022-01-01T19:14:04.304Z,sell,2.412e-05,15.3,0.000369036
NEBL/BTC,1641064450317,2022-01-01T19:14:10.317Z,buy,2.418e-05,35.3,0.0008535539999999999
NEBL/BTC,1641064451846,2022-01-01T19:14:11.846Z,sell,2.404e-05,6.9,0.00016587600000000002
NEBL/BTC,1641064451846,2022-01-01T19:14:11.846Z,sell,2.401e-05,37.2,0.000893172
NEBL/BTC,1641064452934,2022-01-01T19:14:12.934Z,buy,2.417e-05,13.0,0.00031421
NEBL/BTC,1641064513404,2022-01-01T19:15:13.404Z,buy,2.412e-05,6.3,0.000151956
NEBL/BTC,1641065849418,2022-01-01T19:37:29.418Z,buy,2.411e-05,373.1,0.008995441000000002
NEBL/BTC,1641065849418,2022-01-01T19:37:29.418Z,buy,2.412e-05,245.1,0.005911812
NEBL/BTC,1641065849427,2022-01-01T19:37:29.427Z,sell,2.412e-05,15.0,0.0003618
NEBL/BTC,1641065849446,2022-01-01T19:37:29.446Z,sell,2.413e-05,9.4,0.00022682200000000003
NEBL/BTC,1641065849504,2022-01-01T19:37:29.504Z,sell,2.413e-05,341.0,0.00822833
NEBL/BTC,1641065856454,2022-01-01T19:37:36.454Z,sell,2.413e-05,0.3,7.239e-06
NEBL/BTC,1641065856454,2022-01-01T19:37:36.454Z,sell,2.412e-05,18.7,0.00045104399999999995
NEBL/BTC,1641065856462,2022-01-01T19:37:36.462Z,sell,2.412e-05,23.0,0.00055476
NEBL/BTC,1641065856473,2022-01-01T19:37:36.473Z,sell,2.413e-05,13.1,0.000316103
NEBL/BTC,1641065856542,2022-01-01T19:37:36.542Z,sell,2.413e-05,280.0,0.0067564
NEBL/BTC,1641065856586,2022-01-01T19:37:36.586Z,sell,2.413e-05,44.8,0.0010810239999999999
NEBL/BTC,1641065856735,2022-01-01T19:37:36.735Z,sell,2.413e-05,12.8,0.00030886400000000006
NEBL/BTC,1641065856805,2022-01-01T19:37:36.805Z,sell,2.413e-05,32.2,0.0007769860000000001
NEBL/BTC,1641065856936,2022-01-01T19:37:36.936Z,sell,2.413e-05,32.0,0.00077216
NEBL/BTC,1641065857068,2022-01-01T19:37:37.068Z,sell,2.413e-05,31.9,0.000769747
NEBL/BTC,1641065857187,2022-01-01T19:37:37.187Z,sell,2.413e-05,32.0,0.00077216
