symbol,timestamp,datetime,side,price,amount,btc_volume
NULS/BTC,1580231502072,2020-01-28T17:11:42.072Z,buy,2.972e-05,4.0,0.00011888
NULS/BTC,1580231502072,2020-01-28T17:11:42.072Z,buy,2.973e-05,3266.0,0.09709818
NULS/BTC,1580231512635,2020-01-28T17:11:52.635Z,buy,2.973e-05,3000.0,0.08919
NULS/BTC,1580231521380,2020-01-28T17:12:01.380Z,buy,2.973e-05,915.0,0.02720295
NULS/BTC,1580231640274,2020-01-28T17:14:00.274Z,sell,2.969e-05,105.0,0.00311745
NULS/BTC,1580231743392,2020-01-28T17:15:43.392Z,buy,2.973e-05,324.0,0.00963252
NULS/BTC,1580231743392,2020-01-28T17:15:43.392Z,buy,2.977e-05,28.0,0.00083356
NULS/BTC,1580231743400,2020-01-28T17:15:43.400Z,buy,2.981e-05,11.0,0.00032791
NULS/BTC,1580231743453,2020-01-28T17:15:43.453Z,sell,2.975e-05,324.0,0.009639
NULS/BTC,1580231940471,2020-01-28T17:19:00.471Z,sell,2.976e-05,46.0,0.00136896
NULS/BTC,1580231965069,2020-01-28T17:19:25.069Z,buy,2.978e-05,381.0,0.011346179999999999
NULS/BTC,1580231966977,2020-01-28T17:19:26.977Z,buy,2.977e-05,991.0,0.029502070000000002
NULS/BTC,1580231987840,2020-01-28T17:19:47.840Z,buy,2.984e-05,57.0,0.0017008799999999999
NULS/BTC,1580231996085,2020-01-28T17:19:56.085Z,buy,2.984e-05,165.0,0.0049236
NULS/BTC,1580232013245,2020-01-28T17:20:13.245Z,sell,2.984e-05,60.0,0.0017904
NULS/BTC,1580232188047,2020-01-28T17:23:08.047Z,sell,2.984e-05,4.0,0.00011936
NULS/BTC,1580232400263,2020-01-28T17:26:40.263Z,sell,2.985e-05,60.0,0.001791
NULS/BTC,1580232521483,2020-01-28T17:28:41.483Z,sell,2.984e-05,4.0,0.00011936
NULS/BTC,1580232682513,2020-01-28T17:31:22.513Z,buy,2.986e-05,4.0,0.00011944
NULS/BTC,1580232722820,2020-01-28T17:32:02.820Z,buy,2.989e-05,29.0,0.00086681
NULS/BTC,1580232723105,2020-01-28T17:32:03.105Z,buy,2.991e-05,4.0,0.00011964
NULS/BTC,1580232723508,2020-01-28T17:32:03.508Z,buy,2.992e-05,229.0,0.006851680000000001
NULS/BTC,1580232723529,2020-01-28T17:32:03.529Z,buy,2.993e-05,229.0,0.00685397
NULS/BTC,1580232723560,2020-01-28T17:32:03.560Z,buy,2.993e-05,229.0,0.00685397
NULS/BTC,1580232723600,2020-01-28T17:32:03.600Z,buy,2.993e-05,229.0,0.00685397
NULS/BTC,1580232723687,2020-01-28T17:32:03.687Z,buy,2.993e-05,229.0,0.00685397
NULS/BTC,1580232723740,2020-01-28T17:32:03.740Z,buy,2.993e-05,229.0,0.00685397
NULS/BTC,1580232723844,2020-01-28T17:32:03.844Z,buy,2.993e-05,229.0,0.00685397
NULS/BTC,1580232723861,2020-01-28T17:32:03.861Z,buy,2.993e-05,229.0,0.00685397
NULS/BTC,1580232723867,2020-01-28T17:32:03.867Z,buy,2.993e-05,100.0,0.002993
NULS/BTC,1580232725388,2020-01-28T17:32:05.388Z,buy,2.996e-05,28.0,0.0008388800000000001
NULS/BTC,1580232725388,2020-01-28T17:32:05.388Z,buy,2.998e-05,5.0,0.0001499
NULS/BTC,1580232725388,2020-01-28T17:32:05.388Z,buy,3.001e-05,11.0,0.00033011
NULS/BTC,1580232730790,2020-01-28T17:32:10.790Z,buy,3.006e-05,1.0,3.006e-05
NULS/BTC,1580232731595,2020-01-28T17:32:11.595Z,sell,3.003e-05,6.0,0.00018018
NULS/BTC,1580232795574,2020-01-28T17:33:15.574Z,sell,2.993e-05,375.0,0.01122375
NULS/BTC,1580232795581,2020-01-28T17:33:15.581Z,sell,2.989e-05,234.0,0.00699426
NULS/BTC,1580233249936,2020-01-28T17:40:49.936Z,sell,2.99e-05,423.0,0.0126477
NULS/BTC,1580233256184,2020-01-28T17:40:56.184Z,sell,2.986e-05,316.0,0.00943576
NULS/BTC,1580233256184,2020-01-28T17:40:56.184Z,buy,2.987e-05,445.0,0.01329215
NULS/BTC,1580233320927,2020-01-28T17:42:00.927Z,buy,2.985e-05,1.0,2.985e-05
NULS/BTC,1580233321879,2020-01-28T17:42:01.879Z,buy,2.985e-05,8.0,0.0002388
NULS/BTC,1580233332150,2020-01-28T17:42:12.150Z,sell,2.984e-05,4.0,0.00011936
NULS/BTC,1580233345154,2020-01-28T17:42:25.154Z,sell,2.984e-05,99.0,0.00295416
NULS/BTC,1580233373259,2020-01-28T17:42:53.259Z,sell,2.981e-05,11.0,0.00032791
NULS/BTC,1580233373259,2020-01-28T17:42:53.259Z,sell,2.979e-05,74.0,0.00220446
NULS/BTC,1580233373380,2020-01-28T17:42:53.380Z,buy,2.979e-05,88.0,0.00262152
NULS/BTC,1580233374926,2020-01-28T17:42:54.926Z,sell,2.977e-05,6.0,0.00017862
NULS/BTC,1580233603441,2020-01-28T17:46:43.441Z,buy,2.983e-05,1.0,2.983e-05
NULS/BTC,1580234393340,2020-01-28T17:59:53.340Z,sell,2.979e-05,52.0,0.00154908
NULS/BTC,1580234393340,2020-01-28T17:59:53.340Z,sell,2.979e-05,52.0,0.00154908
NULS/BTC,1580234555658,2020-01-28T18:02:35.658Z,buy,2.983e-05,11.0,0.00032813
NULS/BTC,1580234555658,2020-01-28T18:02:35.658Z,buy,3e-05,1.0,3e-05
NULS/BTC,1580234849451,2020-01-28T18:07:29.451Z,sell,2.981e-05,186.0,0.00554466
NULS/BTC,1580234853345,2020-01-28T18:07:33.345Z,sell,2.977e-05,22.0,0.00065494
NULS/BTC,1580234954932,2020-01-28T18:09:14.932Z,sell,2.977e-05,119.0,0.00354263
NULS/BTC,1580234954932,2020-01-28T18:09:14.932Z,sell,2.977e-05,346.0,0.010300420000000001
NULS/BTC,1580235647912,2020-01-28T18:20:47.912Z,buy,2.977e-05,119.0,0.00354263
NULS/BTC,1580235921744,2020-01-28T18:25:21.744Z,sell,2.971e-05,40.0,0.0011884
NULS/BTC,1580237271070,2020-01-28T18:47:51.070Z,buy,2.983e-05,1.0,2.983e-05
NULS/BTC,1580237283852,2020-01-28T18:48:03.852Z,buy,2.98e-05,15.0,0.00044699999999999997
NULS/BTC,1580237284848,2020-01-28T18:48:04.848Z,buy,2.981e-05,4.0,0.00011924
NULS/BTC,1580237762123,2020-01-28T18:56:02.123Z,sell,2.983e-05,275.0,0.00820325
NULS/BTC,1580237762125,2020-01-28T18:56:02.125Z,sell,2.972e-05,73.0,0.00216956
NULS/BTC,1580237762125,2020-01-28T18:56:02.125Z,sell,2.972e-05,73.0,0.00216956
NULS/BTC,1580238135653,2020-01-28T19:02:15.653Z,sell,2.973e-05,118.0,0.0035081400000000003
NULS/BTC,1580238744909,2020-01-28T19:12:24.909Z,buy,2.986e-05,81.0,0.00241866
NULS/BTC,1580238744910,2020-01-28T19:12:24.910Z,sell,2.975e-05,122.0,0.0036295000000000003
NULS/BTC,1580238837017,2020-01-28T19:13:57.017Z,sell,2.974e-05,202.0,0.00600748
NULS/BTC,1580238914488,2020-01-28T19:15:14.488Z,buy,2.976e-05,70.0,0.0020832
NULS/BTC,1580239394450,2020-01-28T19:23:14.450Z,sell,2.975e-05,116.0,0.003451
NULS/BTC,1580239614860,2020-01-28T19:26:54.860Z,sell,2.975e-05,74.0,0.0022015
NULS/BTC,1580239624972,2020-01-28T19:27:04.972Z,sell,2.975e-05,10.0,0.0002975
NULS/BTC,1580239656176,2020-01-28T19:27:36.176Z,buy,2.976e-05,38.0,0.00113088
NULS/BTC,1580239656205,2020-01-28T19:27:36.205Z,buy,2.976e-05,376.0,0.01118976
NULS/BTC,1580239661188,2020-01-28T19:27:41.188Z,sell,2.974e-05,376.0,0.01118224
NULS/BTC,1580239799767,2020-01-28T19:29:59.767Z,sell,2.984e-05,134.0,0.00399856
NULS/BTC,1580239799775,2020-01-28T19:29:59.775Z,sell,2.975e-05,135.0,0.00401625
NULS/BTC,1580240501949,2020-01-28T19:41:41.949Z,buy,2.988e-05,295.0,0.008814599999999999
NULS/BTC,1580240501952,2020-01-28T19:41:41.952Z,sell,2.977e-05,115.0,0.00342355
NULS/BTC,1580241156238,2020-01-28T19:52:36.238Z,buy,2.978e-05,68.0,0.00202504
NULS/BTC,1580241156246,2020-01-28T19:52:36.246Z,sell,2.975e-05,70.0,0.0020825
NULS/BTC,1580241156246,2020-01-28T19:52:36.246Z,sell,2.975e-05,70.0,0.0020825
NULS/BTC,1580241676183,2020-01-28T20:01:16.183Z,buy,2.985e-05,16.0,0.0004776
NULS/BTC,1580241676183,2020-01-28T20:01:16.183Z,buy,2.986e-05,12.0,0.00035831999999999997
NULS/BTC,1580241676183,2020-01-28T20:01:16.183Z,buy,2.988e-05,12.0,0.00035855999999999996
NULS/BTC,1580241702957,2020-01-28T20:01:42.957Z,sell,2.975e-05,116.0,0.003451
NULS/BTC,1580241984731,2020-01-28T20:06:24.731Z,sell,2.975e-05,83.0,0.00246925
NULS/BTC,1580242351169,2020-01-28T20:12:31.169Z,sell,2.975e-05,457.0,0.01359575
NULS/BTC,1580242357812,2020-01-28T20:12:37.812Z,sell,2.975e-05,294.0,0.0087465
NULS/BTC,1580242358906,2020-01-28T20:12:38.906Z,sell,2.975e-05,80.0,0.00238
NULS/BTC,1580242387338,2020-01-28T20:13:07.338Z,sell,2.976e-05,150.0,0.004464
NULS/BTC,1580242556936,2020-01-28T20:15:56.936Z,sell,2.975e-05,1121.0,0.033349750000000004
NULS/BTC,1580242602645,2020-01-28T20:16:42.645Z,sell,2.974e-05,1527.0,0.04541298
NULS/BTC,1580242768825,2020-01-28T20:19:28.825Z,sell,2.975e-05,34.0,0.0010115
NULS/BTC,1580242768831,2020-01-28T20:19:28.831Z,buy,2.976e-05,42.0,0.00124992
NULS/BTC,1580243123471,2020-01-28T20:25:23.471Z,sell,2.978e-05,124.0,0.00369272
NULS/BTC,1580243123475,2020-01-28T20:25:23.475Z,sell,2.976e-05,36.0,0.00107136
NULS/BTC,1580243157977,2020-01-28T20:25:57.977Z,sell,2.975e-05,100.0,0.002975
NULS/BTC,1580243313310,2020-01-28T20:28:33.310Z,sell,2.974e-05,375.0,0.0111525
NULS/BTC,1580243313386,2020-01-28T20:28:33.386Z,sell,2.974e-05,634.0,0.01885516
NULS/BTC,1580243753629,2020-01-28T20:35:53.629Z,buy,2.973e-05,2115.0,0.06287895
NULS/BTC,1580243760740,2020-01-28T20:36:00.740Z,sell,2.974e-05,177.0,0.00526398
NULS/BTC,1580243787135,2020-01-28T20:36:27.135Z,sell,2.973e-05,13.0,0.00038649
NULS/BTC,1580244120335,2020-01-28T20:42:00.335Z,buy,2.976e-05,51.0,0.00151776
NULS/BTC,1580244120340,2020-01-28T20:42:00.340Z,buy,2.976e-05,36.0,0.00107136
NULS/BTC,1580244120340,2020-01-28T20:42:00.340Z,buy,2.976e-05,36.0,0.00107136
NULS/BTC,1580244850784,2020-01-28T20:54:10.784Z,buy,2.976e-05,219.0,0.00651744
NULS/BTC,1580244850787,2020-01-28T20:54:10.787Z,buy,2.98e-05,285.0,0.008493
NULS/BTC,1580244959324,2020-01-28T20:55:59.324Z,sell,2.978e-05,74.0,0.00220372
NULS/BTC,1580244959371,2020-01-28T20:55:59.371Z,buy,2.976e-05,85.0,0.0025296
NULS/BTC,1580244960381,2020-01-28T20:56:00.381Z,sell,2.973e-05,39.0,0.0011594700000000001
NULS/BTC,1580245007942,2020-01-28T20:56:47.942Z,sell,2.973e-05,459.0,0.013646070000000001
NULS/BTC,1580245019818,2020-01-28T20:56:59.818Z,sell,2.973e-05,412.0,0.012248760000000001
NULS/BTC,1580245069131,2020-01-28T20:57:49.131Z,sell,2.973e-05,10.0,0.0002973
NULS/BTC,1580245069131,2020-01-28T20:57:49.131Z,sell,2.969e-05,358.0,0.01062902
NULS/BTC,1580245069131,2020-01-28T20:57:49.131Z,sell,2.967e-05,554.0,0.01643718
NULS/BTC,1580245069131,2020-01-28T20:57:49.131Z,sell,2.961e-05,24.0,0.00071064
NULS/BTC,1580245069131,2020-01-28T20:57:49.131Z,sell,2.96e-05,1006.0,0.0297776
NULS/BTC,1580245175847,2020-01-28T20:59:35.847Z,buy,2.977e-05,5.0,0.00014885
NULS/BTC,1580245203579,2020-01-28T21:00:03.579Z,buy,2.978e-05,74.0,0.00220372
NULS/BTC,1580245320609,2020-01-28T21:02:00.609Z,sell,2.978e-05,71.0,0.00211438
NULS/BTC,1580245325147,2020-01-28T21:02:05.147Z,buy,2.977e-05,202.0,0.00601354
NULS/BTC,1580245615345,2020-01-28T21:06:55.345Z,sell,2.964e-05,241.0,0.00714324
NULS/BTC,1580245615345,2020-01-28T21:06:55.345Z,sell,2.959e-05,129.0,0.00381711
NULS/BTC,1580245736805,2020-01-28T21:08:56.805Z,buy,2.975e-05,74.0,0.0022015
NULS/BTC,1580245737807,2020-01-28T21:08:57.807Z,buy,2.977e-05,28.0,0.00083356
NULS/BTC,1580246069495,2020-01-28T21:14:29.495Z,buy,2.979e-05,284.0,0.00846036
NULS/BTC,1580246256707,2020-01-28T21:17:36.707Z,buy,2.981e-05,5.0,0.00014905000000000002
NULS/BTC,1580246284367,2020-01-28T21:18:04.367Z,buy,2.981e-05,4199.0,0.12517219000000002
NULS/BTC,1580246284386,2020-01-28T21:18:04.386Z,sell,2.981e-05,293.0,0.00873433
NULS/BTC,1580246284694,2020-01-28T21:18:04.694Z,sell,2.981e-05,72.0,0.00214632
NULS/BTC,1580246294601,2020-01-28T21:18:14.601Z,sell,2.981e-05,441.0,0.01314621
NULS/BTC,1580246310768,2020-01-28T21:18:30.768Z,buy,2.983e-05,9.0,0.00026847
NULS/BTC,1580246768443,2020-01-28T21:26:08.443Z,buy,2.982e-05,890.0,0.0265398
NULS/BTC,1580246771685,2020-01-28T21:26:11.685Z,buy,2.982e-05,84.0,0.00250488
NULS/BTC,1580246800701,2020-01-28T21:26:40.701Z,buy,2.981e-05,115.0,0.00342815
NULS/BTC,1580247063587,2020-01-28T21:31:03.587Z,buy,2.984e-05,4.0,0.00011936
NULS/BTC,1580247063629,2020-01-28T21:31:03.629Z,buy,2.984e-05,4.0,0.00011936
NULS/BTC,1580247063674,2020-01-28T21:31:03.674Z,buy,2.984e-05,4.0,0.00011936
NULS/BTC,1580247063780,2020-01-28T21:31:03.780Z,buy,2.984e-05,4.0,0.00011936
NULS/BTC,1580247063855,2020-01-28T21:31:03.855Z,buy,2.984e-05,4.0,0.00011936
NULS/BTC,1580247063932,2020-01-28T21:31:03.932Z,buy,2.984e-05,4.0,0.00011936
NULS/BTC,1580247064035,2020-01-28T21:31:04.035Z,buy,2.984e-05,4.0,0.00011936
NULS/BTC,1580247064125,2020-01-28T21:31:04.125Z,buy,2.984e-05,4.0,0.00011936
NULS/BTC,1580247064390,2020-01-28T21:31:04.390Z,buy,2.984e-05,4.0,0.00011936
NULS/BTC,1580247064488,2020-01-28T21:31:04.488Z,buy,2.984e-05,4.0,0.00011936
NULS/BTC,1580247064644,2020-01-28T21:31:04.644Z,buy,2.984e-05,4.0,0.00011936
NULS/BTC,1580247064755,2020-01-28T21:31:04.755Z,buy,2.984e-05,4.0,0.00011936
NULS/BTC,1580247064843,2020-01-28T21:31:04.843Z,buy,2.984e-05,4.0,0.00011936
NULS/BTC,1580247064911,2020-01-28T21:31:04.911Z,buy,2.984e-05,4.0,0.00011936
NULS/BTC,1580247084002,2020-01-28T21:31:24.002Z,buy,2.983e-05,128.0,0.00381824
NULS/BTC,1580247462327,2020-01-28T21:37:42.327Z,buy,2.983e-05,4.0,0.00011932
NULS/BTC,1580247469079,2020-01-28T21:37:49.079Z,buy,2.984e-05,4.0,0.00011936
NULS/BTC,1580247469079,2020-01-28T21:37:49.079Z,buy,2.984e-05,4.0,0.00011936
NULS/BTC,1580247796567,2020-01-28T21:43:16.567Z,sell,2.977e-05,213.0,0.00634101
NULS/BTC,1580247796573,2020-01-28T21:43:16.573Z,buy,2.983e-05,113.0,0.0033707900000000002
NULS/BTC,1580248236494,2020-01-28T21:50:36.494Z,buy,2.969e-05,109.0,0.0032362099999999998
NULS/BTC,1580248236503,2020-01-28T21:50:36.503Z,buy,2.982e-05,131.0,0.00390642
NULS/BTC,1580248239636,2020-01-28T21:50:39.636Z,buy,2.983e-05,80.0,0.0023864
NULS/BTC,1580248971268,2020-01-28T22:02:51.268Z,sell,2.976e-05,298.0,0.00886848
NULS/BTC,1580248973056,2020-01-28T22:02:53.056Z,buy,2.98e-05,4.0,0.0001192
NULS/BTC,1580248979255,2020-01-28T22:02:59.255Z,sell,2.98e-05,29.0,0.0008642
NULS/BTC,1580249192761,2020-01-28T22:06:32.761Z,sell,2.96e-05,195.0,0.005772
NULS/BTC,1580249192761,2020-01-28T22:06:32.761Z,sell,2.959e-05,1574.0,0.04657466
NULS/BTC,1580249229108,2020-01-28T22:07:09.108Z,buy,2.965e-05,321.0,0.009517649999999999
NULS/BTC,1580249331066,2020-01-28T22:08:51.066Z,sell,2.976e-05,8.0,0.00023808
NULS/BTC,1580249609335,2020-01-28T22:13:29.335Z,buy,2.97e-05,485.0,0.0144045
NULS/BTC,1580249609340,2020-01-28T22:13:29.340Z,buy,2.98e-05,192.0,0.0057216
NULS/BTC,1580249949418,2020-01-28T22:19:09.418Z,sell,2.959e-05,31.0,0.00091729
NULS/BTC,1580250571168,2020-01-28T22:29:31.168Z,buy,2.98e-05,144.0,0.0042912
NULS/BTC,1580250617568,2020-01-28T22:30:17.568Z,buy,2.981e-05,11.0,0.00032791
NULS/BTC,1580250622193,2020-01-28T22:30:22.193Z,sell,2.981e-05,10.0,0.00029810000000000004
NULS/BTC,1580250675575,2020-01-28T22:31:15.575Z,buy,2.984e-05,36.0,0.00107424
NULS/BTC,1580250843122,2020-01-28T22:34:03.122Z,sell,2.962e-05,229.0,0.00678298
NULS/BTC,1580250843122,2020-01-28T22:34:03.122Z,sell,2.96e-05,85.0,0.002516
NULS/BTC,1580250843122,2020-01-28T22:34:03.122Z,sell,2.959e-05,25.0,0.00073975
NULS/BTC,1580250843122,2020-01-28T22:34:03.122Z,sell,2.957e-05,894.0,0.02643558
NULS/BTC,1580250843122,2020-01-28T22:34:03.122Z,sell,2.956e-05,991.0,0.02929396
NULS/BTC,1580250843149,2020-01-28T22:34:03.149Z,buy,2.956e-05,1776.0,0.05249856
NULS/BTC,1580251034243,2020-01-28T22:37:14.243Z,buy,2.967e-05,131.0,0.00388677
NULS/BTC,1580251034246,2020-01-28T22:37:14.246Z,buy,2.967e-05,155.0,0.00459885
NULS/BTC,1580251034246,2020-01-28T22:37:14.246Z,buy,2.967e-05,155.0,0.00459885
NULS/BTC,1580251121793,2020-01-28T22:38:41.793Z,sell,2.967e-05,131.0,0.00388677
NULS/BTC,1580251121793,2020-01-28T22:38:41.793Z,sell,2.958e-05,74.0,0.00218892
NULS/BTC,1580251121793,2020-01-28T22:38:41.793Z,sell,2.954e-05,595.0,0.0175763
NULS/BTC,1580251121793,2020-01-28T22:38:41.793Z,sell,2.953e-05,202.0,0.00596506
NULS/BTC,1580251121882,2020-01-28T22:38:41.882Z,buy,2.953e-05,512.0,0.01511936
NULS/BTC,1580251121935,2020-01-28T22:38:41.935Z,buy,2.953e-05,92.0,0.00271676
NULS/BTC,1580251144813,2020-01-28T22:39:04.813Z,buy,2.953e-05,894.0,0.02639982
NULS/BTC,1580251197974,2020-01-28T22:39:57.974Z,buy,2.967e-05,229.0,0.00679443
NULS/BTC,1580251197974,2020-01-28T22:39:57.974Z,buy,2.974e-05,74.0,0.00220076
NULS/BTC,1580251197974,2020-01-28T22:39:57.974Z,buy,2.975e-05,131.0,0.00389725
NULS/BTC,1580251197974,2020-01-28T22:39:57.974Z,buy,2.976e-05,586.0,0.01743936
NULS/BTC,1580251197974,2020-01-28T22:39:57.974Z,buy,2.977e-05,28.0,0.00083356
NULS/BTC,1580251197974,2020-01-28T22:39:57.974Z,buy,2.98e-05,264.0,0.0078672
NULS/BTC,1580251197991,2020-01-28T22:39:57.991Z,sell,2.98e-05,1499.0,0.0446702
NULS/BTC,1580251198015,2020-01-28T22:39:58.015Z,sell,2.98e-05,1868.0,0.0556664
NULS/BTC,1580251198294,2020-01-28T22:39:58.294Z,sell,2.98e-05,52.0,0.0015496
NULS/BTC,1580251199872,2020-01-28T22:39:59.872Z,sell,2.98e-05,15.0,0.00044699999999999997
NULS/BTC,1580251199888,2020-01-28T22:39:59.888Z,sell,2.98e-05,37.0,0.0011026
NULS/BTC,1580251514589,2020-01-28T22:45:14.589Z,buy,2.979e-05,188.0,0.00560052
NULS/BTC,1580251514589,2020-01-28T22:45:14.589Z,sell,2.968e-05,440.0,0.0130592
NULS/BTC,1580252070323,2020-01-28T22:54:30.323Z,sell,2.959e-05,33.0,0.00097647
NULS/BTC,1580252070323,2020-01-28T22:54:30.323Z,sell,2.951e-05,14.0,0.00041314
NULS/BTC,1580252070323,2020-01-28T22:54:30.323Z,sell,2.95e-05,35.0,0.0010325
NULS/BTC,1580252070323,2020-01-28T22:54:30.323Z,sell,2.95e-05,80.0,0.00236
NULS/BTC,1580252070323,2020-01-28T22:54:30.323Z,sell,2.95e-05,276.0,0.008142
NULS/BTC,1580252070323,2020-01-28T22:54:30.323Z,sell,2.95e-05,64.0,0.001888
NULS/BTC,1580252070323,2020-01-28T22:54:30.323Z,sell,2.95e-05,45.0,0.0013275
NULS/BTC,1580252070323,2020-01-28T22:54:30.323Z,sell,2.947e-05,309.0,0.00910623
NULS/BTC,1580252070323,2020-01-28T22:54:30.323Z,sell,2.945e-05,222.0,0.0065379
NULS/BTC,1580252070323,2020-01-28T22:54:30.323Z,sell,2.944e-05,595.0,0.0175168
NULS/BTC,1580252070323,2020-01-28T22:54:30.323Z,sell,2.943e-05,231.0,0.00679833
NULS/BTC,1580252070323,2020-01-28T22:54:30.323Z,sell,2.942e-05,550.0,0.016181
NULS/BTC,1580252070323,2020-01-28T22:54:30.323Z,sell,2.941e-05,66.0,0.00194106
NULS/BTC,1580252070323,2020-01-28T22:54:30.323Z,sell,2.94e-05,5.0,0.000147
NULS/BTC,1580252070347,2020-01-28T22:54:30.347Z,buy,2.942e-05,9.0,0.00026478
NULS/BTC,1580252071390,2020-01-28T22:54:31.390Z,sell,2.94e-05,6.0,0.0001764
NULS/BTC,1580252071390,2020-01-28T22:54:31.390Z,sell,2.938e-05,44.0,0.00129272
NULS/BTC,1580252080526,2020-01-28T22:54:40.526Z,sell,2.938e-05,1394.0,0.04095572
NULS/BTC,1580252080552,2020-01-28T22:54:40.552Z,buy,2.938e-05,62.0,0.00182156
NULS/BTC,1580252080764,2020-01-28T22:54:40.764Z,buy,2.938e-05,46.0,0.00135148
NULS/BTC,1580252080772,2020-01-28T22:54:40.772Z,buy,2.938e-05,12.0,0.00035256
NULS/BTC,1580252092724,2020-01-28T22:54:52.724Z,buy,2.938e-05,5.0,0.0001469
NULS/BTC,1580252092724,2020-01-28T22:54:52.724Z,buy,2.947e-05,1064.0,0.03135608
NULS/BTC,1580252092724,2020-01-28T22:54:52.724Z,buy,2.948e-05,12.0,0.00035376
NULS/BTC,1580252092724,2020-01-28T22:54:52.724Z,buy,2.949e-05,235.0,0.00693015
NULS/BTC,1580252092724,2020-01-28T22:54:52.724Z,buy,2.95e-05,38.0,0.001121
NULS/BTC,1580252108146,2020-01-28T22:55:08.146Z,buy,2.948e-05,4.0,0.00011792
NULS/BTC,1580252112824,2020-01-28T22:55:12.824Z,buy,2.948e-05,36.0,0.00106128
NULS/BTC,1580252337902,2020-01-28T22:58:57.902Z,buy,2.948e-05,361.0,0.01064228
NULS/BTC,1580252337903,2020-01-28T22:58:57.903Z,sell,2.941e-05,473.0,0.01391093
NULS/BTC,1580252413577,2020-01-28T23:00:13.577Z,buy,2.95e-05,485.0,0.014307499999999999
NULS/BTC,1580253359462,2020-01-28T23:15:59.462Z,buy,2.949e-05,290.0,0.0085521
NULS/BTC,1580253415230,2020-01-28T23:16:55.230Z,buy,2.95e-05,4.0,0.000118
NULS/BTC,1580253415832,2020-01-28T23:16:55.832Z,buy,2.95e-05,1.0,2.95e-05
NULS/BTC,1580253982147,2020-01-28T23:26:22.147Z,buy,2.947e-05,192.0,0.00565824
NULS/BTC,1580253982155,2020-01-28T23:26:22.155Z,buy,2.949e-05,116.0,0.00342084
NULS/BTC,1580254516505,2020-01-28T23:35:16.505Z,sell,2.944e-05,10.0,0.0002944
NULS/BTC,1580254524155,2020-01-28T23:35:24.155Z,sell,2.935e-05,118.0,0.0034633
NULS/BTC,1580254524155,2020-01-28T23:35:24.155Z,sell,2.935e-05,332.0,0.0097442
NULS/BTC,1580254524298,2020-01-28T23:35:24.298Z,sell,2.935e-05,62.0,0.0018196999999999998
NULS/BTC,1580254524298,2020-01-28T23:35:24.298Z,sell,2.934e-05,6.0,0.00017604
NULS/BTC,1580254588475,2020-01-28T23:36:28.475Z,sell,2.934e-05,8.0,0.00023472
NULS/BTC,1580254596728,2020-01-28T23:36:36.728Z,sell,2.934e-05,15.0,0.0004401
NULS/BTC,1580254596765,2020-01-28T23:36:36.765Z,sell,2.932e-05,311.0,0.00911852
NULS/BTC,1580254611566,2020-01-28T23:36:51.566Z,sell,2.931e-05,22.0,0.0006448199999999999
NULS/BTC,1580254611594,2020-01-28T23:36:51.594Z,sell,2.927e-05,373.0,0.010917709999999999
NULS/BTC,1580254611602,2020-01-28T23:36:51.602Z,sell,2.927e-05,46.0,0.0013464199999999999
NULS/BTC,1580254611602,2020-01-28T23:36:51.602Z,sell,2.926e-05,179.0,0.005237540000000001
NULS/BTC,1580254611627,2020-01-28T23:36:51.627Z,sell,2.926e-05,46.0,0.00134596
NULS/BTC,1580254613227,2020-01-28T23:36:53.227Z,sell,2.926e-05,24.0,0.00070224
NULS/BTC,1580254614160,2020-01-28T23:36:54.160Z,sell,2.926e-05,672.0,0.01966272
NULS/BTC,1580254624575,2020-01-28T23:37:04.575Z,sell,2.926e-05,68.0,0.00198968
NULS/BTC,1580254624575,2020-01-28T23:37:04.575Z,sell,2.926e-05,68.0,0.00198968
NULS/BTC,1580254670800,2020-01-28T23:37:50.800Z,buy,2.932e-05,682.0,0.019996240000000002
NULS/BTC,1580254671503,2020-01-28T23:37:51.503Z,buy,2.932e-05,682.0,0.019996240000000002
NULS/BTC,1580254715869,2020-01-28T23:38:35.869Z,sell,2.929e-05,4.0,0.00011716
NULS/BTC,1580254716415,2020-01-28T23:38:36.415Z,sell,2.926e-05,179.0,0.005237540000000001
NULS/BTC,1580254716694,2020-01-28T23:38:36.694Z,sell,2.926e-05,535.0,0.0156541
NULS/BTC,1580254761029,2020-01-28T23:39:21.029Z,sell,2.925e-05,121.0,0.00353925
NULS/BTC,1580255118007,2020-01-28T23:45:18.007Z,sell,2.925e-05,47.0,0.0013747499999999999
NULS/BTC,1580255118079,2020-01-28T23:45:18.079Z,sell,2.925e-05,115.0,0.00336375
NULS/BTC,1580255118195,2020-01-28T23:45:18.195Z,sell,2.922e-05,150.0,0.004383000000000001
NULS/BTC,1580255129876,2020-01-28T23:45:29.876Z,sell,2.92e-05,350.0,0.01022
NULS/BTC,1580255134195,2020-01-28T23:45:34.195Z,sell,2.919e-05,701.0,0.02046219
NULS/BTC,1580255236516,2020-01-28T23:47:16.516Z,sell,2.919e-05,146.0,0.00426174
NULS/BTC,1580255296669,2020-01-28T23:48:16.669Z,buy,2.922e-05,21.0,0.00061362
NULS/BTC,1580255297928,2020-01-28T23:48:17.928Z,sell,2.919e-05,46.0,0.00134274
NULS/BTC,1580255324105,2020-01-28T23:48:44.105Z,buy,2.922e-05,53.0,0.00154866
NULS/BTC,1580255328669,2020-01-28T23:48:48.669Z,buy,2.923e-05,552.0,0.01613496
NULS/BTC,1580255400054,2020-01-28T23:50:00.054Z,buy,2.926e-05,39.0,0.0011411400000000001
NULS/BTC,1580255400054,2020-01-28T23:50:00.054Z,buy,2.928e-05,507.0,0.01484496
NULS/BTC,1580255400995,2020-01-28T23:50:00.995Z,buy,2.93e-05,602.0,0.0176386
NULS/BTC,1580255401385,2020-01-28T23:50:01.385Z,buy,2.937e-05,47.0,0.00138039
NULS/BTC,1580255455096,2020-01-28T23:50:55.096Z,buy,2.935e-05,80.0,0.002348
NULS/BTC,1580255455096,2020-01-28T23:50:55.096Z,buy,2.936e-05,549.0,0.01611864
NULS/BTC,1580255584880,2020-01-28T23:53:04.880Z,sell,2.919e-05,37.0,0.00108003
NULS/BTC,1580255706208,2020-01-28T23:55:06.208Z,sell,2.919e-05,31.0,0.00090489
NULS/BTC,1580255706628,2020-01-28T23:55:06.628Z,buy,2.919e-05,446.0,0.01301874
NULS/BTC,1580255707894,2020-01-28T23:55:07.894Z,buy,2.936e-05,50.0,0.001468
NULS/BTC,1580255871693,2020-01-28T23:57:51.693Z,sell,2.917e-05,412.0,0.01201804
NULS/BTC,1580255871715,2020-01-28T23:57:51.715Z,sell,2.914e-05,7.0,0.00020397999999999998
NULS/BTC,1580255871723,2020-01-28T23:57:51.723Z,buy,2.914e-05,5.0,0.0001457
NULS/BTC,1580255871766,2020-01-28T23:57:51.766Z,buy,2.914e-05,106.0,0.00308884
NULS/BTC,1580255871784,2020-01-28T23:57:51.784Z,buy,2.914e-05,5.0,0.0001457
NULS/BTC,1580255871952,2020-01-28T23:57:51.952Z,buy,2.914e-05,5.0,0.0001457
NULS/BTC,1580255871989,2020-01-28T23:57:51.989Z,buy,2.914e-05,5.0,0.0001457
NULS/BTC,1580255872349,2020-01-28T23:57:52.349Z,buy,2.914e-05,5.0,0.0001457
NULS/BTC,1580255881847,2020-01-28T23:58:01.847Z,sell,2.909e-05,5.0,0.00014545
NULS/BTC,1580255881847,2020-01-28T23:58:01.847Z,sell,2.907e-05,24.0,0.00069768
NULS/BTC,1580255881847,2020-01-28T23:58:01.847Z,sell,2.906e-05,104.0,0.00302224
NULS/BTC,1580255881847,2020-01-28T23:58:01.847Z,sell,2.905e-05,5.0,0.00014525
NULS/BTC,1580255881884,2020-01-28T23:58:01.884Z,buy,2.908e-05,13.0,0.00037804
NULS/BTC,1580255890512,2020-01-28T23:58:10.512Z,sell,2.912e-05,70.0,0.0020384
NULS/BTC,1580255903313,2020-01-28T23:58:23.313Z,buy,2.914e-05,2214.0,0.06451596
NULS/BTC,1580255903409,2020-01-28T23:58:23.409Z,buy,2.914e-05,1476.0,0.043010639999999996
NULS/BTC,1580255908111,2020-01-28T23:58:28.111Z,buy,2.929e-05,54.0,0.00158166
NULS/BTC,1580256014584,2020-01-29T00:00:14.584Z,buy,2.917e-05,122.0,0.00355874
NULS/BTC,1580256014584,2020-01-29T00:00:14.584Z,sell,2.908e-05,233.0,0.0067756399999999994
NULS/BTC,1580256118844,2020-01-29T00:01:58.844Z,buy,2.92e-05,180.0,0.005256
NULS/BTC,1580256126686,2020-01-29T00:02:06.686Z,buy,2.922e-05,170.0,0.0049674
NULS/BTC,1580256169822,2020-01-29T00:02:49.822Z,buy,2.922e-05,324.0,0.00946728
NULS/BTC,1580256169969,2020-01-29T00:02:49.969Z,buy,2.922e-05,67.0,0.00195774
NULS/BTC,1580256284506,2020-01-29T00:04:44.506Z,buy,2.924e-05,179.0,0.00523396
NULS/BTC,1580256294210,2020-01-29T00:04:54.210Z,sell,2.924e-05,125.0,0.0036550000000000003
NULS/BTC,1580256313858,2020-01-29T00:05:13.858Z,buy,2.928e-05,341.0,0.00998448
NULS/BTC,1580256313983,2020-01-29T00:05:13.983Z,sell,2.924e-05,302.0,0.00883048
NULS/BTC,1580256348005,2020-01-29T00:05:48.005Z,sell,2.924e-05,22.0,0.00064328
NULS/BTC,1580256348030,2020-01-29T00:05:48.030Z,buy,2.924e-05,85.0,0.0024854
NULS/BTC,1580256348735,2020-01-29T00:05:48.735Z,buy,2.924e-05,42.0,0.00122808
NULS/BTC,1580256353931,2020-01-29T00:05:53.931Z,buy,2.924e-05,192.0,0.0056140800000000005
NULS/BTC,1580256367956,2020-01-29T00:06:07.956Z,buy,2.934e-05,24.0,0.00070416
NULS/BTC,1580256367992,2020-01-29T00:06:07.992Z,sell,2.934e-05,70.0,0.0020538
NULS/BTC,1580256368647,2020-01-29T00:06:08.647Z,sell,2.934e-05,25.0,0.0007335
NULS/BTC,1580256376800,2020-01-29T00:06:16.800Z,sell,2.921e-05,130.0,0.0037973
NULS/BTC,1580256469343,2020-01-29T00:07:49.343Z,sell,2.921e-05,35.0,0.00102235
NULS/BTC,1580256469343,2020-01-29T00:07:49.343Z,sell,2.918e-05,1012.0,0.02953016
NULS/BTC,1580256469343,2020-01-29T00:07:49.343Z,sell,2.917e-05,77.0,0.00224609
NULS/BTC,1580256469343,2020-01-29T00:07:49.343Z,sell,2.916e-05,451.0,0.013151159999999999
NULS/BTC,1580256617836,2020-01-29T00:10:17.836Z,sell,2.917e-05,351.0,0.01023867
NULS/BTC,1580256626162,2020-01-29T00:10:26.162Z,buy,2.93e-05,343.0,0.0100499
NULS/BTC,1580256627002,2020-01-29T00:10:27.002Z,sell,2.916e-05,45.0,0.0013122
NULS/BTC,1580256627335,2020-01-29T00:10:27.335Z,buy,2.93e-05,153.0,0.0044829
NULS/BTC,1580256633474,2020-01-29T00:10:33.474Z,sell,2.916e-05,790.0,0.0230364
NULS/BTC,1580256633474,2020-01-29T00:10:33.474Z,sell,2.912e-05,70.0,0.0020384
NULS/BTC,1580256634316,2020-01-29T00:10:34.316Z,buy,2.93e-05,341.0,0.0099913
NULS/BTC,1580256640283,2020-01-29T00:10:40.283Z,sell,2.912e-05,4.0,0.00011648
NULS/BTC,1580256640364,2020-01-29T00:10:40.364Z,buy,2.909e-05,36.0,0.00104724
NULS/BTC,1580256670525,2020-01-29T00:11:10.525Z,sell,2.908e-05,79.0,0.00229732
NULS/BTC,1580256670525,2020-01-29T00:11:10.525Z,sell,2.907e-05,24.0,0.00069768
NULS/BTC,1580256670525,2020-01-29T00:11:10.525Z,sell,2.905e-05,238.0,0.006913900000000001
NULS/BTC,1580256704383,2020-01-29T00:11:44.383Z,sell,2.918e-05,328.0,0.00957104
NULS/BTC,1580256957334,2020-01-29T00:15:57.334Z,sell,2.904e-05,17.0,0.00049368
NULS/BTC,1580256957354,2020-01-29T00:15:57.354Z,buy,2.904e-05,131.0,0.00380424
NULS/BTC,1580257225097,2020-01-29T00:20:25.097Z,sell,2.905e-05,43.0,0.00124915
NULS/BTC,1580257226006,2020-01-29T00:20:26.006Z,buy,2.905e-05,92.0,0.0026726000000000002
NULS/BTC,1580257374763,2020-01-29T00:22:54.763Z,sell,2.906e-05,260.0,0.0075556
NULS/BTC,1580257393642,2020-01-29T00:23:13.642Z,buy,2.924e-05,101.0,0.00295324
NULS/BTC,1580257393642,2020-01-29T00:23:13.642Z,buy,2.925e-05,618.0,0.0180765
NULS/BTC,1580257393642,2020-01-29T00:23:13.642Z,buy,2.928e-05,74.0,0.00216672
NULS/BTC,1580257393642,2020-01-29T00:23:13.642Z,buy,2.934e-05,24.0,0.00070416
NULS/BTC,1580257393642,2020-01-29T00:23:13.642Z,buy,2.939e-05,93.0,0.0027332700000000003
NULS/BTC,1580257453156,2020-01-29T00:24:13.156Z,buy,2.932e-05,1.0,2.932e-05
NULS/BTC,1580257504164,2020-01-29T00:25:04.164Z,sell,2.908e-05,952.0,0.02768416
NULS/BTC,1580257504164,2020-01-29T00:25:04.164Z,sell,2.907e-05,227.0,0.0065988900000000005
NULS/BTC,1580257504164,2020-01-29T00:25:04.164Z,sell,2.905e-05,291.0,0.00845355
NULS/BTC,1580257504164,2020-01-29T00:25:04.164Z,sell,2.904e-05,436.0,0.01266144
NULS/BTC,1580257504164,2020-01-29T00:25:04.164Z,sell,2.903e-05,127.0,0.00368681
NULS/BTC,1580257504164,2020-01-29T00:25:04.164Z,sell,2.902e-05,314.0,0.00911228
NULS/BTC,1580257504164,2020-01-29T00:25:04.164Z,sell,2.901e-05,68.0,0.00197268
NULS/BTC,1580257504164,2020-01-29T00:25:04.164Z,sell,2.9e-05,40.0,0.00116
NULS/BTC,1580257504164,2020-01-29T00:25:04.164Z,sell,2.899e-05,5524.0,0.16014076
NULS/BTC,1580257504164,2020-01-29T00:25:04.164Z,sell,2.898e-05,3031.0,0.08783838000000001
NULS/BTC,1580257504164,2020-01-29T00:25:04.164Z,sell,2.897e-05,538.0,0.01558586
NULS/BTC,1580257504164,2020-01-29T00:25:04.164Z,sell,2.892e-05,291.0,0.00841572
NULS/BTC,1580257504164,2020-01-29T00:25:04.164Z,sell,2.89e-05,8.0,0.0002312
NULS/BTC,1580257504164,2020-01-29T00:25:04.164Z,sell,2.889e-05,606.0,0.01750734
NULS/BTC,1580257504164,2020-01-29T00:25:04.164Z,sell,2.887e-05,316.0,0.00912292
NULS/BTC,1580257504164,2020-01-29T00:25:04.164Z,sell,2.886e-05,4.0,0.00011544
NULS/BTC,1580257504164,2020-01-29T00:25:04.164Z,sell,2.885e-05,186.0,0.0053661
NULS/BTC,1580257504164,2020-01-29T00:25:04.164Z,sell,2.884e-05,116.0,0.00334544
NULS/BTC,1580257504164,2020-01-29T00:25:04.164Z,sell,2.879e-05,24.0,0.00069096
NULS/BTC,1580257504164,2020-01-29T00:25:04.164Z,sell,2.878e-05,11.0,0.00031658
NULS/BTC,1580257504164,2020-01-29T00:25:04.164Z,sell,2.877e-05,244.0,0.00701988
NULS/BTC,1580257504164,2020-01-29T00:25:04.164Z,sell,2.875e-05,1801.0,0.05177875
NULS/BTC,1580257504164,2020-01-29T00:25:04.164Z,sell,2.874e-05,500.0,0.014369999999999999
NULS/BTC,1580257504164,2020-01-29T00:25:04.164Z,sell,2.873e-05,250.0,0.0071825000000000005
NULS/BTC,1580257504164,2020-01-29T00:25:04.164Z,sell,2.872e-05,317.0,0.00910424
NULS/BTC,1580257504164,2020-01-29T00:25:04.164Z,sell,2.87e-05,332.0,0.0095284
NULS/BTC,1580257504164,2020-01-29T00:25:04.164Z,sell,2.87e-05,229.0,0.0065723
NULS/BTC,1580257504164,2020-01-29T00:25:04.164Z,sell,2.87e-05,60.0,0.001722
NULS/BTC,1580257504164,2020-01-29T00:25:04.164Z,sell,2.87e-05,68.0,0.0019516
NULS/BTC,1580257504164,2020-01-29T00:25:04.164Z,sell,2.868e-05,324.0,0.00929232
NULS/BTC,1580257504177,2020-01-29T00:25:04.177Z,buy,2.883e-05,55.0,0.00158565
NULS/BTC,1580257504177,2020-01-29T00:25:04.177Z,buy,2.885e-05,1599.0,0.04613115
NULS/BTC,1580257504178,2020-01-29T00:25:04.178Z,buy,2.885e-05,1654.0,0.0477179
NULS/BTC,1580257504179,2020-01-29T00:25:04.179Z,buy,2.885e-05,1155.0,0.03332175
NULS/BTC,1580257504179,2020-01-29T00:25:04.179Z,buy,2.886e-05,336.0,0.009696960000000001
NULS/BTC,1580257504179,2020-01-29T00:25:04.179Z,buy,2.888e-05,7.0,0.00020216
NULS/BTC,1580257504179,2020-01-29T00:25:04.179Z,buy,2.89e-05,156.0,0.0045084
NULS/BTC,1580257504180,2020-01-29T00:25:04.180Z,buy,2.89e-05,1498.0,0.0432922
NULS/BTC,1580257504218,2020-01-29T00:25:04.218Z,buy,2.927e-05,123.0,0.00360021
NULS/BTC,1580257504708,2020-01-29T00:25:04.708Z,sell,2.892e-05,581.0,0.01680252
NULS/BTC,1580257504708,2020-01-29T00:25:04.708Z,sell,2.891e-05,54.0,0.00156114
NULS/BTC,1580257504708,2020-01-29T00:25:04.708Z,sell,2.89e-05,54.0,0.0015606
NULS/BTC,1580257525589,2020-01-29T00:25:25.589Z,buy,2.893e-05,4.0,0.00011572
NULS/BTC,1580257525590,2020-01-29T00:25:25.590Z,buy,2.893e-05,6.0,0.00017358
NULS/BTC,1580257552617,2020-01-29T00:25:52.617Z,buy,2.898e-05,91.0,0.00263718
NULS/BTC,1580257552750,2020-01-29T00:25:52.750Z,buy,2.898e-05,490.0,0.0142002
NULS/BTC,1580257552881,2020-01-29T00:25:52.881Z,buy,2.899e-05,11.0,0.00031889
NULS/BTC,1580257563913,2020-01-29T00:26:03.913Z,sell,2.901e-05,78.0,0.00226278
NULS/BTC,1580257563922,2020-01-29T00:26:03.922Z,sell,2.901e-05,175.0,0.00507675
NULS/BTC,1580257563930,2020-01-29T00:26:03.930Z,sell,2.901e-05,96.0,0.00278496
NULS/BTC,1580257564552,2020-01-29T00:26:04.552Z,sell,2.892e-05,8.0,0.00023136
NULS/BTC,1580257630474,2020-01-29T00:27:10.474Z,sell,2.897e-05,38.0,0.00110086
NULS/BTC,1580257657362,2020-01-29T00:27:37.362Z,buy,2.907e-05,1.0,2.907e-05
NULS/BTC,1580257708976,2020-01-29T00:28:28.976Z,buy,2.905e-05,1.0,2.905e-05
NULS/BTC,1580257747699,2020-01-29T00:29:07.699Z,sell,2.897e-05,5.0,0.00014485
NULS/BTC,1580257747699,2020-01-29T00:29:07.699Z,sell,2.894e-05,177.0,0.00512238
NULS/BTC,1580257771201,2020-01-29T00:29:31.201Z,buy,2.899e-05,24.0,0.0006957599999999999
NULS/BTC,1580257781349,2020-01-29T00:29:41.349Z,sell,2.894e-05,233.0,0.00674302
NULS/BTC,1580257799864,2020-01-29T00:29:59.864Z,buy,2.898e-05,231.0,0.00669438
NULS/BTC,1580257864438,2020-01-29T00:31:04.438Z,sell,2.894e-05,5.0,0.0001447
NULS/BTC,1580257864459,2020-01-29T00:31:04.459Z,buy,2.894e-05,182.0,0.00526708
NULS/BTC,1580257864793,2020-01-29T00:31:04.793Z,sell,2.891e-05,1107.0,0.032003369999999996
NULS/BTC,1580257864995,2020-01-29T00:31:04.995Z,buy,2.894e-05,270.0,0.007813800000000001
NULS/BTC,1580257871470,2020-01-29T00:31:11.470Z,buy,2.892e-05,69.0,0.00199548
NULS/BTC,1580257875263,2020-01-29T00:31:15.263Z,buy,2.892e-05,4.0,0.00011568
NULS/BTC,1580257875305,2020-01-29T00:31:15.305Z,buy,2.892e-05,4.0,0.00011568
NULS/BTC,1580257899067,2020-01-29T00:31:39.067Z,sell,2.891e-05,5050.0,0.1459955
NULS/BTC,1580257899233,2020-01-29T00:31:39.233Z,sell,2.891e-05,29.0,0.00083839
NULS/BTC,1580257900066,2020-01-29T00:31:40.066Z,buy,2.892e-05,4.0,0.00011568
NULS/BTC,1580257909000,2020-01-29T00:31:49.000Z,sell,2.891e-05,68.0,0.00196588
NULS/BTC,1580257928145,2020-01-29T00:32:08.145Z,buy,2.892e-05,4.0,0.00011568
NULS/BTC,1580257933703,2020-01-29T00:32:13.703Z,buy,2.892e-05,41.0,0.0011857200000000001
NULS/BTC,1580257976531,2020-01-29T00:32:56.531Z,buy,2.892e-05,469.0,0.013563480000000001
NULS/BTC,1580258101647,2020-01-29T00:35:01.647Z,sell,2.886e-05,4331.0,0.12499266
NULS/BTC,1580258101647,2020-01-29T00:35:01.647Z,sell,2.885e-05,74.0,0.0021349
NULS/BTC,1580258101667,2020-01-29T00:35:01.667Z,buy,2.885e-05,188.0,0.0054238
NULS/BTC,1580258103158,2020-01-29T00:35:03.158Z,sell,2.886e-05,454.0,0.01310244
NULS/BTC,1580258127571,2020-01-29T00:35:27.571Z,sell,2.886e-05,431.0,0.01243866
NULS/BTC,1580258127571,2020-01-29T00:35:27.571Z,sell,2.886e-05,431.0,0.01243866
NULS/BTC,1580258317025,2020-01-29T00:38:37.025Z,buy,2.887e-05,609.0,0.01758183
NULS/BTC,1580258450178,2020-01-29T00:40:50.178Z,buy,2.895e-05,1.0,2.895e-05
NULS/BTC,1580258450179,2020-01-29T00:40:50.179Z,buy,2.895e-05,7.0,0.00020265
NULS/BTC,1580258473448,2020-01-29T00:41:13.448Z,buy,2.904e-05,7.0,0.00020328
NULS/BTC,1580258554979,2020-01-29T00:42:34.979Z,buy,2.903e-05,1.0,2.903e-05
NULS/BTC,1580258576854,2020-01-29T00:42:56.854Z,sell,2.886e-05,1007.0,0.02906202
NULS/BTC,1580258613421,2020-01-29T00:43:33.421Z,buy,2.893e-05,455.0,0.01316315
NULS/BTC,1580258613422,2020-01-29T00:43:33.422Z,sell,2.887e-05,261.0,0.00753507
NULS/BTC,1580258826676,2020-01-29T00:47:06.676Z,sell,2.898e-05,191.0,0.00553518
NULS/BTC,1580258978078,2020-01-29T00:49:38.078Z,sell,2.898e-05,283.0,0.00820134
NULS/BTC,1580258989080,2020-01-29T00:49:49.080Z,sell,2.897e-05,6.0,0.00017381999999999999
NULS/BTC,1580259184865,2020-01-29T00:53:04.865Z,sell,2.898e-05,191.0,0.00553518
NULS/BTC,1580259185723,2020-01-29T00:53:05.723Z,buy,2.898e-05,589.0,0.01706922
NULS/BTC,1580259301468,2020-01-29T00:55:01.468Z,sell,2.897e-05,21.0,0.00060837
NULS/BTC,1580259339647,2020-01-29T00:55:39.647Z,sell,2.883e-05,465.0,0.01340595
NULS/BTC,1580259466490,2020-01-29T00:57:46.490Z,buy,2.888e-05,16.0,0.00046208
NULS/BTC,1580259492193,2020-01-29T00:58:12.193Z,buy,2.889e-05,5.0,0.00014445
NULS/BTC,1580259496678,2020-01-29T00:58:16.678Z,sell,2.883e-05,393.0,0.01133019
NULS/BTC,1580259600846,2020-01-29T01:00:00.846Z,buy,2.886e-05,250.0,0.007215
NULS/BTC,1580259600850,2020-01-29T01:00:00.850Z,sell,2.884e-05,446.0,0.01286264
NULS/BTC,1580259600963,2020-01-29T01:00:00.963Z,buy,2.893e-05,357.0,0.01032801
NULS/BTC,1580259635863,2020-01-29T01:00:35.863Z,buy,2.89e-05,4.0,0.0001156
NULS/BTC,1580259635878,2020-01-29T01:00:35.878Z,buy,2.89e-05,1.0,2.89e-05
NULS/BTC,1580259735414,2020-01-29T01:02:15.414Z,sell,2.884e-05,300.0,0.008652
NULS/BTC,1580259735419,2020-01-29T01:02:15.419Z,buy,2.886e-05,301.0,0.008686860000000001
NULS/BTC,1580259758352,2020-01-29T01:02:38.352Z,buy,2.887e-05,6.0,0.00017322
NULS/BTC,1580259812353,2020-01-29T01:03:32.353Z,buy,2.887e-05,47.0,0.00135689
NULS/BTC,1580259812353,2020-01-29T01:03:32.353Z,buy,2.9e-05,74.0,0.002146
NULS/BTC,1580259812353,2020-01-29T01:03:32.353Z,buy,2.903e-05,609.0,0.01767927
NULS/BTC,1580259812353,2020-01-29T01:03:32.353Z,buy,2.907e-05,23.0,0.00066861
NULS/BTC,1580259812353,2020-01-29T01:03:32.353Z,buy,2.909e-05,554.0,0.01611586
NULS/BTC,1580259812353,2020-01-29T01:03:32.353Z,buy,2.91e-05,863.0,0.025113299999999998
NULS/BTC,1580259812666,2020-01-29T01:03:32.666Z,buy,2.909e-05,124.0,0.0036071600000000003
NULS/BTC,1580259813188,2020-01-29T01:03:33.188Z,buy,2.909e-05,3000.0,0.08727
NULS/BTC,1580259813242,2020-01-29T01:03:33.242Z,buy,2.909e-05,33.0,0.00095997
NULS/BTC,1580259813291,2020-01-29T01:03:33.291Z,buy,2.909e-05,1140.0,0.0331626
NULS/BTC,1580259813291,2020-01-29T01:03:33.291Z,buy,2.91e-05,1860.0,0.054126
NULS/BTC,1580259813293,2020-01-29T01:03:33.293Z,buy,2.91e-05,521.0,0.0151611
NULS/BTC,1580259813295,2020-01-29T01:03:33.295Z,buy,2.91e-05,476.0,0.0138516
NULS/BTC,1580259813422,2020-01-29T01:03:33.422Z,sell,2.91e-05,367.0,0.0106797
NULS/BTC,1580259814286,2020-01-29T01:03:34.286Z,sell,2.898e-05,915.0,0.0265167
NULS/BTC,1580259814286,2020-01-29T01:03:34.286Z,sell,2.885e-05,179.0,0.00516415
NULS/BTC,1580259814286,2020-01-29T01:03:34.286Z,sell,2.884e-05,1216.0,0.03506944
NULS/BTC,1580259814730,2020-01-29T01:03:34.730Z,buy,2.888e-05,124.0,0.00358112
NULS/BTC,1580259815307,2020-01-29T01:03:35.307Z,sell,2.886e-05,179.0,0.00516594
NULS/BTC,1580259920791,2020-01-29T01:05:20.791Z,sell,2.889e-05,185.0,0.00534465
NULS/BTC,1580259920791,2020-01-29T01:05:20.791Z,buy,2.899e-05,85.0,0.00246415
NULS/BTC,1580260066178,2020-01-29T01:07:46.178Z,buy,2.904e-05,915.0,0.0265716
NULS/BTC,1580260068165,2020-01-29T01:07:48.165Z,sell,2.904e-05,162.0,0.00470448
NULS/BTC,1580260070086,2020-01-29T01:07:50.086Z,buy,2.899e-05,50.0,0.0014494999999999998
NULS/BTC,1580260071093,2020-01-29T01:07:51.093Z,buy,2.904e-05,1039.0,0.03017256
NULS/BTC,1580260074048,2020-01-29T01:07:54.048Z,buy,2.904e-05,155.0,0.0045012
NULS/BTC,1580260074077,2020-01-29T01:07:54.077Z,buy,2.904e-05,51.0,0.00148104
NULS/BTC,1580260075227,2020-01-29T01:07:55.227Z,buy,2.904e-05,49.0,0.00142296
NULS/BTC,1580260325433,2020-01-29T01:12:05.433Z,sell,2.893e-05,333.0,0.00963369
NULS/BTC,1580260325439,2020-01-29T01:12:05.439Z,sell,2.884e-05,398.0,0.01147832
NULS/BTC,1580260414206,2020-01-29T01:13:34.206Z,buy,2.884e-05,40.0,0.0011535999999999999
NULS/BTC,1580260414358,2020-01-29T01:13:34.358Z,buy,2.884e-05,60.0,0.0017304
NULS/BTC,1580260441649,2020-01-29T01:14:01.649Z,sell,2.884e-05,70.0,0.0020188
NULS/BTC,1580260441649,2020-01-29T01:14:01.649Z,sell,2.883e-05,140.0,0.0040362
NULS/BTC,1580260441655,2020-01-29T01:14:01.655Z,sell,2.879e-05,17.0,0.00048943
NULS/BTC,1580260441666,2020-01-29T01:14:01.666Z,sell,2.879e-05,7.0,0.00020153
NULS/BTC,1580260441666,2020-01-29T01:14:01.666Z,sell,2.878e-05,11.0,0.00031658
NULS/BTC,1580260441768,2020-01-29T01:14:01.768Z,buy,2.882e-05,32.0,0.00092224
NULS/BTC,1580260442738,2020-01-29T01:14:02.738Z,sell,2.879e-05,210.0,0.0060459
NULS/BTC,1580260455703,2020-01-29T01:14:15.703Z,buy,2.881e-05,7.0,0.00020167
NULS/BTC,1580260490521,2020-01-29T01:14:50.521Z,buy,2.878e-05,1.0,2.878e-05
NULS/BTC,1580260545781,2020-01-29T01:15:45.781Z,sell,2.877e-05,79.0,0.00227283
NULS/BTC,1580260551412,2020-01-29T01:15:51.412Z,sell,2.877e-05,2913.0,0.08380701
NULS/BTC,1580260551603,2020-01-29T01:15:51.603Z,sell,2.877e-05,8.0,0.00023016
NULS/BTC,1580260554587,2020-01-29T01:15:54.587Z,buy,2.878e-05,124.0,0.00356872
NULS/BTC,1580260724416,2020-01-29T01:18:44.416Z,sell,2.879e-05,64.0,0.00184256
NULS/BTC,1580260771646,2020-01-29T01:19:31.646Z,buy,2.882e-05,4.0,0.00011528
NULS/BTC,1580260771893,2020-01-29T01:19:31.893Z,buy,2.882e-05,180.0,0.0051876
NULS/BTC,1580260969065,2020-01-29T01:22:49.065Z,buy,2.899e-05,1.0,2.899e-05
NULS/BTC,1580261000460,2020-01-29T01:23:20.460Z,buy,2.898e-05,15.0,0.0004347
NULS/BTC,1580261000460,2020-01-29T01:23:20.460Z,buy,2.899e-05,10.0,0.0002899
NULS/BTC,1580261000533,2020-01-29T01:23:20.533Z,sell,2.899e-05,31.0,0.00089869
NULS/BTC,1580261200957,2020-01-29T01:26:40.957Z,sell,2.9e-05,416.0,0.012064
NULS/BTC,1580261200965,2020-01-29T01:26:40.965Z,buy,2.903e-05,331.0,0.00960893
NULS/BTC,1580261429430,2020-01-29T01:30:29.430Z,sell,2.9e-05,421.0,0.012209
NULS/BTC,1580261429430,2020-01-29T01:30:29.430Z,sell,2.9e-05,421.0,0.012209
NULS/BTC,1580261762352,2020-01-29T01:36:02.352Z,buy,2.895e-05,156.0,0.0045162
NULS/BTC,1580261875627,2020-01-29T01:37:55.627Z,buy,2.902e-05,7.0,0.00020314
NULS/BTC,1580262033472,2020-01-29T01:40:33.472Z,sell,2.899e-05,455.0,0.01319045
NULS/BTC,1580262033474,2020-01-29T01:40:33.474Z,sell,2.893e-05,95.0,0.00274835
NULS/BTC,1580262190757,2020-01-29T01:43:10.757Z,buy,2.906e-05,4.0,0.00011624
NULS/BTC,1580262190827,2020-01-29T01:43:10.827Z,buy,2.907e-05,14.0,0.00040698000000000004
NULS/BTC,1580262190925,2020-01-29T01:43:10.925Z,buy,2.907e-05,6.0,0.00017442
NULS/BTC,1580262199095,2020-01-29T01:43:19.095Z,sell,2.905e-05,201.0,0.00583905
NULS/BTC,1580262245984,2020-01-29T01:44:05.984Z,buy,2.907e-05,4.0,0.00011628
NULS/BTC,1580262245984,2020-01-29T01:44:05.984Z,buy,2.91e-05,180.0,0.005238
NULS/BTC,1580262246006,2020-01-29T01:44:06.006Z,buy,2.91e-05,191.0,0.0055581
NULS/BTC,1580262246057,2020-01-29T01:44:06.057Z,buy,2.91e-05,73.0,0.0021243
NULS/BTC,1580262246101,2020-01-29T01:44:06.101Z,buy,2.91e-05,29.0,0.0008439
NULS/BTC,1580262246106,2020-01-29T01:44:06.106Z,buy,2.91e-05,48.0,0.0013968
NULS/BTC,1580262246153,2020-01-29T01:44:06.153Z,buy,2.91e-05,29.0,0.0008439
NULS/BTC,1580262246212,2020-01-29T01:44:06.212Z,buy,2.91e-05,4.0,0.0001164
NULS/BTC,1580262246494,2020-01-29T01:44:06.494Z,buy,2.91e-05,4.0,0.0001164
NULS/BTC,1580262375322,2020-01-29T01:46:15.322Z,buy,2.904e-05,632.0,0.01835328
NULS/BTC,1580262375332,2020-01-29T01:46:15.332Z,sell,2.902e-05,229.0,0.00664558
NULS/BTC,1580262941961,2020-01-29T01:55:41.961Z,sell,2.886e-05,77.0,0.00222222
NULS/BTC,1580262941964,2020-01-29T01:55:41.964Z,buy,2.896e-05,395.0,0.0114392
NULS/BTC,1580263015392,2020-01-29T01:56:55.392Z,sell,2.886e-05,82.0,0.00236652
NULS/BTC,1580263696137,2020-01-29T02:08:16.137Z,sell,2.892e-05,304.0,0.00879168
NULS/BTC,1580264207403,2020-01-29T02:16:47.403Z,buy,2.9e-05,1.0,2.9e-05
NULS/BTC,1580264511014,2020-01-29T02:21:51.014Z,buy,2.909e-05,1.0,2.909e-05
NULS/BTC,1580264664433,2020-01-29T02:24:24.433Z,buy,2.909e-05,5.0,0.00014545
NULS/BTC,1580264664541,2020-01-29T02:24:24.541Z,buy,2.909e-05,4.0,0.00011636
NULS/BTC,1580264689192,2020-01-29T02:24:49.192Z,buy,2.914e-05,1.0,2.914e-05
NULS/BTC,1580264689192,2020-01-29T02:24:49.192Z,buy,2.914e-05,1.0,2.914e-05
NULS/BTC,1580265200597,2020-01-29T02:33:20.597Z,buy,2.91e-05,163.0,0.0047433
NULS/BTC,1580265248929,2020-01-29T02:34:08.929Z,sell,2.91e-05,4.0,0.0001164
NULS/BTC,1580265599144,2020-01-29T02:39:59.144Z,sell,2.903e-05,96.0,0.0027868800000000003
NULS/BTC,1580266028291,2020-01-29T02:47:08.291Z,buy,2.902e-05,4.0,0.00011608
NULS/BTC,1580266179996,2020-01-29T02:49:39.996Z,buy,2.9e-05,231.0,0.006699
NULS/BTC,1580266197786,2020-01-29T02:49:57.786Z,sell,2.894e-05,122.0,0.00353068
NULS/BTC,1580266281019,2020-01-29T02:51:21.019Z,buy,2.894e-05,96.0,0.00277824
NULS/BTC,1580266281025,2020-01-29T02:51:21.025Z,buy,2.894e-05,310.0,0.008971400000000001
NULS/BTC,1580266281079,2020-01-29T02:51:21.079Z,buy,2.893e-05,85.0,0.00245905
NULS/BTC,1580266281079,2020-01-29T02:51:21.079Z,buy,2.894e-05,700.0,0.020258
NULS/BTC,1580266332286,2020-01-29T02:52:12.286Z,buy,2.894e-05,690.0,0.0199686
NULS/BTC,1580266336250,2020-01-29T02:52:16.250Z,buy,2.894e-05,540.0,0.015627600000000002
NULS/BTC,1580266448223,2020-01-29T02:54:08.223Z,buy,2.889e-05,4.0,0.00011556
NULS/BTC,1580266460708,2020-01-29T02:54:20.708Z,buy,2.889e-05,1.0,2.889e-05
NULS/BTC,1580266460708,2020-01-29T02:54:20.708Z,buy,2.89e-05,6.0,0.0001734
NULS/BTC,1580266460708,2020-01-29T02:54:20.708Z,buy,2.893e-05,145.0,0.00419485
NULS/BTC,1580266594150,2020-01-29T02:56:34.150Z,sell,2.89e-05,1098.0,0.0317322
NULS/BTC,1580266610081,2020-01-29T02:56:50.081Z,sell,2.89e-05,4.0,0.0001156
NULS/BTC,1580266610103,2020-01-29T02:56:50.103Z,buy,2.89e-05,57.0,0.0016473
NULS/BTC,1580266610158,2020-01-29T02:56:50.158Z,buy,2.89e-05,4.0,0.0001156
NULS/BTC,1580266610227,2020-01-29T02:56:50.227Z,buy,2.89e-05,4.0,0.0001156
NULS/BTC,1580266610366,2020-01-29T02:56:50.366Z,buy,2.89e-05,47.0,0.0013583
NULS/BTC,1580266610377,2020-01-29T02:56:50.377Z,buy,2.89e-05,4.0,0.0001156
NULS/BTC,1580266611068,2020-01-29T02:56:51.068Z,buy,2.89e-05,4.0,0.0001156
NULS/BTC,1580266615122,2020-01-29T02:56:55.122Z,buy,2.89e-05,4.0,0.0001156
NULS/BTC,1580266623186,2020-01-29T02:57:03.186Z,buy,2.89e-05,497.0,0.0143633
NULS/BTC,1580266909123,2020-01-29T03:01:49.123Z,sell,2.881e-05,219.0,0.00630939
NULS/BTC,1580266909128,2020-01-29T03:01:49.128Z,buy,2.885e-05,251.0,0.00724135
NULS/BTC,1580267148591,2020-01-29T03:05:48.591Z,buy,2.889e-05,312.0,0.00901368
NULS/BTC,1580267339421,2020-01-29T03:08:59.421Z,buy,2.889e-05,32.0,0.00092448
NULS/BTC,1580267339467,2020-01-29T03:08:59.467Z,buy,2.889e-05,4.0,0.00011556
NULS/BTC,1580267340318,2020-01-29T03:09:00.318Z,buy,2.889e-05,4.0,0.00011556
NULS/BTC,1580267341448,2020-01-29T03:09:01.448Z,buy,2.889e-05,4.0,0.00011556
NULS/BTC,1580267341532,2020-01-29T03:09:01.532Z,buy,2.889e-05,4.0,0.00011556
NULS/BTC,1580267341632,2020-01-29T03:09:01.632Z,buy,2.889e-05,4.0,0.00011556
NULS/BTC,1580267341762,2020-01-29T03:09:01.762Z,buy,2.889e-05,4.0,0.00011556
NULS/BTC,1580267343307,2020-01-29T03:09:03.307Z,buy,2.889e-05,4.0,0.00011556
NULS/BTC,1580267506158,2020-01-29T03:11:46.158Z,sell,2.881e-05,138.0,0.00397578
NULS/BTC,1580267506161,2020-01-29T03:11:46.161Z,buy,2.884e-05,91.0,0.00262444
NULS/BTC,1580267623602,2020-01-29T03:13:43.602Z,sell,2.881e-05,317.0,0.00913277
NULS/BTC,1580267623602,2020-01-29T03:13:43.602Z,sell,2.88e-05,1723.0,0.0496224
NULS/BTC,1580267819395,2020-01-29T03:16:59.395Z,buy,2.889e-05,120.0,0.0034668
NULS/BTC,1580267954750,2020-01-29T03:19:14.750Z,buy,2.896e-05,191.0,0.00553136
NULS/BTC,1580268028734,2020-01-29T03:20:28.734Z,buy,2.899e-05,8.0,0.00023192
NULS/BTC,1580268028734,2020-01-29T03:20:28.734Z,buy,2.899e-05,8.0,0.00023192
NULS/BTC,1580268515802,2020-01-29T03:28:35.802Z,sell,2.883e-05,48.0,0.00138384
NULS/BTC,1580269182654,2020-01-29T03:39:42.654Z,sell,2.884e-05,163.0,0.00470092
NULS/BTC,1580269730391,2020-01-29T03:48:50.391Z,sell,2.883e-05,4.0,0.00011532
NULS/BTC,1580269730648,2020-01-29T03:48:50.648Z,buy,2.883e-05,100.0,0.002883
NULS/BTC,1580269808735,2020-01-29T03:50:08.735Z,sell,2.88e-05,104.0,0.0029952
NULS/BTC,1580270359544,2020-01-29T03:59:19.544Z,sell,2.88e-05,37.0,0.0010655999999999999
NULS/BTC,1580270449122,2020-01-29T04:00:49.122Z,sell,2.879e-05,29.0,0.00083491
NULS/BTC,1580270449122,2020-01-29T04:00:49.122Z,sell,2.878e-05,11.0,0.00031658
NULS/BTC,1580270449122,2020-01-29T04:00:49.122Z,sell,2.869e-05,54.0,0.00154926
NULS/BTC,1580270449122,2020-01-29T04:00:49.122Z,sell,2.868e-05,446.0,0.01279128
NULS/BTC,1580270449122,2020-01-29T04:00:49.122Z,sell,2.867e-05,314.0,0.00900238
NULS/BTC,1580270449122,2020-01-29T04:00:49.122Z,sell,2.866e-05,498.0,0.01427268
NULS/BTC,1580270449896,2020-01-29T04:00:49.896Z,sell,2.869e-05,485.0,0.01391465
NULS/BTC,1580270449947,2020-01-29T04:00:49.947Z,sell,2.869e-05,15.0,0.00043035
NULS/BTC,1580270449947,2020-01-29T04:00:49.947Z,sell,2.865e-05,259.0,0.007420349999999999
NULS/BTC,1580270449947,2020-01-29T04:00:49.947Z,sell,2.863e-05,54.0,0.00154602
NULS/BTC,1580270450507,2020-01-29T04:00:50.507Z,sell,2.863e-05,98.0,0.0028057399999999997
NULS/BTC,1580270454930,2020-01-29T04:00:54.930Z,sell,2.863e-05,336.0,0.00961968
NULS/BTC,1580270493627,2020-01-29T04:01:33.627Z,sell,2.864e-05,631.0,0.01807184
NULS/BTC,1580270493627,2020-01-29T04:01:33.627Z,sell,2.863e-05,455.0,0.013026649999999999
NULS/BTC,1580270493627,2020-01-29T04:01:33.627Z,sell,2.862e-05,628.0,0.01797336
NULS/BTC,1580270542029,2020-01-29T04:02:22.029Z,sell,2.864e-05,17.0,0.00048688000000000003
NULS/BTC,1580270542042,2020-01-29T04:02:22.042Z,buy,2.864e-05,4.0,0.00011456
NULS/BTC,1580270542045,2020-01-29T04:02:22.045Z,buy,2.864e-05,52.0,0.00148928
NULS/BTC,1580270542049,2020-01-29T04:02:22.049Z,buy,2.864e-05,10.0,0.0002864
NULS/BTC,1580270542053,2020-01-29T04:02:22.053Z,buy,2.864e-05,3200.0,0.09164800000000001
NULS/BTC,1580270542060,2020-01-29T04:02:22.060Z,buy,2.864e-05,213.0,0.00610032
NULS/BTC,1580270542066,2020-01-29T04:02:22.066Z,buy,2.864e-05,51.0,0.00146064
NULS/BTC,1580270542080,2020-01-29T04:02:22.080Z,buy,2.864e-05,4.0,0.00011456
NULS/BTC,1580270542102,2020-01-29T04:02:22.102Z,buy,2.864e-05,10.0,0.0002864
NULS/BTC,1580270542171,2020-01-29T04:02:22.171Z,buy,2.864e-05,10.0,0.0002864
NULS/BTC,1580270542190,2020-01-29T04:02:22.190Z,buy,2.864e-05,4.0,0.00011456
NULS/BTC,1580270542217,2020-01-29T04:02:22.217Z,buy,2.864e-05,10.0,0.0002864
NULS/BTC,1580270542244,2020-01-29T04:02:22.244Z,buy,2.864e-05,4.0,0.00011456
NULS/BTC,1580270542253,2020-01-29T04:02:22.253Z,buy,2.864e-05,10.0,0.0002864
NULS/BTC,1580270542271,2020-01-29T04:02:22.271Z,buy,2.864e-05,50.0,0.0014320000000000001
NULS/BTC,1580270542317,2020-01-29T04:02:22.317Z,buy,2.864e-05,10.0,0.0002864
NULS/BTC,1580270542382,2020-01-29T04:02:22.382Z,buy,2.864e-05,10.0,0.0002864
NULS/BTC,1580270542497,2020-01-29T04:02:22.497Z,buy,2.864e-05,10.0,0.0002864
NULS/BTC,1580270542650,2020-01-29T04:02:22.650Z,buy,2.864e-05,10.0,0.0002864
NULS/BTC,1580270543331,2020-01-29T04:02:23.331Z,buy,2.864e-05,5.0,0.0001432
NULS/BTC,1580270543335,2020-01-29T04:02:23.335Z,buy,2.864e-05,234.0,0.00670176
NULS/BTC,1580270543413,2020-01-29T04:02:23.413Z,buy,2.864e-05,5.0,0.0001432
NULS/BTC,1580270543491,2020-01-29T04:02:23.491Z,buy,2.864e-05,5.0,0.0001432
NULS/BTC,1580270543543,2020-01-29T04:02:23.543Z,buy,2.864e-05,5.0,0.0001432
NULS/BTC,1580270543703,2020-01-29T04:02:23.703Z,buy,2.864e-05,5.0,0.0001432
NULS/BTC,1580270543818,2020-01-29T04:02:23.818Z,buy,2.864e-05,5.0,0.0001432
NULS/BTC,1580270543915,2020-01-29T04:02:23.915Z,buy,2.864e-05,5.0,0.0001432
NULS/BTC,1580270544023,2020-01-29T04:02:24.023Z,buy,2.864e-05,5.0,0.0001432
NULS/BTC,1580270544142,2020-01-29T04:02:24.142Z,buy,2.864e-05,5.0,0.0001432
NULS/BTC,1580270544219,2020-01-29T04:02:24.219Z,buy,2.864e-05,5.0,0.0001432
NULS/BTC,1580270544260,2020-01-29T04:02:24.260Z,buy,2.864e-05,5.0,0.0001432
NULS/BTC,1580270544414,2020-01-29T04:02:24.414Z,buy,2.864e-05,5.0,0.0001432
NULS/BTC,1580270544670,2020-01-29T04:02:24.670Z,buy,2.864e-05,5.0,0.0001432
NULS/BTC,1580270544741,2020-01-29T04:02:24.741Z,buy,2.864e-05,404.0,0.01157056
NULS/BTC,1580270549984,2020-01-29T04:02:29.984Z,buy,2.864e-05,870.0,0.0249168
NULS/BTC,1580270553084,2020-01-29T04:02:33.084Z,sell,2.863e-05,78.0,0.0022331399999999998
NULS/BTC,1580270553210,2020-01-29T04:02:33.210Z,sell,2.863e-05,579.0,0.016576769999999998
NULS/BTC,1580270561110,2020-01-29T04:02:41.110Z,sell,2.863e-05,21.0,0.00060123
NULS/BTC,1580270561725,2020-01-29T04:02:41.725Z,sell,2.863e-05,500.0,0.014315
NULS/BTC,1580270581061,2020-01-29T04:03:01.061Z,sell,2.863e-05,9.0,0.00025767
NULS/BTC,1580270581061,2020-01-29T04:03:01.061Z,sell,2.862e-05,118.0,0.00337716
NULS/BTC,1580270581798,2020-01-29T04:03:01.798Z,sell,2.862e-05,208.0,0.00595296
NULS/BTC,1580270583174,2020-01-29T04:03:03.174Z,sell,2.862e-05,117.0,0.00334854
NULS/BTC,1580270584468,2020-01-29T04:03:04.468Z,sell,2.862e-05,404.0,0.01156248
NULS/BTC,1580270585523,2020-01-29T04:03:05.523Z,sell,2.862e-05,20.0,0.0005724
NULS/BTC,1580270587415,2020-01-29T04:03:07.415Z,sell,2.862e-05,31.0,0.00088722
NULS/BTC,1580270587486,2020-01-29T04:03:07.486Z,sell,2.862e-05,238.0,0.00681156
NULS/BTC,1580270587716,2020-01-29T04:03:07.716Z,sell,2.862e-05,55.0,0.0015741
NULS/BTC,1580270588762,2020-01-29T04:03:08.762Z,sell,2.862e-05,48.0,0.00137376
NULS/BTC,1580270589914,2020-01-29T04:03:09.914Z,sell,2.862e-05,2449.0,0.07009038000000001
NULS/BTC,1580270589914,2020-01-29T04:03:09.914Z,sell,2.861e-05,109.0,0.00311849
NULS/BTC,1580270589914,2020-01-29T04:03:09.914Z,sell,2.859e-05,1533.0,0.04382847
NULS/BTC,1580270591542,2020-01-29T04:03:11.542Z,sell,2.859e-05,66.0,0.00188694
NULS/BTC,1580270592521,2020-01-29T04:03:12.521Z,sell,2.859e-05,110.0,0.0031449
NULS/BTC,1580270592825,2020-01-29T04:03:12.825Z,sell,2.859e-05,98.0,0.00280182
NULS/BTC,1580270592825,2020-01-29T04:03:12.825Z,sell,2.858e-05,32.0,0.00091456
NULS/BTC,1580270592825,2020-01-29T04:03:12.825Z,sell,2.857e-05,39.0,0.00111423
NULS/BTC,1580270594410,2020-01-29T04:03:14.410Z,sell,2.857e-05,96.0,0.0027427199999999997
NULS/BTC,1580270608550,2020-01-29T04:03:28.550Z,sell,2.857e-05,184.0,0.00525688
NULS/BTC,1580270608550,2020-01-29T04:03:28.550Z,sell,2.852e-05,24.0,0.00068448
NULS/BTC,1580270608550,2020-01-29T04:03:28.550Z,sell,2.851e-05,264.0,0.00752664
NULS/BTC,1580270608550,2020-01-29T04:03:28.550Z,sell,2.851e-05,241.0,0.00687091
NULS/BTC,1580270608563,2020-01-29T04:03:28.563Z,buy,2.852e-05,99.0,0.00282348
NULS/BTC,1580270608565,2020-01-29T04:03:28.565Z,buy,2.852e-05,52.0,0.0014830400000000001
NULS/BTC,1580270608574,2020-01-29T04:03:28.574Z,buy,2.852e-05,950.0,0.027094
NULS/BTC,1580270608582,2020-01-29T04:03:28.582Z,buy,2.852e-05,107.0,0.00305164
NULS/BTC,1580270608613,2020-01-29T04:03:28.613Z,buy,2.853e-05,99.0,0.00282447
NULS/BTC,1580270608626,2020-01-29T04:03:28.626Z,buy,2.853e-05,96.0,0.00273888
NULS/BTC,1580270608658,2020-01-29T04:03:28.658Z,buy,2.853e-05,99.0,0.00282447
NULS/BTC,1580270608680,2020-01-29T04:03:28.680Z,buy,2.853e-05,31.0,0.00088443
NULS/BTC,1580270608854,2020-01-29T04:03:28.854Z,buy,2.853e-05,64.0,0.00182592
NULS/BTC,1580270608950,2020-01-29T04:03:28.950Z,buy,2.853e-05,342.0,0.00975726
NULS/BTC,1580270609020,2020-01-29T04:03:29.020Z,buy,2.853e-05,30.0,0.0008558999999999999
NULS/BTC,1580270609791,2020-01-29T04:03:29.791Z,sell,2.85e-05,32.0,0.000912
NULS/BTC,1580270609791,2020-01-29T04:03:29.791Z,sell,2.85e-05,15.0,0.00042750000000000004
NULS/BTC,1580270609953,2020-01-29T04:03:29.953Z,buy,2.853e-05,239.0,0.00681867
NULS/BTC,1580270613461,2020-01-29T04:03:33.461Z,buy,2.853e-05,98.0,0.00279594
NULS/BTC,1580270660862,2020-01-29T04:04:20.862Z,sell,2.853e-05,11.0,0.00031382999999999997
NULS/BTC,1580270662006,2020-01-29T04:04:22.006Z,buy,2.853e-05,183.0,0.00522099
NULS/BTC,1580270666465,2020-01-29T04:04:26.465Z,buy,2.853e-05,4.0,0.00011412
NULS/BTC,1580270686613,2020-01-29T04:04:46.613Z,sell,2.85e-05,129.0,0.0036765
NULS/BTC,1580270703281,2020-01-29T04:05:03.281Z,sell,2.85e-05,5049.0,0.1438965
NULS/BTC,1580270710969,2020-01-29T04:05:10.969Z,sell,2.854e-05,98.0,0.00279692
NULS/BTC,1580270720141,2020-01-29T04:05:20.141Z,buy,2.855e-05,237.0,0.00676635
NULS/BTC,1580270720141,2020-01-29T04:05:20.141Z,buy,2.862e-05,483.0,0.013823460000000001
NULS/BTC,1580270750093,2020-01-29T04:05:50.093Z,buy,2.862e-05,174.0,0.00497988
NULS/BTC,1580270750093,2020-01-29T04:05:50.093Z,buy,2.863e-05,886.0,0.02536618
NULS/BTC,1580271096811,2020-01-29T04:11:36.811Z,buy,2.869e-05,10.0,0.00028690000000000003
NULS/BTC,1580271105082,2020-01-29T04:11:45.082Z,buy,2.869e-05,6.0,0.00017214000000000002
NULS/BTC,1580271470741,2020-01-29T04:17:50.741Z,sell,2.865e-05,419.0,0.012004349999999999
NULS/BTC,1580271527218,2020-01-29T04:18:47.218Z,sell,2.864e-05,725.0,0.020764
NULS/BTC,1580271565938,2020-01-29T04:19:25.938Z,buy,2.864e-05,380.0,0.0108832
NULS/BTC,1580271577992,2020-01-29T04:19:37.992Z,buy,2.862e-05,239.0,0.00684018
NULS/BTC,1580271583035,2020-01-29T04:19:43.035Z,buy,2.873e-05,1.0,2.873e-05
NULS/BTC,1580271583035,2020-01-29T04:19:43.035Z,buy,2.873e-05,1.0,2.873e-05
NULS/BTC,1580271782618,2020-01-29T04:23:02.618Z,buy,2.876e-05,157.0,0.00451532
NULS/BTC,1580271976357,2020-01-29T04:26:16.357Z,sell,2.86e-05,1298.0,0.0371228
NULS/BTC,1580271976357,2020-01-29T04:26:16.357Z,sell,2.854e-05,157.0,0.00448078
NULS/BTC,1580271976357,2020-01-29T04:26:16.357Z,sell,2.853e-05,2712.0,0.07737336
NULS/BTC,1580272094267,2020-01-29T04:28:14.267Z,buy,2.859e-05,1.0,2.859e-05
NULS/BTC,1580272139191,2020-01-29T04:28:59.191Z,sell,2.858e-05,247.0,0.00705926
NULS/BTC,1580272322422,2020-01-29T04:32:02.422Z,buy,2.859e-05,228.0,0.00651852
NULS/BTC,1580272338197,2020-01-29T04:32:18.197Z,buy,2.859e-05,32.0,0.00091488
NULS/BTC,1580272352648,2020-01-29T04:32:32.648Z,sell,2.858e-05,5.0,0.0001429
NULS/BTC,1580272352875,2020-01-29T04:32:32.875Z,sell,2.858e-05,4.0,0.00011432
NULS/BTC,1580272462363,2020-01-29T04:34:22.363Z,buy,2.869e-05,1.0,2.869e-05
NULS/BTC,1580272537738,2020-01-29T04:35:37.738Z,sell,2.858e-05,122.0,0.00348676
NULS/BTC,1580272726310,2020-01-29T04:38:46.310Z,buy,2.869e-05,5.0,0.00014345000000000002
NULS/BTC,1580273039583,2020-01-29T04:43:59.583Z,sell,2.862e-05,67.0,0.0019175400000000001
NULS/BTC,1580273083951,2020-01-29T04:44:43.951Z,buy,2.867e-05,453.0,0.01298751
NULS/BTC,1580273243478,2020-01-29T04:47:23.478Z,buy,2.865e-05,475.0,0.01360875
NULS/BTC,1580273243486,2020-01-29T04:47:23.486Z,sell,2.86e-05,83.0,0.0023738
NULS/BTC,1580273480432,2020-01-29T04:51:20.432Z,sell,2.859e-05,36.0,0.00102924
NULS/BTC,1580273494523,2020-01-29T04:51:34.523Z,buy,2.868e-05,157.0,0.00450276
NULS/BTC,1580273530230,2020-01-29T04:52:10.230Z,buy,2.868e-05,3297.0,0.09455796
NULS/BTC,1580273530276,2020-01-29T04:52:10.276Z,buy,2.871e-05,317.0,0.009101070000000001
NULS/BTC,1580273530367,2020-01-29T04:52:10.367Z,buy,2.872e-05,517.0,0.01484824
NULS/BTC,1580273530482,2020-01-29T04:52:10.482Z,buy,2.873e-05,1257.0,0.036113610000000004
NULS/BTC,1580273546367,2020-01-29T04:52:26.367Z,buy,2.873e-05,2520.0,0.07239960000000001
NULS/BTC,1580273572222,2020-01-29T04:52:52.222Z,sell,2.862e-05,798.0,0.02283876
NULS/BTC,1580273598576,2020-01-29T04:53:18.576Z,sell,2.861e-05,130.0,0.0037193
NULS/BTC,1580273598576,2020-01-29T04:53:18.576Z,sell,2.859e-05,2267.0,0.06481353
NULS/BTC,1580273619879,2020-01-29T04:53:39.879Z,buy,2.877e-05,98.0,0.00281946
NULS/BTC,1580273619883,2020-01-29T04:53:39.883Z,buy,2.877e-05,52.0,0.0014960400000000001
NULS/BTC,1580273620016,2020-01-29T04:53:40.016Z,buy,2.877e-05,40.0,0.0011508
NULS/BTC,1580273723662,2020-01-29T04:55:23.662Z,buy,2.877e-05,590.0,0.0169743
NULS/BTC,1580273883793,2020-01-29T04:58:03.793Z,buy,2.877e-05,148.0,0.00425796
NULS/BTC,1580274133047,2020-01-29T05:02:13.047Z,buy,2.877e-05,4.0,0.00011508
NULS/BTC,1580274133047,2020-01-29T05:02:13.047Z,buy,2.878e-05,10.0,0.0002878
NULS/BTC,1580274134045,2020-01-29T05:02:14.045Z,buy,2.878e-05,1.0,2.878e-05
NULS/BTC,1580274134045,2020-01-29T05:02:14.045Z,buy,2.879e-05,3.0,8.637e-05
NULS/BTC,1580274134122,2020-01-29T05:02:14.122Z,buy,2.879e-05,119.0,0.00342601
NULS/BTC,1580274199866,2020-01-29T05:03:19.866Z,buy,2.882e-05,2820.0,0.0812724
NULS/BTC,1580274203361,2020-01-29T05:03:23.361Z,buy,2.882e-05,950.0,0.027378999999999997
NULS/BTC,1580274203403,2020-01-29T05:03:23.403Z,buy,2.89e-05,761.0,0.0219929
NULS/BTC,1580274203403,2020-01-29T05:03:23.403Z,buy,2.891e-05,4.0,0.00011564
NULS/BTC,1580274203403,2020-01-29T05:03:23.403Z,buy,2.892e-05,184.0,0.00532128
NULS/BTC,1580274440860,2020-01-29T05:07:20.860Z,buy,2.888e-05,4.0,0.00011552
NULS/BTC,1580274440867,2020-01-29T05:07:20.867Z,buy,2.888e-05,6.0,0.00017328
NULS/BTC,1580274440867,2020-01-29T05:07:20.867Z,buy,2.891e-05,4.0,0.00011564
NULS/BTC,1580274440867,2020-01-29T05:07:20.867Z,buy,2.892e-05,927.0,0.02680884
NULS/BTC,1580274440915,2020-01-29T05:07:20.915Z,buy,2.892e-05,688.0,0.01989696
NULS/BTC,1580274479562,2020-01-29T05:07:59.562Z,buy,2.898e-05,1.0,2.898e-05
NULS/BTC,1580274503491,2020-01-29T05:08:23.491Z,sell,2.883e-05,231.0,0.00665973
NULS/BTC,1580274674074,2020-01-29T05:11:14.074Z,buy,2.893e-05,283.0,0.00818719
NULS/BTC,1580274674075,2020-01-29T05:11:14.075Z,sell,2.883e-05,340.0,0.0098022
NULS/BTC,1580274809019,2020-01-29T05:13:29.019Z,buy,2.891e-05,336.0,0.00971376
NULS/BTC,1580274809025,2020-01-29T05:13:29.025Z,sell,2.883e-05,162.0,0.00467046
NULS/BTC,1580274819101,2020-01-29T05:13:39.101Z,sell,2.883e-05,74.0,0.00213342
NULS/BTC,1580274883672,2020-01-29T05:14:43.672Z,sell,2.875e-05,191.0,0.0054912500000000005
NULS/BTC,1580274883678,2020-01-29T05:14:43.678Z,buy,2.882e-05,252.0,0.00726264
NULS/BTC,1580275076077,2020-01-29T05:17:56.077Z,sell,2.872e-05,55.0,0.0015796
NULS/BTC,1580275076077,2020-01-29T05:17:56.077Z,sell,2.872e-05,55.0,0.0015796
NULS/BTC,1580275201390,2020-01-29T05:20:01.390Z,sell,2.874e-05,305.0,0.0087657
NULS/BTC,1580275313189,2020-01-29T05:21:53.189Z,sell,2.875e-05,246.0,0.0070725
NULS/BTC,1580275322871,2020-01-29T05:22:02.871Z,buy,2.887e-05,1.0,2.887e-05
NULS/BTC,1580275436991,2020-01-29T05:23:56.991Z,buy,2.887e-05,1.0,2.887e-05
NULS/BTC,1580275479904,2020-01-29T05:24:39.904Z,sell,2.88e-05,235.0,0.006768
NULS/BTC,1580275572875,2020-01-29T05:26:12.875Z,buy,2.881e-05,1.0,2.881e-05
NULS/BTC,1580275574086,2020-01-29T05:26:14.086Z,buy,2.879e-05,7.0,0.00020153
NULS/BTC,1580275574139,2020-01-29T05:26:14.139Z,buy,2.879e-05,4.0,0.00011516
NULS/BTC,1580275600075,2020-01-29T05:26:40.075Z,sell,2.875e-05,61.0,0.00175375
NULS/BTC,1580275600075,2020-01-29T05:26:40.075Z,sell,2.872e-05,171.0,0.00491112
NULS/BTC,1580275600086,2020-01-29T05:26:40.086Z,buy,2.875e-05,26.0,0.0007475
NULS/BTC,1580275600088,2020-01-29T05:26:40.088Z,buy,2.875e-05,26.0,0.0007475
NULS/BTC,1580275600088,2020-01-29T05:26:40.088Z,buy,2.875e-05,9.0,0.00025875000000000003
NULS/BTC,1580275600100,2020-01-29T05:26:40.100Z,buy,2.879e-05,2.0,5.758e-05
NULS/BTC,1580275735113,2020-01-29T05:28:55.113Z,sell,2.873e-05,74.0,0.00212602
NULS/BTC,1580275735118,2020-01-29T05:28:55.118Z,buy,2.879e-05,192.0,0.00552768
NULS/BTC,1580276050991,2020-01-29T05:34:10.991Z,sell,2.878e-05,33.0,0.0009497399999999999
NULS/BTC,1580276203610,2020-01-29T05:36:43.610Z,sell,2.877e-05,74.0,0.00212898
NULS/BTC,1580276203615,2020-01-29T05:36:43.615Z,sell,2.866e-05,317.0,0.00908522
NULS/BTC,1580276203627,2020-01-29T05:36:43.627Z,buy,2.866e-05,74.0,0.00212084
NULS/BTC,1580276204014,2020-01-29T05:36:44.014Z,sell,2.868e-05,74.0,0.00212232
NULS/BTC,1580276204014,2020-01-29T05:36:44.014Z,sell,2.864e-05,726.0,0.02079264
NULS/BTC,1580276204176,2020-01-29T05:36:44.176Z,sell,2.864e-05,57.0,0.00163248
NULS/BTC,1580276204349,2020-01-29T05:36:44.349Z,buy,2.876e-05,6.0,0.00017256
NULS/BTC,1580276204349,2020-01-29T05:36:44.349Z,buy,2.877e-05,18.0,0.00051786
NULS/BTC,1580276204349,2020-01-29T05:36:44.349Z,buy,2.891e-05,4.0,0.00011564
NULS/BTC,1580276204536,2020-01-29T05:36:44.536Z,buy,2.881e-05,6.0,0.00017286
NULS/BTC,1580276204536,2020-01-29T05:36:44.536Z,buy,2.899e-05,11.0,0.00031889
NULS/BTC,1580276204536,2020-01-29T05:36:44.536Z,buy,2.9e-05,74.0,0.002146
NULS/BTC,1580276204536,2020-01-29T05:36:44.536Z,buy,2.903e-05,709.0,0.02058227
NULS/BTC,1580276204618,2020-01-29T05:36:44.618Z,buy,2.902e-05,186.0,0.00539772
NULS/BTC,1580276204689,2020-01-29T05:36:44.689Z,buy,2.902e-05,171.0,0.00496242
NULS/BTC,1580276359418,2020-01-29T05:39:19.418Z,buy,2.893e-05,78.0,0.00225654
NULS/BTC,1580276359432,2020-01-29T05:39:19.432Z,sell,2.893e-05,53.0,0.0015332899999999999
NULS/BTC,1580276359438,2020-01-29T05:39:19.438Z,sell,2.893e-05,53.0,0.0015332899999999999
NULS/BTC,1580276359439,2020-01-29T05:39:19.439Z,sell,2.893e-05,53.0,0.0015332899999999999
NULS/BTC,1580276359440,2020-01-29T05:39:19.440Z,sell,2.893e-05,3198.0,0.09251814
NULS/BTC,1580276359449,2020-01-29T05:39:19.449Z,sell,2.893e-05,186.0,0.00538098
NULS/BTC,1580276359570,2020-01-29T05:39:19.570Z,sell,2.893e-05,1780.0,0.0514954
NULS/BTC,1580276359582,2020-01-29T05:39:19.582Z,sell,2.893e-05,430.0,0.0124399
NULS/BTC,1580276534250,2020-01-29T05:42:14.250Z,sell,2.893e-05,4.0,0.00011572
NULS/BTC,1580276584294,2020-01-29T05:43:04.294Z,sell,2.893e-05,4.0,0.00011572
NULS/BTC,1580276909470,2020-01-29T05:48:29.470Z,sell,2.886e-05,715.0,0.0206349
NULS/BTC,1580276909476,2020-01-29T05:48:29.476Z,sell,2.882e-05,286.0,0.00824252
NULS/BTC,1580277113685,2020-01-29T05:51:53.685Z,buy,2.887e-05,26.0,0.00075062
NULS/BTC,1580277332936,2020-01-29T05:55:32.936Z,sell,2.879e-05,195.0,0.00561405
NULS/BTC,1580277332977,2020-01-29T05:55:32.977Z,buy,2.894e-05,1.0,2.894e-05
NULS/BTC,1580277332987,2020-01-29T05:55:32.987Z,sell,2.878e-05,11.0,0.00031658
NULS/BTC,1580277411994,2020-01-29T05:56:51.994Z,sell,2.871e-05,138.0,0.00396198
NULS/BTC,1580277754106,2020-01-29T06:02:34.106Z,sell,2.871e-05,4.0,0.00011484
NULS/BTC,1580277754126,2020-01-29T06:02:34.126Z,buy,2.871e-05,210.0,0.0060291
NULS/BTC,1580277930325,2020-01-29T06:05:30.325Z,sell,2.871e-05,27.0,0.00077517
NULS/BTC,1580278371190,2020-01-29T06:12:51.190Z,sell,2.871e-05,35.0,0.00100485
NULS/BTC,1580278435385,2020-01-29T06:13:55.385Z,sell,2.87e-05,8.0,0.0002296
NULS/BTC,1580278467378,2020-01-29T06:14:27.378Z,buy,2.883e-05,44.0,0.00126852
NULS/BTC,1580278468656,2020-01-29T06:14:28.656Z,buy,2.883e-05,155.0,0.00446865
NULS/BTC,1580278468656,2020-01-29T06:14:28.656Z,buy,2.884e-05,54.0,0.0015573599999999998
NULS/BTC,1580278556156,2020-01-29T06:15:56.156Z,buy,2.89e-05,141.0,0.0040749
NULS/BTC,1580278556311,2020-01-29T06:15:56.311Z,buy,2.89e-05,26.0,0.0007514
NULS/BTC,1580278558825,2020-01-29T06:15:58.825Z,buy,2.897e-05,108.0,0.00312876
NULS/BTC,1580278558825,2020-01-29T06:15:58.825Z,buy,2.899e-05,13.0,0.00037686999999999996
NULS/BTC,1580278646549,2020-01-29T06:17:26.549Z,buy,2.894e-05,35.0,0.0010129
NULS/BTC,1580278646549,2020-01-29T06:17:26.549Z,buy,2.894e-05,35.0,0.0010129
NULS/BTC,1580279002637,2020-01-29T06:23:22.637Z,sell,2.881e-05,57.0,0.00164217
NULS/BTC,1580279002640,2020-01-29T06:23:22.640Z,buy,2.887e-05,128.0,0.00369536
NULS/BTC,1580279204155,2020-01-29T06:26:44.155Z,buy,2.889e-05,25.0,0.00072225
NULS/BTC,1580279227812,2020-01-29T06:27:07.812Z,sell,2.88e-05,53.0,0.0015264
NULS/BTC,1580279345118,2020-01-29T06:29:05.118Z,sell,2.88e-05,17.0,0.0004896
NULS/BTC,1580279385437,2020-01-29T06:29:45.437Z,buy,2.888e-05,366.0,0.01057008
NULS/BTC,1580279385437,2020-01-29T06:29:45.437Z,buy,2.89e-05,9.0,0.00026010000000000003
NULS/BTC,1580279566339,2020-01-29T06:32:46.339Z,sell,2.887e-05,33.0,0.00095271
NULS/BTC,1580279566341,2020-01-29T06:32:46.341Z,sell,2.879e-05,52.0,0.00149708
NULS/BTC,1580279671652,2020-01-29T06:34:31.652Z,buy,2.89e-05,590.0,0.017051
NULS/BTC,1580279876644,2020-01-29T06:37:56.644Z,sell,2.879e-05,29.0,0.00083491
NULS/BTC,1580279921335,2020-01-29T06:38:41.335Z,buy,2.893e-05,244.0,0.00705892
NULS/BTC,1580280319748,2020-01-29T06:45:19.748Z,buy,2.893e-05,4.0,0.00011572
NULS/BTC,1580280403328,2020-01-29T06:46:43.328Z,sell,2.884e-05,57.0,0.00164388
NULS/BTC,1580280572857,2020-01-29T06:49:32.857Z,buy,2.893e-05,4.0,0.00011572
NULS/BTC,1580280674463,2020-01-29T06:51:14.463Z,buy,2.893e-05,382.0,0.01105126
NULS/BTC,1580280674463,2020-01-29T06:51:14.463Z,buy,2.895e-05,4455.0,0.12897224999999998
NULS/BTC,1580280674651,2020-01-29T06:51:14.651Z,sell,2.895e-05,51.0,0.00147645
NULS/BTC,1580280695551,2020-01-29T06:51:35.551Z,sell,2.895e-05,149.0,0.00431355
NULS/BTC,1580280728166,2020-01-29T06:52:08.166Z,sell,2.895e-05,4.0,0.0001158
NULS/BTC,1580280788828,2020-01-29T06:53:08.828Z,sell,2.895e-05,4.0,0.0001158
NULS/BTC,1580280797919,2020-01-29T06:53:17.919Z,sell,2.896e-05,119.0,0.00344624
NULS/BTC,1580280867081,2020-01-29T06:54:27.081Z,sell,2.897e-05,54.0,0.00156438
NULS/BTC,1580281027160,2020-01-29T06:57:07.160Z,sell,2.896e-05,149.0,0.00431504
NULS/BTC,1580281149419,2020-01-29T06:59:09.419Z,sell,2.896e-05,439.0,0.01271344
NULS/BTC,1580281149419,2020-01-29T06:59:09.419Z,sell,2.891e-05,415.0,0.01199765
NULS/BTC,1580281188274,2020-01-29T06:59:48.274Z,sell,2.888e-05,303.0,0.00875064
NULS/BTC,1580281274147,2020-01-29T07:01:14.147Z,sell,2.888e-05,2804.0,0.08097952
NULS/BTC,1580281298450,2020-01-29T07:01:38.450Z,buy,2.888e-05,94.0,0.0027147200000000003
NULS/BTC,1580281309724,2020-01-29T07:01:49.724Z,buy,2.888e-05,1957.0,0.056518160000000005
NULS/BTC,1580281362986,2020-01-29T07:02:42.986Z,sell,2.889e-05,88.0,0.00254232
NULS/BTC,1580281658954,2020-01-29T07:07:38.954Z,buy,2.893e-05,13.0,0.00037609
NULS/BTC,1580281658954,2020-01-29T07:07:38.954Z,buy,2.894e-05,1856.0,0.05371264
NULS/BTC,1580281917284,2020-01-29T07:11:57.284Z,sell,2.88e-05,135.0,0.003888
NULS/BTC,1580281917284,2020-01-29T07:11:57.284Z,sell,2.88e-05,135.0,0.003888
NULS/BTC,1580282317693,2020-01-29T07:18:37.693Z,buy,2.897e-05,36.0,0.00104292
NULS/BTC,1580282325553,2020-01-29T07:18:45.553Z,sell,2.881e-05,289.0,0.00832609
NULS/BTC,1580282694647,2020-01-29T07:24:54.647Z,sell,2.882e-05,69.0,0.0019885799999999998
NULS/BTC,1580283059709,2020-01-29T07:30:59.709Z,sell,2.882e-05,16.0,0.00046112
NULS/BTC,1580283059709,2020-01-29T07:30:59.709Z,buy,2.889e-05,223.0,0.00644247
NULS/BTC,1580283472705,2020-01-29T07:37:52.705Z,sell,2.879e-05,109.0,0.00313811
NULS/BTC,1580283527458,2020-01-29T07:38:47.458Z,sell,2.879e-05,55.0,0.0015834500000000001
NULS/BTC,1580283832222,2020-01-29T07:43:52.222Z,sell,2.882e-05,67.0,0.00193094
NULS/BTC,1580283875707,2020-01-29T07:44:35.707Z,buy,2.896e-05,1.0,2.896e-05
NULS/BTC,1580283926886,2020-01-29T07:45:26.886Z,sell,2.881e-05,27.0,0.0007778700000000001
NULS/BTC,1580283942755,2020-01-29T07:45:42.755Z,sell,2.881e-05,65.0,0.00187265
NULS/BTC,1580284104733,2020-01-29T07:48:24.733Z,sell,2.888e-05,31.0,0.00089528
NULS/BTC,1580284104738,2020-01-29T07:48:24.738Z,sell,2.888e-05,165.0,0.0047652
NULS/BTC,1580284133647,2020-01-29T07:48:53.647Z,buy,2.888e-05,31.0,0.00089528
NULS/BTC,1580284165971,2020-01-29T07:49:25.971Z,buy,2.888e-05,92.0,0.0026569600000000003
NULS/BTC,1580284169749,2020-01-29T07:49:29.749Z,sell,2.881e-05,31.0,0.00089311
NULS/BTC,1580284169749,2020-01-29T07:49:29.749Z,sell,2.88e-05,31.0,0.0008927999999999999
NULS/BTC,1580284169753,2020-01-29T07:49:29.753Z,sell,2.88e-05,31.0,0.0008927999999999999
NULS/BTC,1580284169753,2020-01-29T07:49:29.753Z,sell,2.88e-05,31.0,0.0008927999999999999
NULS/BTC,1580284169756,2020-01-29T07:49:29.756Z,sell,2.88e-05,31.0,0.0008927999999999999
NULS/BTC,1580284169757,2020-01-29T07:49:29.757Z,sell,2.88e-05,31.0,0.0008927999999999999
NULS/BTC,1580284169757,2020-01-29T07:49:29.757Z,sell,2.88e-05,31.0,0.0008927999999999999
NULS/BTC,1580284169758,2020-01-29T07:49:29.758Z,sell,2.88e-05,31.0,0.0008927999999999999
NULS/BTC,1580284169758,2020-01-29T07:49:29.758Z,sell,2.88e-05,31.0,0.0008927999999999999
NULS/BTC,1580284169759,2020-01-29T07:49:29.759Z,sell,2.88e-05,31.0,0.0008927999999999999
NULS/BTC,1580284169759,2020-01-29T07:49:29.759Z,sell,2.88e-05,31.0,0.0008927999999999999
NULS/BTC,1580284169761,2020-01-29T07:49:29.761Z,sell,2.88e-05,31.0,0.0008927999999999999
NULS/BTC,1580284169763,2020-01-29T07:49:29.763Z,sell,2.88e-05,31.0,0.0008927999999999999
NULS/BTC,1580284169763,2020-01-29T07:49:29.763Z,sell,2.88e-05,2159.0,0.0621792
NULS/BTC,1580284169764,2020-01-29T07:49:29.764Z,sell,2.88e-05,31.0,0.0008927999999999999
NULS/BTC,1580284180975,2020-01-29T07:49:40.975Z,buy,2.883e-05,12.0,0.00034596
NULS/BTC,1580284181976,2020-01-29T07:49:41.976Z,buy,2.884e-05,14.0,0.00040375999999999997
NULS/BTC,1580284394742,2020-01-29T07:53:14.742Z,buy,2.894e-05,35.0,0.0010129
NULS/BTC,1580284402487,2020-01-29T07:53:22.487Z,sell,2.879e-05,54.0,0.00155466
NULS/BTC,1580284402489,2020-01-29T07:53:22.489Z,buy,2.883e-05,133.0,0.00383439
NULS/BTC,1580284545470,2020-01-29T07:55:45.470Z,buy,2.89e-05,74.0,0.0021386
NULS/BTC,1580284545506,2020-01-29T07:55:45.506Z,sell,2.89e-05,30.0,0.000867
NULS/BTC,1580284653969,2020-01-29T07:57:33.969Z,sell,2.885e-05,126.0,0.0036351
NULS/BTC,1580284653980,2020-01-29T07:57:33.980Z,sell,2.879e-05,68.0,0.00195772
NULS/BTC,1580284775940,2020-01-29T07:59:35.940Z,buy,2.885e-05,4.0,0.0001154
NULS/BTC,1580284816009,2020-01-29T08:00:16.009Z,sell,2.878e-05,11.0,0.00031658
NULS/BTC,1580284816009,2020-01-29T08:00:16.009Z,sell,2.877e-05,45.0,0.00129465
NULS/BTC,1580284840088,2020-01-29T08:00:40.088Z,sell,2.877e-05,10.0,0.0002877
NULS/BTC,1580284900068,2020-01-29T08:01:40.068Z,buy,2.881e-05,74.0,0.00213194
NULS/BTC,1580284902507,2020-01-29T08:01:42.507Z,buy,2.884e-05,12.0,0.00034607999999999997
NULS/BTC,1580284907699,2020-01-29T08:01:47.699Z,buy,2.885e-05,71.0,0.00204835
NULS/BTC,1580284927511,2020-01-29T08:02:07.511Z,buy,2.882e-05,74.0,0.00213268
NULS/BTC,1580285005704,2020-01-29T08:03:25.704Z,sell,2.877e-05,67.0,0.00192759
NULS/BTC,1580285228223,2020-01-29T08:07:08.223Z,sell,2.877e-05,92.0,0.00264684
NULS/BTC,1580285228223,2020-01-29T08:07:08.223Z,sell,2.877e-05,92.0,0.00264684
NULS/BTC,1580285650765,2020-01-29T08:14:10.765Z,buy,2.887e-05,267.0,0.00770829
NULS/BTC,1580285650772,2020-01-29T08:14:10.772Z,sell,2.875e-05,161.0,0.00462875
NULS/BTC,1580285810983,2020-01-29T08:16:50.983Z,buy,2.891e-05,2665.0,0.07704514999999999
NULS/BTC,1580285811011,2020-01-29T08:16:51.011Z,sell,2.891e-05,97.0,0.0028042699999999998
NULS/BTC,1580285811015,2020-01-29T08:16:51.015Z,sell,2.891e-05,46.0,0.00132986
NULS/BTC,1580285897333,2020-01-29T08:18:17.333Z,buy,2.889e-05,4.0,0.00011556
NULS/BTC,1580286153030,2020-01-29T08:22:33.030Z,buy,2.893e-05,74.0,0.00214082
NULS/BTC,1580286153030,2020-01-29T08:22:33.030Z,buy,2.899e-05,11.0,0.00031889
NULS/BTC,1580286153030,2020-01-29T08:22:33.030Z,buy,2.906e-05,2941.0,0.08546546
NULS/BTC,1580286160555,2020-01-29T08:22:40.555Z,buy,2.901e-05,10.0,0.0002901
NULS/BTC,1580286160555,2020-01-29T08:22:40.555Z,buy,2.902e-05,13.0,0.00037726
NULS/BTC,1580286160555,2020-01-29T08:22:40.555Z,buy,2.907e-05,24.0,0.00069768
NULS/BTC,1580286160555,2020-01-29T08:22:40.555Z,buy,2.912e-05,697.0,0.020296639999999998
NULS/BTC,1580286178629,2020-01-29T08:22:58.629Z,buy,2.912e-05,181.0,0.00527072
NULS/BTC,1580286178785,2020-01-29T08:22:58.785Z,buy,2.894e-05,74.0,0.0021415600000000003
NULS/BTC,1580286182876,2020-01-29T08:23:02.876Z,buy,2.912e-05,59.0,0.0017180799999999999
NULS/BTC,1580286365797,2020-01-29T08:26:05.797Z,sell,2.89e-05,266.0,0.0076874000000000005
NULS/BTC,1580286684333,2020-01-29T08:31:24.333Z,sell,2.894e-05,210.0,0.0060774
NULS/BTC,1580286684336,2020-01-29T08:31:24.336Z,sell,2.894e-05,332.0,0.00960808
NULS/BTC,1580286745442,2020-01-29T08:32:25.442Z,buy,2.894e-05,1.0,2.894e-05
NULS/BTC,1580286757444,2020-01-29T08:32:37.444Z,sell,2.891e-05,44.0,0.0012720399999999999
NULS/BTC,1580286839979,2020-01-29T08:33:59.979Z,sell,2.891e-05,166.0,0.00479906
NULS/BTC,1580286840979,2020-01-29T08:34:00.979Z,sell,2.89e-05,48.0,0.0013872
NULS/BTC,1580287134425,2020-01-29T08:38:54.425Z,buy,2.887e-05,162.0,0.00467694
NULS/BTC,1580287134428,2020-01-29T08:38:54.428Z,sell,2.88e-05,87.0,0.0025055999999999998
NULS/BTC,1580287478005,2020-01-29T08:44:38.005Z,sell,2.886e-05,56.0,0.0016161600000000002
NULS/BTC,1580287478007,2020-01-29T08:44:38.007Z,sell,2.886e-05,62.0,0.00178932
NULS/BTC,1580287893431,2020-01-29T08:51:33.431Z,buy,2.886e-05,56.0,0.0016161600000000002
NULS/BTC,1580287893431,2020-01-29T08:51:33.431Z,buy,2.902e-05,638.0,0.01851476
NULS/BTC,1580287937953,2020-01-29T08:52:17.953Z,sell,2.89e-05,120.0,0.003468
NULS/BTC,1580287937954,2020-01-29T08:52:17.954Z,sell,2.882e-05,40.0,0.0011527999999999998
NULS/BTC,1580287997574,2020-01-29T08:53:17.574Z,buy,2.897e-05,4.0,0.00011588
NULS/BTC,1580287997617,2020-01-29T08:53:17.617Z,sell,2.897e-05,38.0,0.00110086
NULS/BTC,1580288082484,2020-01-29T08:54:42.484Z,sell,2.88e-05,6.0,0.0001728
NULS/BTC,1580288251797,2020-01-29T08:57:31.797Z,sell,2.881e-05,59.0,0.00169979
NULS/BTC,1580288251802,2020-01-29T08:57:31.802Z,buy,2.891e-05,119.0,0.00344029
NULS/BTC,1580288329260,2020-01-29T08:58:49.260Z,buy,2.897e-05,74.0,0.00214378
NULS/BTC,1580288329352,2020-01-29T08:58:49.352Z,sell,2.897e-05,202.0,0.00585194
NULS/BTC,1580288329407,2020-01-29T08:58:49.407Z,sell,2.897e-05,199.0,0.00576503
NULS/BTC,1580288330491,2020-01-29T08:58:50.491Z,sell,2.897e-05,71.0,0.0020568699999999997
NULS/BTC,1580288330842,2020-01-29T08:58:50.842Z,sell,2.897e-05,46.0,0.0013326199999999999
NULS/BTC,1580288347498,2020-01-29T08:59:07.498Z,sell,2.897e-05,30.0,0.0008690999999999999
NULS/BTC,1580288527181,2020-01-29T09:02:07.181Z,buy,2.891e-05,38.0,0.00109858
NULS/BTC,1580288527182,2020-01-29T09:02:07.182Z,sell,2.881e-05,39.0,0.00112359
NULS/BTC,1580288527182,2020-01-29T09:02:07.182Z,sell,2.881e-05,39.0,0.00112359
NULS/BTC,1580288880508,2020-01-29T09:08:00.508Z,buy,2.889e-05,106.0,0.0030623399999999998
NULS/BTC,1580288880521,2020-01-29T09:08:00.521Z,sell,2.883e-05,103.0,0.00296949
NULS/BTC,1580289158848,2020-01-29T09:12:38.848Z,buy,2.903e-05,240.0,0.006967200000000001
NULS/BTC,1580289463186,2020-01-29T09:17:43.186Z,sell,2.881e-05,66.0,0.00190146
NULS/BTC,1580289463518,2020-01-29T09:17:43.518Z,sell,2.881e-05,22.0,0.00063382
NULS/BTC,1580289463521,2020-01-29T09:17:43.521Z,buy,2.887e-05,67.0,0.00193429
NULS/BTC,1580289713983,2020-01-29T09:21:53.983Z,sell,2.881e-05,130.0,0.0037453
NULS/BTC,1580289848816,2020-01-29T09:24:08.816Z,buy,2.881e-05,4.0,0.00011524
NULS/BTC,1580290177447,2020-01-29T09:29:37.447Z,buy,2.899e-05,59.0,0.0017104099999999999
NULS/BTC,1580290202136,2020-01-29T09:30:02.136Z,buy,2.881e-05,242.0,0.00697202
NULS/BTC,1580290202136,2020-01-29T09:30:02.136Z,buy,2.889e-05,1827.0,0.05278203
NULS/BTC,1580290202136,2020-01-29T09:30:02.136Z,buy,2.899e-05,59.0,0.0017104099999999999
NULS/BTC,1580290202136,2020-01-29T09:30:02.136Z,buy,2.9e-05,74.0,0.002146
NULS/BTC,1580290202136,2020-01-29T09:30:02.136Z,buy,2.903e-05,36.0,0.00104508
NULS/BTC,1580290202136,2020-01-29T09:30:02.136Z,buy,2.904e-05,3000.0,0.08712
NULS/BTC,1580290202147,2020-01-29T09:30:02.147Z,sell,2.904e-05,115.0,0.0033396
NULS/BTC,1580290202153,2020-01-29T09:30:02.153Z,sell,2.904e-05,402.0,0.01167408
NULS/BTC,1580290202154,2020-01-29T09:30:02.154Z,sell,2.904e-05,498.0,0.01446192
NULS/BTC,1580290202170,2020-01-29T09:30:02.170Z,sell,2.904e-05,273.0,0.00792792
NULS/BTC,1580290202186,2020-01-29T09:30:02.186Z,sell,2.904e-05,59.0,0.00171336
NULS/BTC,1580290202241,2020-01-29T09:30:02.241Z,sell,2.904e-05,693.0,0.02012472
NULS/BTC,1580290202361,2020-01-29T09:30:02.361Z,sell,2.904e-05,411.0,0.01193544
NULS/BTC,1580290203095,2020-01-29T09:30:03.095Z,buy,2.906e-05,44.0,0.00127864
NULS/BTC,1580290213113,2020-01-29T09:30:13.113Z,sell,2.904e-05,30.0,0.0008712
NULS/BTC,1580290216798,2020-01-29T09:30:16.798Z,buy,2.906e-05,60.0,0.0017435999999999999
NULS/BTC,1580290261122,2020-01-29T09:31:01.122Z,sell,2.904e-05,36.0,0.00104544
NULS/BTC,1580290272417,2020-01-29T09:31:12.417Z,sell,2.905e-05,62.0,0.0018011000000000001
NULS/BTC,1580290331091,2020-01-29T09:32:11.091Z,buy,2.906e-05,86.0,0.00249916
NULS/BTC,1580290331091,2020-01-29T09:32:11.091Z,buy,2.911e-05,552.0,0.01606872
NULS/BTC,1580290331143,2020-01-29T09:32:11.143Z,sell,2.911e-05,176.0,0.00512336
NULS/BTC,1580290353176,2020-01-29T09:32:33.176Z,buy,2.908e-05,115.0,0.0033442
NULS/BTC,1580290353176,2020-01-29T09:32:33.176Z,buy,2.912e-05,6.0,0.00017472
NULS/BTC,1580290353176,2020-01-29T09:32:33.176Z,buy,2.913e-05,4.0,0.00011652
NULS/BTC,1580290353176,2020-01-29T09:32:33.176Z,buy,2.916e-05,25.0,0.0007289999999999999
NULS/BTC,1580290365463,2020-01-29T09:32:45.463Z,sell,2.891e-05,16.0,0.00046256
NULS/BTC,1580290365463,2020-01-29T09:32:45.463Z,sell,2.89e-05,8.0,0.0002312
NULS/BTC,1580290487498,2020-01-29T09:34:47.498Z,sell,2.885e-05,36.0,0.0010386
NULS/BTC,1580290487550,2020-01-29T09:34:47.550Z,sell,2.885e-05,12.0,0.0003462
NULS/BTC,1580290487814,2020-01-29T09:34:47.814Z,sell,2.885e-05,12.0,0.0003462
NULS/BTC,1580290588868,2020-01-29T09:36:28.868Z,buy,2.89e-05,545.0,0.0157505
NULS/BTC,1580290606912,2020-01-29T09:36:46.912Z,buy,2.901e-05,4.0,0.00011604
NULS/BTC,1580290664731,2020-01-29T09:37:44.731Z,buy,2.889e-05,320.0,0.0092448
NULS/BTC,1580290664734,2020-01-29T09:37:44.734Z,sell,2.884e-05,62.0,0.0017880799999999998
NULS/BTC,1580291046597,2020-01-29T09:44:06.597Z,buy,2.891e-05,4.0,0.00011564
NULS/BTC,1580291046597,2020-01-29T09:44:06.597Z,buy,2.892e-05,2.0,5.784e-05
NULS/BTC,1580291067721,2020-01-29T09:44:27.721Z,sell,2.888e-05,4.0,0.00011552
NULS/BTC,1580291239336,2020-01-29T09:47:19.336Z,buy,2.882e-05,152.0,0.00438064
NULS/BTC,1580291239337,2020-01-29T09:47:19.337Z,sell,2.88e-05,216.0,0.006220799999999999
NULS/BTC,1580291248725,2020-01-29T09:47:28.725Z,buy,2.886e-05,1.0,2.886e-05
NULS/BTC,1580291249984,2020-01-29T09:47:29.984Z,buy,2.884e-05,5.0,0.00014419999999999998
NULS/BTC,1580291264299,2020-01-29T09:47:44.299Z,buy,2.883e-05,4.0,0.00011532
NULS/BTC,1580291265291,2020-01-29T09:47:45.291Z,buy,2.883e-05,4.0,0.00011532
NULS/BTC,1580291266288,2020-01-29T09:47:46.288Z,buy,2.883e-05,4.0,0.00011532
NULS/BTC,1580291439311,2020-01-29T09:50:39.311Z,buy,2.883e-05,1.0,2.883e-05
NULS/BTC,1580291439311,2020-01-29T09:50:39.311Z,buy,2.885e-05,8.0,0.0002308
NULS/BTC,1580291440364,2020-01-29T09:50:40.364Z,buy,2.895e-05,5.0,0.00014475
NULS/BTC,1580291441385,2020-01-29T09:50:41.385Z,buy,2.895e-05,5.0,0.00014475
NULS/BTC,1580291442862,2020-01-29T09:50:42.862Z,buy,2.895e-05,5.0,0.00014475
NULS/BTC,1580291468991,2020-01-29T09:51:08.991Z,buy,2.895e-05,5.0,0.00014475
NULS/BTC,1580291469992,2020-01-29T09:51:09.992Z,buy,2.895e-05,5.0,0.00014475
NULS/BTC,1580291472914,2020-01-29T09:51:12.914Z,buy,2.895e-05,5.0,0.00014475
NULS/BTC,1580291473923,2020-01-29T09:51:13.923Z,buy,2.895e-05,5.0,0.00014475
NULS/BTC,1580291474965,2020-01-29T09:51:14.965Z,buy,2.895e-05,5.0,0.00014475
NULS/BTC,1580291475837,2020-01-29T09:51:15.837Z,buy,2.91e-05,16.0,0.0004656
NULS/BTC,1580291475837,2020-01-29T09:51:15.837Z,buy,2.911e-05,47.0,0.00136817
NULS/BTC,1580291525521,2020-01-29T09:52:05.521Z,sell,2.889e-05,66.0,0.0019067399999999999
NULS/BTC,1580291609820,2020-01-29T09:53:29.820Z,sell,2.888e-05,74.0,0.00213712
NULS/BTC,1580291609820,2020-01-29T09:53:29.820Z,sell,2.883e-05,9.0,0.00025947
NULS/BTC,1580291609889,2020-01-29T09:53:29.889Z,buy,2.888e-05,24.0,0.00069312
NULS/BTC,1580291693058,2020-01-29T09:54:53.058Z,buy,2.905e-05,56.0,0.0016268
NULS/BTC,1580291693058,2020-01-29T09:54:53.058Z,buy,2.905e-05,201.0,0.00583905
NULS/BTC,1580291693060,2020-01-29T09:54:53.060Z,buy,2.905e-05,66.0,0.0019173
NULS/BTC,1580291693064,2020-01-29T09:54:53.064Z,buy,2.905e-05,66.0,0.0019173
NULS/BTC,1580291693068,2020-01-29T09:54:53.068Z,buy,2.905e-05,40.0,0.001162
NULS/BTC,1580291942435,2020-01-29T09:59:02.435Z,buy,2.907e-05,2501.0,0.07270407000000001
NULS/BTC,1580291942606,2020-01-29T09:59:02.606Z,sell,2.907e-05,622.0,0.01808154
NULS/BTC,1580291943002,2020-01-29T09:59:03.002Z,buy,2.908e-05,74.0,0.00215192
NULS/BTC,1580291943140,2020-01-29T09:59:03.140Z,sell,2.908e-05,55.0,0.0015994
NULS/BTC,1580291943335,2020-01-29T09:59:03.335Z,sell,2.908e-05,36.0,0.00104688
NULS/BTC,1580291951926,2020-01-29T09:59:11.926Z,sell,2.908e-05,67.0,0.00194836
NULS/BTC,1580291980884,2020-01-29T09:59:40.884Z,sell,2.908e-05,40.0,0.0011632
NULS/BTC,1580292008457,2020-01-29T10:00:08.457Z,sell,2.908e-05,4.0,0.00011632
NULS/BTC,1580292080059,2020-01-29T10:01:20.059Z,sell,2.892e-05,149.0,0.00430908
NULS/BTC,1580292080059,2020-01-29T10:01:20.059Z,sell,2.892e-05,149.0,0.00430908
NULS/BTC,1580292183784,2020-01-29T10:03:03.784Z,buy,2.917e-05,366.0,0.01067622
NULS/BTC,1580292183784,2020-01-29T10:03:03.784Z,buy,2.918e-05,1110.0,0.032389799999999996
NULS/BTC,1580292387009,2020-01-29T10:06:27.009Z,buy,2.909e-05,158.0,0.00459622
NULS/BTC,1580292387010,2020-01-29T10:06:27.010Z,sell,2.894e-05,101.0,0.00292294
NULS/BTC,1580292778369,2020-01-29T10:12:58.369Z,sell,2.894e-05,161.0,0.0046593400000000005
NULS/BTC,1580292817239,2020-01-29T10:13:37.239Z,sell,2.891e-05,29.0,0.00083839
NULS/BTC,1580293212590,2020-01-29T10:20:12.590Z,sell,2.88e-05,52.0,0.0014976
NULS/BTC,1580293677586,2020-01-29T10:27:57.586Z,buy,2.894e-05,4.0,0.00011576
NULS/BTC,1580293677586,2020-01-29T10:27:57.586Z,buy,2.902e-05,195.0,0.0056589
NULS/BTC,1580293694207,2020-01-29T10:28:14.207Z,buy,2.893e-05,139.0,0.0040212699999999995
NULS/BTC,1580293694210,2020-01-29T10:28:14.210Z,sell,2.883e-05,65.0,0.00187395
NULS/BTC,1580293769549,2020-01-29T10:29:29.549Z,buy,2.91e-05,68.0,0.0019787999999999997
NULS/BTC,1580293804522,2020-01-29T10:30:04.522Z,buy,2.91e-05,6.0,0.0001746
NULS/BTC,1580293804522,2020-01-29T10:30:04.522Z,buy,2.914e-05,3.0,8.742e-05
NULS/BTC,1580294220338,2020-01-29T10:37:00.338Z,sell,2.897e-05,87.0,0.00252039
NULS/BTC,1580294220338,2020-01-29T10:37:00.338Z,sell,2.887e-05,22.0,0.00063514
NULS/BTC,1580294514480,2020-01-29T10:41:54.480Z,buy,2.892e-05,50.0,0.001446
NULS/BTC,1580294514490,2020-01-29T10:41:54.490Z,sell,2.888e-05,46.0,0.0013284800000000002
NULS/BTC,1580294995284,2020-01-29T10:49:55.284Z,buy,2.888e-05,89.0,0.00257032
NULS/BTC,1580294995293,2020-01-29T10:49:55.293Z,sell,2.88e-05,123.0,0.0035424
NULS/BTC,1580295274895,2020-01-29T10:54:34.895Z,sell,2.892e-05,523.0,0.01512516
NULS/BTC,1580295530225,2020-01-29T10:58:50.225Z,buy,2.899e-05,12.0,0.00034787999999999996
NULS/BTC,1580295542092,2020-01-29T10:59:02.092Z,sell,2.895e-05,22.0,0.0006368999999999999
NULS/BTC,1580295542092,2020-01-29T10:59:02.092Z,sell,2.888e-05,1.0,2.888e-05
NULS/BTC,1580295542187,2020-01-29T10:59:02.187Z,buy,2.895e-05,22.0,0.0006368999999999999
NULS/BTC,1580295542187,2020-01-29T10:59:02.187Z,buy,2.895e-05,22.0,0.0006368999999999999
NULS/BTC,1580295688441,2020-01-29T11:01:28.441Z,buy,2.909e-05,263.0,0.00765067
NULS/BTC,1580295688441,2020-01-29T11:01:28.441Z,buy,2.912e-05,2076.0,0.06045312
NULS/BTC,1580295688459,2020-01-29T11:01:28.459Z,sell,2.912e-05,8.0,0.00023296
NULS/BTC,1580295688459,2020-01-29T11:01:28.459Z,sell,2.912e-05,130.0,0.0037856
NULS/BTC,1580295688463,2020-01-29T11:01:28.463Z,sell,2.912e-05,23.0,0.0006697599999999999
NULS/BTC,1580295689598,2020-01-29T11:01:29.598Z,buy,2.918e-05,74.0,0.0021593199999999997
NULS/BTC,1580295785930,2020-01-29T11:03:05.930Z,buy,2.916e-05,215.0,0.0062694
NULS/BTC,1580295795998,2020-01-29T11:03:15.998Z,buy,2.917e-05,145.0,0.00422965
NULS/BTC,1580295800253,2020-01-29T11:03:20.253Z,buy,2.917e-05,1270.0,0.0370459
NULS/BTC,1580295800262,2020-01-29T11:03:20.262Z,sell,2.917e-05,350.0,0.0102095
NULS/BTC,1580295800268,2020-01-29T11:03:20.268Z,sell,2.917e-05,449.0,0.01309733
NULS/BTC,1580295914580,2020-01-29T11:05:14.580Z,buy,2.916e-05,80.0,0.0023328
NULS/BTC,1580295949969,2020-01-29T11:05:49.969Z,buy,2.916e-05,37.0,0.00107892
NULS/BTC,1580295949969,2020-01-29T11:05:49.969Z,buy,2.918e-05,4.0,0.00011672
NULS/BTC,1580295949969,2020-01-29T11:05:49.969Z,buy,2.919e-05,3135.0,0.09151065
NULS/BTC,1580295950009,2020-01-29T11:05:50.009Z,sell,2.919e-05,479.0,0.01398201
NULS/BTC,1580295950009,2020-01-29T11:05:50.009Z,sell,2.919e-05,39.0,0.00113841
NULS/BTC,1580295950184,2020-01-29T11:05:50.184Z,sell,2.919e-05,244.0,0.00712236
NULS/BTC,1580295950340,2020-01-29T11:05:50.340Z,sell,2.919e-05,637.0,0.01859403
NULS/BTC,1580295950836,2020-01-29T11:05:50.836Z,sell,2.919e-05,86.0,0.00251034
NULS/BTC,1580295950874,2020-01-29T11:05:50.874Z,sell,2.919e-05,384.0,0.01120896
NULS/BTC,1580295952450,2020-01-29T11:05:52.450Z,sell,2.919e-05,60.0,0.0017514
NULS/BTC,1580295952505,2020-01-29T11:05:52.505Z,sell,2.919e-05,60.0,0.0017514
NULS/BTC,1580295952663,2020-01-29T11:05:52.663Z,sell,2.919e-05,60.0,0.0017514
NULS/BTC,1580295953149,2020-01-29T11:05:53.149Z,sell,2.919e-05,60.0,0.0017514
NULS/BTC,1580295989480,2020-01-29T11:06:29.480Z,sell,2.901e-05,693.0,0.02010393
NULS/BTC,1580295997299,2020-01-29T11:06:37.299Z,buy,2.921e-05,870.0,0.0254127
NULS/BTC,1580295997299,2020-01-29T11:06:37.299Z,buy,2.923e-05,4.0,0.00011692
NULS/BTC,1580295997299,2020-01-29T11:06:37.299Z,buy,2.924e-05,693.0,0.02026332
NULS/BTC,1580295997392,2020-01-29T11:06:37.392Z,sell,2.924e-05,34.0,0.00099416
NULS/BTC,1580296034845,2020-01-29T11:07:14.845Z,buy,2.925e-05,458.0,0.0133965
NULS/BTC,1580296034845,2020-01-29T11:07:14.845Z,buy,2.926e-05,55.0,0.0016093000000000001
NULS/BTC,1580296052952,2020-01-29T11:07:32.952Z,buy,2.926e-05,323.0,0.009450980000000001
NULS/BTC,1580296071652,2020-01-29T11:07:51.652Z,sell,2.905e-05,92.0,0.0026726000000000002
NULS/BTC,1580296081715,2020-01-29T11:08:01.715Z,buy,2.905e-05,56.0,0.0016268
NULS/BTC,1580296082445,2020-01-29T11:08:02.445Z,buy,2.905e-05,191.0,0.00554855
NULS/BTC,1580296083845,2020-01-29T11:08:03.845Z,buy,2.905e-05,4.0,0.0001162
NULS/BTC,1580296087192,2020-01-29T11:08:07.192Z,buy,2.905e-05,252.0,0.0073206
NULS/BTC,1580296095929,2020-01-29T11:08:15.929Z,buy,2.905e-05,4.0,0.0001162
NULS/BTC,1580296095979,2020-01-29T11:08:15.979Z,buy,2.905e-05,4.0,0.0001162
NULS/BTC,1580296096027,2020-01-29T11:08:16.027Z,buy,2.905e-05,4.0,0.0001162
NULS/BTC,1580296096089,2020-01-29T11:08:16.089Z,buy,2.905e-05,4.0,0.0001162
NULS/BTC,1580296096142,2020-01-29T11:08:16.142Z,buy,2.905e-05,4.0,0.0001162
NULS/BTC,1580296096268,2020-01-29T11:08:16.268Z,buy,2.905e-05,4.0,0.0001162
NULS/BTC,1580296096326,2020-01-29T11:08:16.326Z,buy,2.905e-05,4.0,0.0001162
NULS/BTC,1580296096380,2020-01-29T11:08:16.380Z,buy,2.905e-05,4.0,0.0001162
NULS/BTC,1580296096447,2020-01-29T11:08:16.447Z,buy,2.905e-05,4.0,0.0001162
NULS/BTC,1580296096502,2020-01-29T11:08:16.502Z,buy,2.905e-05,4.0,0.0001162
NULS/BTC,1580296096560,2020-01-29T11:08:16.560Z,buy,2.905e-05,4.0,0.0001162
NULS/BTC,1580296096663,2020-01-29T11:08:16.663Z,buy,2.905e-05,4.0,0.0001162
NULS/BTC,1580296096760,2020-01-29T11:08:16.760Z,buy,2.905e-05,4.0,0.0001162
NULS/BTC,1580296096791,2020-01-29T11:08:16.791Z,buy,2.905e-05,370.0,0.010748500000000001
NULS/BTC,1580296096810,2020-01-29T11:08:16.810Z,buy,2.905e-05,370.0,0.010748500000000001
NULS/BTC,1580296096831,2020-01-29T11:08:16.831Z,buy,2.905e-05,370.0,0.010748500000000001
NULS/BTC,1580296096835,2020-01-29T11:08:16.835Z,buy,2.905e-05,1868.0,0.054265400000000005
NULS/BTC,1580296096856,2020-01-29T11:08:16.856Z,buy,2.905e-05,370.0,0.010748500000000001
NULS/BTC,1580296096879,2020-01-29T11:08:16.879Z,buy,2.905e-05,370.0,0.010748500000000001
NULS/BTC,1580296096904,2020-01-29T11:08:16.904Z,buy,2.905e-05,370.0,0.010748500000000001
NULS/BTC,1580296097316,2020-01-29T11:08:17.316Z,buy,2.905e-05,344.0,0.0099932
NULS/BTC,1580296097526,2020-01-29T11:08:17.526Z,buy,2.905e-05,908.0,0.026377400000000002
NULS/BTC,1580296192608,2020-01-29T11:09:52.608Z,sell,2.91e-05,252.0,0.0073332
NULS/BTC,1580296227339,2020-01-29T11:10:27.339Z,sell,2.91e-05,744.0,0.0216504
NULS/BTC,1580296228328,2020-01-29T11:10:28.328Z,sell,2.907e-05,312.0,0.009069840000000001
NULS/BTC,1580296261966,2020-01-29T11:11:01.966Z,buy,2.924e-05,1.0,2.924e-05
NULS/BTC,1580296424826,2020-01-29T11:13:44.826Z,sell,2.9e-05,107.0,0.003103
NULS/BTC,1580296520955,2020-01-29T11:15:20.955Z,sell,2.911e-05,74.0,0.00215414
NULS/BTC,1580296822972,2020-01-29T11:20:22.972Z,buy,2.917e-05,438.0,0.01277646
NULS/BTC,1580296822983,2020-01-29T11:20:22.983Z,sell,2.909e-05,258.0,0.00750522
NULS/BTC,1580296961695,2020-01-29T11:22:41.695Z,buy,2.921e-05,139.0,0.00406019
NULS/BTC,1580297000846,2020-01-29T11:23:20.846Z,buy,2.924e-05,1.0,2.924e-05
NULS/BTC,1580297031697,2020-01-29T11:23:51.697Z,sell,2.915e-05,74.0,0.0021571
NULS/BTC,1580297032349,2020-01-29T11:23:52.349Z,buy,2.924e-05,1.0,2.924e-05
NULS/BTC,1580297103099,2020-01-29T11:25:03.099Z,sell,2.9e-05,203.0,0.005887
NULS/BTC,1580297325078,2020-01-29T11:28:45.078Z,sell,2.911e-05,274.0,0.00797614
NULS/BTC,1580297599513,2020-01-29T11:33:19.513Z,buy,2.914e-05,36.0,0.00104904
NULS/BTC,1580297682440,2020-01-29T11:34:42.440Z,buy,2.912e-05,46.0,0.0013395199999999999
NULS/BTC,1580297749197,2020-01-29T11:35:49.197Z,buy,2.912e-05,4.0,0.00011648
NULS/BTC,1580297749303,2020-01-29T11:35:49.303Z,buy,2.912e-05,4.0,0.00011648
NULS/BTC,1580297749413,2020-01-29T11:35:49.413Z,buy,2.912e-05,4.0,0.00011648
NULS/BTC,1580297749501,2020-01-29T11:35:49.501Z,buy,2.912e-05,4.0,0.00011648
NULS/BTC,1580297749616,2020-01-29T11:35:49.616Z,buy,2.912e-05,4.0,0.00011648
NULS/BTC,1580297749665,2020-01-29T11:35:49.665Z,buy,2.912e-05,4.0,0.00011648
NULS/BTC,1580297749740,2020-01-29T11:35:49.740Z,buy,2.912e-05,4.0,0.00011648
NULS/BTC,1580297749812,2020-01-29T11:35:49.812Z,buy,2.912e-05,4.0,0.00011648
NULS/BTC,1580297749905,2020-01-29T11:35:49.905Z,buy,2.912e-05,4.0,0.00011648
NULS/BTC,1580297750019,2020-01-29T11:35:50.019Z,buy,2.912e-05,4.0,0.00011648
NULS/BTC,1580297750102,2020-01-29T11:35:50.102Z,buy,2.912e-05,4.0,0.00011648
NULS/BTC,1580297750145,2020-01-29T11:35:50.145Z,buy,2.912e-05,4.0,0.00011648
NULS/BTC,1580297750187,2020-01-29T11:35:50.187Z,buy,2.912e-05,4.0,0.00011648
NULS/BTC,1580297754295,2020-01-29T11:35:54.295Z,sell,2.901e-05,116.0,0.00336516
NULS/BTC,1580297754300,2020-01-29T11:35:54.300Z,buy,2.904e-05,311.0,0.00903144
NULS/BTC,1580297831828,2020-01-29T11:37:11.828Z,buy,2.904e-05,49.0,0.00142296
NULS/BTC,1580297848747,2020-01-29T11:37:28.747Z,buy,2.912e-05,158.0,0.004600959999999999
NULS/BTC,1580297974864,2020-01-29T11:39:34.864Z,sell,2.9e-05,212.0,0.006148
NULS/BTC,1580297974867,2020-01-29T11:39:34.867Z,buy,2.907e-05,30.0,0.0008721
NULS/BTC,1580298086669,2020-01-29T11:41:26.669Z,sell,2.899e-05,11.0,0.00031889
NULS/BTC,1580298243425,2020-01-29T11:44:03.425Z,sell,2.898e-05,4.0,0.00011592
NULS/BTC,1580298243583,2020-01-29T11:44:03.583Z,buy,2.896e-05,42.0,0.0012163200000000001
NULS/BTC,1580298263108,2020-01-29T11:44:23.108Z,sell,2.89e-05,188.0,0.0054332
NULS/BTC,1580298359642,2020-01-29T11:45:59.642Z,sell,2.889e-05,63.0,0.00182007
NULS/BTC,1580298359752,2020-01-29T11:45:59.752Z,buy,2.889e-05,287.0,0.00829143
NULS/BTC,1580298363053,2020-01-29T11:46:03.053Z,sell,2.897e-05,248.0,0.0071845599999999996
NULS/BTC,1580298388101,2020-01-29T11:46:28.101Z,sell,2.895e-05,77.0,0.00222915
NULS/BTC,1580298388103,2020-01-29T11:46:28.103Z,sell,2.895e-05,171.0,0.0049504499999999995
NULS/BTC,1580298388138,2020-01-29T11:46:28.138Z,buy,2.891e-05,148.0,0.00427868
NULS/BTC,1580298389777,2020-01-29T11:46:29.777Z,buy,2.892e-05,120.0,0.0034704000000000002
NULS/BTC,1580298390345,2020-01-29T11:46:30.345Z,buy,2.891e-05,127.0,0.00367157
NULS/BTC,1580298390468,2020-01-29T11:46:30.468Z,buy,2.891e-05,82.0,0.00237062
NULS/BTC,1580298390678,2020-01-29T11:46:30.678Z,buy,2.891e-05,43.0,0.00124313
NULS/BTC,1580298397081,2020-01-29T11:46:37.081Z,sell,2.887e-05,155.0,0.00447485
NULS/BTC,1580298397186,2020-01-29T11:46:37.186Z,sell,2.885e-05,417.0,0.01203045
NULS/BTC,1580298400024,2020-01-29T11:46:40.024Z,buy,2.892e-05,56.0,0.0016195200000000002
NULS/BTC,1580298400034,2020-01-29T11:46:40.034Z,buy,2.892e-05,36.0,0.00104112
NULS/BTC,1580298610723,2020-01-29T11:50:10.723Z,sell,2.885e-05,74.0,0.0021349
NULS/BTC,1580298610801,2020-01-29T11:50:10.801Z,buy,2.88e-05,56.0,0.0016128
NULS/BTC,1580298610819,2020-01-29T11:50:10.819Z,sell,2.879e-05,463.0,0.01332977
NULS/BTC,1580298612205,2020-01-29T11:50:12.205Z,sell,2.878e-05,377.0,0.01085006
NULS/BTC,1580298678731,2020-01-29T11:51:18.731Z,buy,2.883e-05,74.0,0.00213342
NULS/BTC,1580298679843,2020-01-29T11:51:19.843Z,buy,2.886e-05,495.0,0.0142857
NULS/BTC,1580298713392,2020-01-29T11:51:53.392Z,sell,2.881e-05,74.0,0.00213194
NULS/BTC,1580298725761,2020-01-29T11:52:05.761Z,sell,2.894e-05,8.0,0.00023152
NULS/BTC,1580298725770,2020-01-29T11:52:05.770Z,sell,2.88e-05,4.0,0.0001152
NULS/BTC,1580298726771,2020-01-29T11:52:06.771Z,buy,2.88e-05,48.0,0.0013824
NULS/BTC,1580298815342,2020-01-29T11:53:35.342Z,sell,2.876e-05,43.0,0.00123668
NULS/BTC,1580298827906,2020-01-29T11:53:47.906Z,sell,2.876e-05,148.0,0.00425648
NULS/BTC,1580298832704,2020-01-29T11:53:52.704Z,sell,2.875e-05,1804.0,0.051865
NULS/BTC,1580298832900,2020-01-29T11:53:52.900Z,sell,2.875e-05,1890.0,0.054337500000000004
NULS/BTC,1580298832988,2020-01-29T11:53:52.988Z,sell,2.875e-05,1741.0,0.05005375
NULS/BTC,1580298833100,2020-01-29T11:53:53.100Z,sell,2.875e-05,272.0,0.00782
NULS/BTC,1580298836051,2020-01-29T11:53:56.051Z,sell,2.874e-05,104.0,0.0029889599999999997
NULS/BTC,1580298958586,2020-01-29T11:55:58.586Z,buy,2.883e-05,74.0,0.00213342
NULS/BTC,1580299034324,2020-01-29T11:57:14.324Z,buy,2.89e-05,45.0,0.0013005
NULS/BTC,1580299034324,2020-01-29T11:57:14.324Z,buy,2.894e-05,8.0,0.00023152
NULS/BTC,1580299034324,2020-01-29T11:57:14.324Z,buy,2.899e-05,46.0,0.00133354
NULS/BTC,1580299034645,2020-01-29T11:57:14.645Z,buy,2.899e-05,37.0,0.00107263
NULS/BTC,1580299059412,2020-01-29T11:57:39.412Z,buy,2.899e-05,2.0,5.798e-05
NULS/BTC,1580299059412,2020-01-29T11:57:39.412Z,buy,2.903e-05,75.0,0.00217725
NULS/BTC,1580299059412,2020-01-29T11:57:39.412Z,buy,2.899e-05,2.0,5.798e-05
NULS/BTC,1580299059412,2020-01-29T11:57:39.412Z,buy,2.903e-05,75.0,0.00217725
NULS/BTC,1580299154293,2020-01-29T11:59:14.293Z,sell,2.888e-05,176.0,0.0050828800000000006
NULS/BTC,1580299154293,2020-01-29T11:59:14.293Z,sell,2.879e-05,14.0,0.00040306
NULS/BTC,1580299154373,2020-01-29T11:59:14.373Z,buy,2.888e-05,176.0,0.0050828800000000006
NULS/BTC,1580299183572,2020-01-29T11:59:43.572Z,buy,2.899e-05,74.0,0.00214526
NULS/BTC,1580299183912,2020-01-29T11:59:43.912Z,sell,2.899e-05,36.0,0.00104364
NULS/BTC,1580299185189,2020-01-29T11:59:45.189Z,sell,2.899e-05,1100.0,0.031889
NULS/BTC,1580299330791,2020-01-29T12:02:10.791Z,sell,2.88e-05,290.0,0.008352
NULS/BTC,1580299330796,2020-01-29T12:02:10.796Z,buy,2.886e-05,114.0,0.00329004
NULS/BTC,1580299382508,2020-01-29T12:03:02.508Z,sell,2.893e-05,38.0,0.0010993399999999999
NULS/BTC,1580299606497,2020-01-29T12:06:46.497Z,buy,2.895e-05,6.0,0.0001737
NULS/BTC,1580299643109,2020-01-29T12:07:23.109Z,sell,2.879e-05,100.0,0.002879
NULS/BTC,1580299891929,2020-01-29T12:11:31.929Z,sell,2.884e-05,169.0,0.00487396
NULS/BTC,1580299900356,2020-01-29T12:11:40.356Z,sell,2.883e-05,74.0,0.00213342
NULS/BTC,1580300232639,2020-01-29T12:17:12.639Z,sell,2.88e-05,90.0,0.0025919999999999997
NULS/BTC,1580300414559,2020-01-29T12:20:14.559Z,buy,2.888e-05,392.0,0.01132096
NULS/BTC,1580300574944,2020-01-29T12:22:54.944Z,sell,2.88e-05,197.0,0.0056736
NULS/BTC,1580300574944,2020-01-29T12:22:54.944Z,sell,2.878e-05,359.0,0.010332019999999999
NULS/BTC,1580300574953,2020-01-29T12:22:54.953Z,buy,2.878e-05,44.0,0.00126632
NULS/BTC,1580300576004,2020-01-29T12:22:56.004Z,sell,2.874e-05,85.0,0.0024429
NULS/BTC,1580300668060,2020-01-29T12:24:28.060Z,buy,2.892e-05,1.0,2.892e-05
NULS/BTC,1580300683540,2020-01-29T12:24:43.540Z,sell,2.886e-05,209.0,0.006031740000000001
NULS/BTC,1580300683544,2020-01-29T12:24:43.544Z,sell,2.87e-05,185.0,0.0053095
NULS/BTC,1580300683573,2020-01-29T12:24:43.573Z,buy,2.892e-05,1.0,2.892e-05
NULS/BTC,1580300922704,2020-01-29T12:28:42.704Z,sell,2.869e-05,5.0,0.00014345000000000002
NULS/BTC,1580300922704,2020-01-29T12:28:42.704Z,sell,2.867e-05,154.0,0.00441518
NULS/BTC,1580300922704,2020-01-29T12:28:42.704Z,sell,2.866e-05,445.0,0.0127537
NULS/BTC,1580300922704,2020-01-29T12:28:42.704Z,sell,2.865e-05,93.0,0.00266445
NULS/BTC,1580300922704,2020-01-29T12:28:42.704Z,sell,2.864e-05,545.0,0.0156088
NULS/BTC,1580300922704,2020-01-29T12:28:42.704Z,sell,2.862e-05,1758.0,0.05031396
NULS/BTC,1580300950448,2020-01-29T12:29:10.448Z,buy,2.875e-05,215.0,0.00618125
NULS/BTC,1580300950458,2020-01-29T12:29:10.458Z,sell,2.871e-05,120.0,0.0034452000000000003
NULS/BTC,1580300957987,2020-01-29T12:29:17.987Z,sell,2.875e-05,17.0,0.00048875
NULS/BTC,1580300958083,2020-01-29T12:29:18.083Z,buy,2.875e-05,31.0,0.00089125
NULS/BTC,1580301010125,2020-01-29T12:30:10.125Z,buy,2.881e-05,41.0,0.00118121
NULS/BTC,1580301011129,2020-01-29T12:30:11.129Z,buy,2.882e-05,45.0,0.0012969
NULS/BTC,1580301012155,2020-01-29T12:30:12.155Z,buy,2.882e-05,45.0,0.0012969
NULS/BTC,1580301013156,2020-01-29T12:30:13.156Z,buy,2.882e-05,45.0,0.0012969
NULS/BTC,1580301014197,2020-01-29T12:30:14.197Z,buy,2.882e-05,45.0,0.0012969
NULS/BTC,1580301015216,2020-01-29T12:30:15.216Z,buy,2.882e-05,45.0,0.0012969
NULS/BTC,1580301016311,2020-01-29T12:30:16.311Z,buy,2.882e-05,45.0,0.0012969
NULS/BTC,1580301017420,2020-01-29T12:30:17.420Z,buy,2.882e-05,45.0,0.0012969
NULS/BTC,1580301018424,2020-01-29T12:30:18.424Z,buy,2.882e-05,45.0,0.0012969
NULS/BTC,1580301019431,2020-01-29T12:30:19.431Z,buy,2.882e-05,45.0,0.0012969
NULS/BTC,1580301020440,2020-01-29T12:30:20.440Z,buy,2.882e-05,40.0,0.0011527999999999998
NULS/BTC,1580301082764,2020-01-29T12:31:22.764Z,sell,2.887e-05,354.0,0.01021998
NULS/BTC,1580301375617,2020-01-29T12:36:15.617Z,sell,2.887e-05,73.0,0.00210751
NULS/BTC,1580301375623,2020-01-29T12:36:15.623Z,sell,2.883e-05,98.0,0.00282534
NULS/BTC,1580301756028,2020-01-29T12:42:36.028Z,sell,2.882e-05,74.0,0.00213268
NULS/BTC,1580301854435,2020-01-29T12:44:14.435Z,sell,2.883e-05,66.0,0.00190278
NULS/BTC,1580301951581,2020-01-29T12:45:51.581Z,sell,2.882e-05,47.0,0.00135454
NULS/BTC,1580301971486,2020-01-29T12:46:11.486Z,sell,2.871e-05,195.0,0.0055984500000000005
NULS/BTC,1580301980096,2020-01-29T12:46:20.096Z,buy,2.882e-05,43.0,0.0012392599999999998
NULS/BTC,1580302088477,2020-01-29T12:48:08.477Z,sell,2.874e-05,62.0,0.00178188
NULS/BTC,1580302200091,2020-01-29T12:50:00.091Z,sell,2.875e-05,57.0,0.00163875
