symbol,timestamp,datetime,side,price,amount,btc_volume
NXS/BTC,1583078407046,2020-03-01T16:00:07.046Z,buy,2.174e-05,45.0,0.0009782999999999999
NXS/BTC,1583078489493,2020-03-01T16:01:29.493Z,buy,2.17e-05,6.0,0.0001302
NXS/BTC,1583078607280,2020-03-01T16:03:27.280Z,sell,2.165e-05,68.0,0.0014722000000000001
NXS/BTC,1583078707694,2020-03-01T16:05:07.694Z,buy,2.17e-05,94.0,0.0020398
NXS/BTC,1583078707694,2020-03-01T16:05:07.694Z,buy,2.173e-05,25.0,0.00054325
NXS/BTC,1583078707694,2020-03-01T16:05:07.694Z,buy,2.174e-05,724.0,0.01573976
NXS/BTC,1583078810728,2020-03-01T16:06:50.728Z,buy,2.174e-05,25.0,0.0005434999999999999
NXS/BTC,1583078850050,2020-03-01T16:07:30.050Z,buy,2.174e-05,4692.0,0.10200408
NXS/BTC,1583078898223,2020-03-01T16:08:18.223Z,buy,2.174e-05,41.0,0.0008913399999999999
NXS/BTC,1583079038394,2020-03-01T16:10:38.394Z,buy,2.174e-05,224.0,0.00486976
NXS/BTC,1583079081219,2020-03-01T16:11:21.219Z,buy,2.174e-05,74.0,0.0016087599999999999
NXS/BTC,1583079607028,2020-03-01T16:20:07.028Z,sell,2.165e-05,830.0,0.0179695
NXS/BTC,1583080206582,2020-03-01T16:30:06.582Z,sell,2.165e-05,546.0,0.0118209
NXS/BTC,1583080206582,2020-03-01T16:30:06.582Z,sell,2.162e-05,287.0,0.00620494
NXS/BTC,1583080219425,2020-03-01T16:30:19.425Z,sell,2.162e-05,67.0,0.00144854
NXS/BTC,1583080310036,2020-03-01T16:31:50.036Z,sell,2.162e-05,25.0,0.0005405
NXS/BTC,1583080506601,2020-03-01T16:35:06.601Z,sell,2.164e-05,829.0,0.01793956
NXS/BTC,1583080584217,2020-03-01T16:36:24.217Z,sell,2.164e-05,690.0,0.0149316
NXS/BTC,1583080584468,2020-03-01T16:36:24.468Z,sell,2.162e-05,182.0,0.00393484
NXS/BTC,1583080644700,2020-03-01T16:37:24.700Z,sell,2.162e-05,99.0,0.00214038
NXS/BTC,1583080644700,2020-03-01T16:37:24.700Z,sell,2.156e-05,27.0,0.00058212
NXS/BTC,1583080644700,2020-03-01T16:37:24.700Z,sell,2.155e-05,26.0,0.0005603
NXS/BTC,1583080644700,2020-03-01T16:37:24.700Z,sell,2.154e-05,471.0,0.010145340000000001
NXS/BTC,1583080644700,2020-03-01T16:37:24.700Z,sell,2.153e-05,152.0,0.00327256
NXS/BTC,1583080726806,2020-03-01T16:38:46.806Z,sell,2.153e-05,2150.0,0.0462895
NXS/BTC,1583081026966,2020-03-01T16:43:46.966Z,sell,2.153e-05,5.0,0.00010764999999999999
NXS/BTC,1583081026966,2020-03-01T16:43:46.966Z,sell,2.151e-05,5.0,0.00010755
NXS/BTC,1583081026966,2020-03-01T16:43:46.966Z,sell,2.15e-05,65.0,0.0013975
NXS/BTC,1583081026966,2020-03-01T16:43:46.966Z,sell,2.149e-05,35.0,0.0007521499999999999
NXS/BTC,1583081026966,2020-03-01T16:43:46.966Z,sell,2.148e-05,88.0,0.00189024
NXS/BTC,1583081026966,2020-03-01T16:43:46.966Z,sell,2.147e-05,664.0,0.014256079999999999
NXS/BTC,1583081080827,2020-03-01T16:44:40.827Z,sell,2.148e-05,35.0,0.0007518000000000001
NXS/BTC,1583081080827,2020-03-01T16:44:40.827Z,sell,2.147e-05,1375.0,0.02952125
NXS/BTC,1583081080827,2020-03-01T16:44:40.827Z,sell,2.144e-05,21.0,0.00045024
NXS/BTC,1583081080827,2020-03-01T16:44:40.827Z,sell,2.143e-05,32.0,0.00068576
NXS/BTC,1583081080827,2020-03-01T16:44:40.827Z,sell,2.139e-05,252.0,0.00539028
NXS/BTC,1583081080827,2020-03-01T16:44:40.827Z,sell,2.137e-05,605.0,0.01292885
NXS/BTC,1583081080827,2020-03-01T16:44:40.827Z,sell,2.136e-05,93.0,0.0019864799999999997
NXS/BTC,1583081080827,2020-03-01T16:44:40.827Z,sell,2.135e-05,434.0,0.0092659
NXS/BTC,1583081082047,2020-03-01T16:44:42.047Z,buy,2.156e-05,6.0,0.00012936
NXS/BTC,1583081083061,2020-03-01T16:44:43.061Z,buy,2.156e-05,5.0,0.0001078
NXS/BTC,1583081087047,2020-03-01T16:44:47.047Z,buy,2.155e-05,10.0,0.00021549999999999998
NXS/BTC,1583081108061,2020-03-01T16:45:08.061Z,buy,2.148e-05,6.0,0.00012888
NXS/BTC,1583081159597,2020-03-01T16:45:59.597Z,sell,2.136e-05,219.0,0.00467784
NXS/BTC,1583081159597,2020-03-01T16:45:59.597Z,sell,2.135e-05,95.0,0.00202825
NXS/BTC,1583081159597,2020-03-01T16:45:59.597Z,sell,2.134e-05,298.0,0.00635932
NXS/BTC,1583081159597,2020-03-01T16:45:59.597Z,sell,2.133e-05,35.0,0.00074655
NXS/BTC,1583081159597,2020-03-01T16:45:59.597Z,sell,2.132e-05,53.0,0.00112996
NXS/BTC,1583081159597,2020-03-01T16:45:59.597Z,sell,2.131e-05,1536.0,0.03273216
NXS/BTC,1583081159597,2020-03-01T16:45:59.597Z,sell,2.13e-05,1000.0,0.0213
NXS/BTC,1583081159597,2020-03-01T16:45:59.597Z,sell,2.129e-05,46.0,0.00097934
NXS/BTC,1583081159597,2020-03-01T16:45:59.597Z,sell,2.128e-05,65.0,0.0013832
NXS/BTC,1583081159597,2020-03-01T16:45:59.597Z,sell,2.127e-05,5299.0,0.11270973000000001
NXS/BTC,1583081159597,2020-03-01T16:45:59.597Z,sell,2.126e-05,28.0,0.00059528
NXS/BTC,1583081159597,2020-03-01T16:45:59.597Z,sell,2.125e-05,156.0,0.0033150000000000002
NXS/BTC,1583081159597,2020-03-01T16:45:59.597Z,sell,2.124e-05,106.0,0.00225144
NXS/BTC,1583081159597,2020-03-01T16:45:59.597Z,sell,2.123e-05,9.0,0.00019107
NXS/BTC,1583081159597,2020-03-01T16:45:59.597Z,sell,2.121e-05,64.0,0.00135744
NXS/BTC,1583081159597,2020-03-01T16:45:59.597Z,sell,2.119e-05,479.0,0.01015001
NXS/BTC,1583081159597,2020-03-01T16:45:59.597Z,sell,2.118e-05,24.0,0.00050832
NXS/BTC,1583081159597,2020-03-01T16:45:59.597Z,sell,2.117e-05,48.0,0.00101616
NXS/BTC,1583081159597,2020-03-01T16:45:59.597Z,sell,2.116e-05,35.0,0.0007406
NXS/BTC,1583081159597,2020-03-01T16:45:59.597Z,sell,2.116e-05,915.0,0.0193614
NXS/BTC,1583081159597,2020-03-01T16:45:59.597Z,sell,2.115e-05,27.0,0.00057105
NXS/BTC,1583081159597,2020-03-01T16:45:59.597Z,sell,2.114e-05,35.0,0.0007399
NXS/BTC,1583081159613,2020-03-01T16:45:59.613Z,buy,2.114e-05,18.0,0.00038052
NXS/BTC,1583081159614,2020-03-01T16:45:59.614Z,buy,2.114e-05,18.0,0.00038052
NXS/BTC,1583081159615,2020-03-01T16:45:59.615Z,buy,2.114e-05,18.0,0.00038052
NXS/BTC,1583081159615,2020-03-01T16:45:59.615Z,buy,2.114e-05,18.0,0.00038052
NXS/BTC,1583081159615,2020-03-01T16:45:59.615Z,buy,2.114e-05,18.0,0.00038052
NXS/BTC,1583081159615,2020-03-01T16:45:59.615Z,buy,2.114e-05,18.0,0.00038052
NXS/BTC,1583081159615,2020-03-01T16:45:59.615Z,buy,2.114e-05,18.0,0.00038052
NXS/BTC,1583081159617,2020-03-01T16:45:59.617Z,buy,2.114e-05,18.0,0.00038052
NXS/BTC,1583081159617,2020-03-01T16:45:59.617Z,buy,2.114e-05,330.0,0.0069762
NXS/BTC,1583081159617,2020-03-01T16:45:59.617Z,buy,2.117e-05,18.0,0.00038105999999999996
NXS/BTC,1583081159652,2020-03-01T16:45:59.652Z,buy,2.148e-05,58.0,0.00124584
NXS/BTC,1583081159652,2020-03-01T16:45:59.652Z,buy,2.156e-05,16.0,0.00034496
NXS/BTC,1583081159652,2020-03-01T16:45:59.652Z,buy,2.162e-05,64.0,0.00138368
NXS/BTC,1583081159652,2020-03-01T16:45:59.652Z,buy,2.166e-05,3.0,6.497999999999999e-05
NXS/BTC,1583081161407,2020-03-01T16:46:01.407Z,buy,2.129e-05,27.0,0.00057483
NXS/BTC,1583081161407,2020-03-01T16:46:01.407Z,buy,2.131e-05,35.0,0.00074585
NXS/BTC,1583081161407,2020-03-01T16:46:01.407Z,buy,2.143e-05,5.0,0.00010715
NXS/BTC,1583081161485,2020-03-01T16:46:01.485Z,buy,2.143e-05,22.0,0.00047146
NXS/BTC,1583081163106,2020-03-01T16:46:03.106Z,buy,2.148e-05,14.0,0.00030072000000000003
NXS/BTC,1583081163373,2020-03-01T16:46:03.373Z,buy,2.148e-05,10.0,0.00021480000000000002
NXS/BTC,1583081163373,2020-03-01T16:46:03.373Z,buy,2.149e-05,35.0,0.0007521499999999999
NXS/BTC,1583081171011,2020-03-01T16:46:11.011Z,sell,2.153e-05,2.0,4.306e-05
NXS/BTC,1583081211477,2020-03-01T16:46:51.477Z,buy,2.15e-05,6.0,0.000129
NXS/BTC,1583081228080,2020-03-01T16:47:08.080Z,buy,2.15e-05,57.0,0.0012255
NXS/BTC,1583081229148,2020-03-01T16:47:09.148Z,sell,2.15e-05,6.0,0.000129
NXS/BTC,1583081331115,2020-03-01T16:48:51.115Z,sell,2.15e-05,23.0,0.0004945
NXS/BTC,1583081419455,2020-03-01T16:50:19.455Z,sell,2.15e-05,832.0,0.017888
NXS/BTC,1583081747095,2020-03-01T16:55:47.095Z,sell,2.15e-05,18.0,0.00038700000000000003
NXS/BTC,1583081755921,2020-03-01T16:55:55.921Z,sell,2.15e-05,44.0,0.000946
NXS/BTC,1583081769061,2020-03-01T16:56:09.061Z,sell,2.15e-05,14.0,0.000301
NXS/BTC,1583081958828,2020-03-01T16:59:18.828Z,buy,2.151e-05,258.0,0.00554958
NXS/BTC,1583081974604,2020-03-01T16:59:34.604Z,buy,2.152e-05,475.0,0.010222
NXS/BTC,1583081975012,2020-03-01T16:59:35.012Z,sell,2.15e-05,10.0,0.00021500000000000002
NXS/BTC,1583081975012,2020-03-01T16:59:35.012Z,sell,2.15e-05,10.0,0.00021500000000000002
NXS/BTC,1583082007181,2020-03-01T17:00:07.181Z,sell,2.143e-05,5.0,0.00010715
NXS/BTC,1583082007181,2020-03-01T17:00:07.181Z,sell,2.135e-05,64.0,0.0013664
NXS/BTC,1583082007181,2020-03-01T17:00:07.181Z,sell,2.131e-05,159.0,0.00338829
NXS/BTC,1583082007181,2020-03-01T17:00:07.181Z,sell,2.129e-05,27.0,0.00057483
NXS/BTC,1583082007181,2020-03-01T17:00:07.181Z,sell,2.128e-05,65.0,0.0013832
NXS/BTC,1583082007181,2020-03-01T17:00:07.181Z,sell,2.125e-05,509.0,0.010816250000000001
NXS/BTC,1583082008662,2020-03-01T17:00:08.662Z,buy,2.13e-05,120.0,0.002556
NXS/BTC,1583082013052,2020-03-01T17:00:13.052Z,buy,2.13e-05,880.0,0.018744
NXS/BTC,1583082013991,2020-03-01T17:00:13.991Z,sell,2.127e-05,273.0,0.0058067100000000005
NXS/BTC,1583082013991,2020-03-01T17:00:13.991Z,sell,2.123e-05,8.0,0.00016984
NXS/BTC,1583082013991,2020-03-01T17:00:13.991Z,sell,2.121e-05,64.0,0.00135744
NXS/BTC,1583082013991,2020-03-01T17:00:13.991Z,sell,2.118e-05,24.0,0.00050832
NXS/BTC,1583082013991,2020-03-01T17:00:13.991Z,sell,2.116e-05,96.0,0.0020313600000000003
NXS/BTC,1583082017586,2020-03-01T17:00:17.586Z,sell,2.118e-05,118.0,0.0024992400000000002
NXS/BTC,1583082031503,2020-03-01T17:00:31.503Z,sell,2.122e-05,218.0,0.00462596
NXS/BTC,1583082031503,2020-03-01T17:00:31.503Z,sell,2.121e-05,486.0,0.010308059999999999
NXS/BTC,1583082307336,2020-03-01T17:05:07.336Z,sell,2.122e-05,14.0,0.00029708
NXS/BTC,1583082307336,2020-03-01T17:05:07.336Z,sell,2.121e-05,5.0,0.00010604999999999999
NXS/BTC,1583082307336,2020-03-01T17:05:07.336Z,sell,2.12e-05,810.0,0.017172
NXS/BTC,1583082331445,2020-03-01T17:05:31.445Z,buy,2.135e-05,44.0,0.0009394000000000001
NXS/BTC,1583082392911,2020-03-01T17:06:32.911Z,buy,2.135e-05,30.0,0.0006405
NXS/BTC,1583082780101,2020-03-01T17:13:00.101Z,sell,2.135e-05,203.0,0.00433405
NXS/BTC,1583082780583,2020-03-01T17:13:00.583Z,buy,2.128e-05,257.0,0.00546896
NXS/BTC,1583082869725,2020-03-01T17:14:29.725Z,buy,2.128e-05,7.0,0.00014896
NXS/BTC,1583082979741,2020-03-01T17:16:19.741Z,buy,2.128e-05,7.0,0.00014896
NXS/BTC,1583082990289,2020-03-01T17:16:30.289Z,buy,2.128e-05,913.0,0.01942864
NXS/BTC,1583083071479,2020-03-01T17:17:51.479Z,buy,2.128e-05,2331.0,0.04960368
NXS/BTC,1583083206735,2020-03-01T17:20:06.735Z,sell,2.128e-05,610.0,0.012980799999999999
NXS/BTC,1583083206735,2020-03-01T17:20:06.735Z,sell,2.126e-05,208.0,0.00442208
NXS/BTC,1583083206735,2020-03-01T17:20:06.735Z,sell,2.123e-05,7.0,0.00014860999999999997
NXS/BTC,1583083206735,2020-03-01T17:20:06.735Z,sell,2.121e-05,7.0,0.00014847
NXS/BTC,1583083378367,2020-03-01T17:22:58.367Z,buy,2.136e-05,35.0,0.0007476
NXS/BTC,1583083378369,2020-03-01T17:22:58.369Z,buy,2.136e-05,107.0,0.00228552
NXS/BTC,1583083620460,2020-03-01T17:27:00.460Z,sell,2.123e-05,43.0,0.00091289
NXS/BTC,1583083806335,2020-03-01T17:30:06.335Z,sell,2.123e-05,26.0,0.00055198
NXS/BTC,1583083806335,2020-03-01T17:30:06.335Z,sell,2.121e-05,57.0,0.00120897
NXS/BTC,1583083806335,2020-03-01T17:30:06.335Z,sell,2.12e-05,428.0,0.0090736
NXS/BTC,1583083806335,2020-03-01T17:30:06.335Z,sell,2.117e-05,7.0,0.00014819
NXS/BTC,1583083806335,2020-03-01T17:30:06.335Z,sell,2.115e-05,310.0,0.0065565
NXS/BTC,1583084409429,2020-03-01T17:40:09.429Z,buy,2.129e-05,27.0,0.00057483
NXS/BTC,1583084409429,2020-03-01T17:40:09.429Z,buy,2.135e-05,64.0,0.0013664
NXS/BTC,1583084409429,2020-03-01T17:40:09.429Z,buy,2.136e-05,75.0,0.001602
NXS/BTC,1583084409429,2020-03-01T17:40:09.429Z,buy,2.137e-05,205.0,0.00438085
NXS/BTC,1583084409429,2020-03-01T17:40:09.429Z,buy,2.141e-05,491.0,0.01051231
NXS/BTC,1583084409429,2020-03-01T17:40:09.429Z,buy,2.143e-05,3.0,6.429e-05
NXS/BTC,1583084410205,2020-03-01T17:40:10.205Z,buy,2.142e-05,13.0,0.00027846
NXS/BTC,1583084414266,2020-03-01T17:40:14.266Z,buy,2.14e-05,13.0,0.0002782
NXS/BTC,1583084496506,2020-03-01T17:41:36.506Z,buy,2.138e-05,13.0,0.00027793999999999996
NXS/BTC,1583084722507,2020-03-01T17:45:22.507Z,buy,2.136e-05,13.0,0.00027768
NXS/BTC,1583085006684,2020-03-01T17:50:06.684Z,sell,2.127e-05,828.0,0.017611560000000002
NXS/BTC,1583085190832,2020-03-01T17:53:10.832Z,sell,2.127e-05,626.0,0.01331502
NXS/BTC,1583085190832,2020-03-01T17:53:10.832Z,sell,2.122e-05,464.0,0.00984608
NXS/BTC,1583085195018,2020-03-01T17:53:15.018Z,buy,2.137e-05,2.0,4.274e-05
NXS/BTC,1583085209249,2020-03-01T17:53:29.249Z,sell,2.122e-05,38.0,0.00080636
NXS/BTC,1583085209249,2020-03-01T17:53:29.249Z,sell,2.121e-05,10.0,0.00021209999999999998
NXS/BTC,1583085472573,2020-03-01T17:57:52.573Z,sell,2.121e-05,80.0,0.0016967999999999998
NXS/BTC,1583085473549,2020-03-01T17:57:53.549Z,buy,2.121e-05,6.0,0.00012726
NXS/BTC,1583085505246,2020-03-01T17:58:25.246Z,buy,2.121e-05,13.0,0.00027572999999999996
NXS/BTC,1583085505246,2020-03-01T17:58:25.246Z,buy,2.121e-05,13.0,0.00027572999999999996
NXS/BTC,1583085608373,2020-03-01T18:00:08.373Z,sell,2.117e-05,838.0,0.01774046
NXS/BTC,1583085652378,2020-03-01T18:00:52.378Z,buy,2.12e-05,6.0,0.0001272
NXS/BTC,1583085652378,2020-03-01T18:00:52.378Z,buy,2.121e-05,3.0,6.363e-05
NXS/BTC,1583085907760,2020-03-01T18:05:07.760Z,sell,2.123e-05,44.0,0.0009341199999999999
NXS/BTC,1583085907760,2020-03-01T18:05:07.760Z,sell,2.12e-05,788.0,0.0167056
NXS/BTC,1583086210242,2020-03-01T18:10:10.242Z,buy,2.133e-05,93.0,0.00198369
NXS/BTC,1583086210242,2020-03-01T18:10:10.242Z,buy,2.135e-05,64.0,0.0013664
NXS/BTC,1583086210242,2020-03-01T18:10:10.242Z,buy,2.143e-05,24.0,0.00051432
NXS/BTC,1583086210242,2020-03-01T18:10:10.242Z,buy,2.145e-05,187.0,0.00401115
NXS/BTC,1583086210242,2020-03-01T18:10:10.242Z,buy,2.146e-05,490.0,0.010515400000000001
NXS/BTC,1583086210242,2020-03-01T18:10:10.242Z,buy,2.148e-05,5.0,0.00010740000000000001
NXS/BTC,1583086224839,2020-03-01T18:10:24.839Z,sell,2.129e-05,27.0,0.00057483
NXS/BTC,1583086377413,2020-03-01T18:12:57.413Z,buy,2.141e-05,48.0,0.00102768
NXS/BTC,1583086382933,2020-03-01T18:13:02.933Z,buy,2.14e-05,538.0,0.0115132
NXS/BTC,1583086384073,2020-03-01T18:13:04.073Z,sell,2.141e-05,234.0,0.00500994
NXS/BTC,1583086385775,2020-03-01T18:13:05.775Z,sell,2.141e-05,6.0,0.00012846
NXS/BTC,1583086388282,2020-03-01T18:13:08.282Z,sell,2.141e-05,462.0,0.00989142
NXS/BTC,1583086388820,2020-03-01T18:13:08.820Z,sell,2.141e-05,234.0,0.00500994
NXS/BTC,1583086393193,2020-03-01T18:13:13.193Z,sell,2.141e-05,234.0,0.00500994
NXS/BTC,1583086396241,2020-03-01T18:13:16.241Z,sell,2.141e-05,234.0,0.00500994
NXS/BTC,1583086397422,2020-03-01T18:13:17.422Z,sell,2.141e-05,234.0,0.00500994
NXS/BTC,1583086399271,2020-03-01T18:13:19.271Z,sell,2.141e-05,234.0,0.00500994
NXS/BTC,1583086401645,2020-03-01T18:13:21.645Z,sell,2.141e-05,234.0,0.00500994
NXS/BTC,1583086402345,2020-03-01T18:13:22.345Z,sell,2.141e-05,234.0,0.00500994
NXS/BTC,1583086405644,2020-03-01T18:13:25.644Z,buy,2.141e-05,19.0,0.00040678999999999997
NXS/BTC,1583086405644,2020-03-01T18:13:25.644Z,buy,2.142e-05,273.0,0.00584766
NXS/BTC,1583086405982,2020-03-01T18:13:25.982Z,sell,2.141e-05,234.0,0.00500994
NXS/BTC,1583086423052,2020-03-01T18:13:43.052Z,sell,2.141e-05,7.0,0.00014987
NXS/BTC,1583086509057,2020-03-01T18:15:09.057Z,sell,2.141e-05,5.0,0.00010705
NXS/BTC,1583086629689,2020-03-01T18:17:09.689Z,buy,2.143e-05,27.0,0.00057861
NXS/BTC,1583086647669,2020-03-01T18:17:27.669Z,buy,2.148e-05,334.0,0.0071743200000000005
NXS/BTC,1583086661733,2020-03-01T18:17:41.733Z,buy,2.148e-05,29.0,0.00062292
NXS/BTC,1583086662803,2020-03-01T18:17:42.803Z,sell,2.148e-05,6.0,0.00012888
NXS/BTC,1583086808156,2020-03-01T18:20:08.156Z,sell,2.148e-05,48.0,0.00103104
NXS/BTC,1583086808156,2020-03-01T18:20:08.156Z,sell,2.141e-05,779.0,0.01667839
NXS/BTC,1583086992536,2020-03-01T18:23:12.536Z,buy,2.149e-05,1057.0,0.022714929999999998
NXS/BTC,1583086992536,2020-03-01T18:23:12.536Z,buy,2.15e-05,65.0,0.0013975
NXS/BTC,1583086992536,2020-03-01T18:23:12.536Z,buy,2.155e-05,260.0,0.0056029999999999995
NXS/BTC,1583086992536,2020-03-01T18:23:12.536Z,buy,2.156e-05,6.0,0.00012936
NXS/BTC,1583087706252,2020-03-01T18:35:06.252Z,sell,2.141e-05,827.0,0.01770607
NXS/BTC,1583087765403,2020-03-01T18:36:05.403Z,sell,2.141e-05,6.0,0.00012846
NXS/BTC,1583087796605,2020-03-01T18:36:36.605Z,sell,2.141e-05,1727.0,0.03697507
NXS/BTC,1583088029007,2020-03-01T18:40:29.007Z,sell,2.141e-05,240.0,0.0051383999999999996
NXS/BTC,1583088078309,2020-03-01T18:41:18.309Z,sell,2.141e-05,911.0,0.01950451
NXS/BTC,1583088185057,2020-03-01T18:43:05.057Z,buy,2.141e-05,19.0,0.00040678999999999997
NXS/BTC,1583088582052,2020-03-01T18:49:42.052Z,sell,2.135e-05,19.0,0.00040565
NXS/BTC,1583088582052,2020-03-01T18:49:42.052Z,sell,2.135e-05,19.0,0.00040565
NXS/BTC,1583089133460,2020-03-01T18:58:53.460Z,buy,2.141e-05,1535.0,0.03286435
NXS/BTC,1583089149954,2020-03-01T18:59:09.954Z,sell,2.142e-05,13.0,0.00027846
NXS/BTC,1583089507807,2020-03-01T19:05:07.807Z,sell,2.142e-05,832.0,0.01782144
NXS/BTC,1583089730785,2020-03-01T19:08:50.785Z,sell,2.142e-05,405.0,0.0086751
NXS/BTC,1583089730785,2020-03-01T19:08:50.785Z,sell,2.14e-05,467.0,0.009993799999999999
NXS/BTC,1583089871828,2020-03-01T19:11:11.828Z,buy,2.139e-05,5.0,0.00010695
NXS/BTC,1583090012619,2020-03-01T19:13:32.619Z,buy,2.139e-05,17.0,0.00036363
NXS/BTC,1583090216332,2020-03-01T19:16:56.332Z,sell,2.135e-05,45.0,0.00096075
NXS/BTC,1583090216332,2020-03-01T19:16:56.332Z,sell,2.133e-05,7.0,0.00014931
NXS/BTC,1583090216332,2020-03-01T19:16:56.332Z,sell,2.131e-05,35.0,0.00074585
NXS/BTC,1583090216332,2020-03-01T19:16:56.332Z,sell,2.129e-05,27.0,0.00057483
NXS/BTC,1583090216332,2020-03-01T19:16:56.332Z,sell,2.128e-05,65.0,0.0013832
NXS/BTC,1583090216332,2020-03-01T19:16:56.332Z,sell,2.121e-05,64.0,0.00135744
NXS/BTC,1583090216332,2020-03-01T19:16:56.332Z,sell,2.119e-05,326.0,0.00690794
NXS/BTC,1583090216332,2020-03-01T19:16:56.332Z,sell,2.118e-05,504.0,0.01067472
NXS/BTC,1583090216332,2020-03-01T19:16:56.332Z,sell,2.115e-05,27.0,0.00057105
NXS/BTC,1583090216332,2020-03-01T19:16:56.332Z,sell,2.114e-05,899.0,0.019004860000000002
NXS/BTC,1583090217796,2020-03-01T19:16:57.796Z,buy,2.129e-05,6.0,0.00012774
NXS/BTC,1583090248317,2020-03-01T19:17:28.317Z,sell,2.124e-05,933.0,0.01981692
NXS/BTC,1583090258428,2020-03-01T19:17:38.428Z,sell,2.117e-05,693.0,0.01467081
NXS/BTC,1583090259119,2020-03-01T19:17:39.119Z,buy,2.125e-05,483.0,0.01026375
NXS/BTC,1583090272283,2020-03-01T19:17:52.283Z,sell,2.115e-05,245.0,0.00518175
NXS/BTC,1583090278017,2020-03-01T19:17:58.017Z,sell,2.117e-05,188.0,0.003979959999999999
NXS/BTC,1583090278017,2020-03-01T19:17:58.017Z,sell,2.114e-05,1672.0,0.03534608
NXS/BTC,1583090278822,2020-03-01T19:17:58.822Z,buy,2.114e-05,6.0,0.00012684
NXS/BTC,1583090282950,2020-03-01T19:18:02.950Z,sell,2.112e-05,5447.0,0.11504064
NXS/BTC,1583090282979,2020-03-01T19:18:02.979Z,buy,2.112e-05,60.0,0.0012672
NXS/BTC,1583090333829,2020-03-01T19:18:53.829Z,buy,2.114e-05,5.0,0.00010570000000000001
NXS/BTC,1583090343961,2020-03-01T19:19:03.961Z,sell,2.111e-05,6.0,0.00012666
NXS/BTC,1583090343961,2020-03-01T19:19:03.961Z,sell,2.11e-05,934.0,0.0197074
NXS/BTC,1583090409072,2020-03-01T19:20:09.072Z,buy,2.114e-05,240.0,0.0050736
NXS/BTC,1583090409072,2020-03-01T19:20:09.072Z,buy,2.121e-05,9.0,0.00019088999999999998
NXS/BTC,1583090409072,2020-03-01T19:20:09.072Z,buy,2.129e-05,21.0,0.00044709000000000003
NXS/BTC,1583090409072,2020-03-01T19:20:09.072Z,buy,2.131e-05,309.0,0.00658479
NXS/BTC,1583090409072,2020-03-01T19:20:09.072Z,buy,2.132e-05,289.0,0.0061614799999999996
NXS/BTC,1583090498287,2020-03-01T19:21:38.287Z,buy,2.133e-05,203.0,0.004329990000000001
NXS/BTC,1583090500458,2020-03-01T19:21:40.458Z,buy,2.133e-05,49.0,0.00104517
NXS/BTC,1583090502285,2020-03-01T19:21:42.285Z,buy,2.133e-05,12.0,0.00025596
NXS/BTC,1583090702366,2020-03-01T19:25:02.366Z,buy,2.134e-05,117.0,0.00249678
NXS/BTC,1583090800771,2020-03-01T19:26:40.771Z,buy,2.135e-05,945.0,0.02017575
NXS/BTC,1583090800771,2020-03-01T19:26:40.771Z,buy,2.143e-05,27.0,0.00057861
NXS/BTC,1583090800776,2020-03-01T19:26:40.776Z,buy,2.145e-05,77.0,0.00165165
NXS/BTC,1583090801919,2020-03-01T19:26:41.919Z,sell,2.139e-05,6.0,0.00012834
NXS/BTC,1583091144759,2020-03-01T19:32:24.759Z,sell,2.13e-05,37.0,0.0007881
NXS/BTC,1583091144759,2020-03-01T19:32:24.759Z,sell,2.129e-05,27.0,0.00057483
NXS/BTC,1583091144759,2020-03-01T19:32:24.759Z,sell,2.125e-05,105.0,0.00223125
NXS/BTC,1583091144770,2020-03-01T19:32:24.770Z,sell,2.125e-05,373.0,0.007926250000000001
NXS/BTC,1583091144770,2020-03-01T19:32:24.770Z,sell,2.121e-05,64.0,0.00135744
NXS/BTC,1583091144770,2020-03-01T19:32:24.770Z,sell,2.118e-05,448.0,0.00948864
NXS/BTC,1583091144770,2020-03-01T19:32:24.770Z,sell,2.117e-05,189.0,0.0040011299999999994
NXS/BTC,1583091144770,2020-03-01T19:32:24.770Z,sell,2.115e-05,27.0,0.00057105
NXS/BTC,1583091144770,2020-03-01T19:32:24.770Z,sell,2.114e-05,35.0,0.0007399
NXS/BTC,1583091144770,2020-03-01T19:32:24.770Z,sell,2.112e-05,202.0,0.00426624
NXS/BTC,1583091307121,2020-03-01T19:35:07.121Z,sell,2.112e-05,689.0,0.01455168
NXS/BTC,1583091307121,2020-03-01T19:35:07.121Z,sell,2.11e-05,152.0,0.0032072000000000003
NXS/BTC,1583091332085,2020-03-01T19:35:32.085Z,buy,2.112e-05,12.0,0.00025344
NXS/BTC,1583091461279,2020-03-01T19:37:41.279Z,buy,2.112e-05,242.0,0.00511104
NXS/BTC,1583091461303,2020-03-01T19:37:41.303Z,buy,2.112e-05,122.0,0.0025766400000000003
NXS/BTC,1583091609998,2020-03-01T19:40:09.998Z,buy,2.126e-05,187.0,0.00397562
NXS/BTC,1583091609998,2020-03-01T19:40:09.998Z,buy,2.127e-05,261.0,0.00555147
NXS/BTC,1583091609998,2020-03-01T19:40:09.998Z,buy,2.129e-05,27.0,0.00057483
NXS/BTC,1583091609998,2020-03-01T19:40:09.998Z,buy,2.131e-05,35.0,0.00074585
NXS/BTC,1583091609998,2020-03-01T19:40:09.998Z,buy,2.135e-05,253.0,0.00540155
NXS/BTC,1583091609998,2020-03-01T19:40:09.998Z,buy,2.139e-05,105.0,0.00224595
NXS/BTC,1583091819348,2020-03-01T19:43:39.348Z,buy,2.132e-05,103.0,0.00219596
NXS/BTC,1583091819348,2020-03-01T19:43:39.348Z,buy,2.132e-05,103.0,0.00219596
NXS/BTC,1583092208409,2020-03-01T19:50:08.409Z,buy,2.132e-05,264.0,0.00562848
NXS/BTC,1583092208409,2020-03-01T19:50:08.409Z,buy,2.143e-05,27.0,0.00057861
NXS/BTC,1583092208409,2020-03-01T19:50:08.409Z,buy,2.145e-05,569.0,0.01220505
NXS/BTC,1583092210470,2020-03-01T19:50:10.470Z,sell,2.129e-05,6.0,0.00012774
NXS/BTC,1583092492704,2020-03-01T19:54:52.704Z,buy,2.147e-05,48.0,0.00103056
NXS/BTC,1583092492717,2020-03-01T19:54:52.717Z,buy,2.148e-05,48.0,0.00103104
NXS/BTC,1583092492725,2020-03-01T19:54:52.725Z,buy,2.148e-05,47.0,0.00100956
NXS/BTC,1583092492734,2020-03-01T19:54:52.734Z,buy,2.149e-05,44.0,0.00094556
NXS/BTC,1583092492734,2020-03-01T19:54:52.734Z,buy,2.15e-05,44.0,0.000946
NXS/BTC,1583092492735,2020-03-01T19:54:52.735Z,buy,2.15e-05,33.0,0.0007095000000000001
NXS/BTC,1583092492740,2020-03-01T19:54:52.740Z,buy,2.151e-05,24.0,0.00051624
NXS/BTC,1583092492740,2020-03-01T19:54:52.740Z,buy,2.152e-05,36.0,0.00077472
NXS/BTC,1583092494521,2020-03-01T19:54:54.521Z,sell,2.134e-05,6.0,0.00012804
NXS/BTC,1583092973438,2020-03-01T20:02:53.438Z,sell,2.137e-05,187.0,0.00399619
NXS/BTC,1583092973438,2020-03-01T20:02:53.438Z,sell,2.135e-05,64.0,0.0013664
NXS/BTC,1583092973714,2020-03-01T20:02:53.714Z,buy,2.134e-05,143.0,0.0030516199999999997
NXS/BTC,1583093106405,2020-03-01T20:05:06.405Z,sell,2.131e-05,35.0,0.00074585
NXS/BTC,1583093106405,2020-03-01T20:05:06.405Z,sell,2.129e-05,26.0,0.00055354
NXS/BTC,1583093106405,2020-03-01T20:05:06.405Z,sell,2.128e-05,397.0,0.00844816
NXS/BTC,1583093106405,2020-03-01T20:05:06.405Z,sell,2.126e-05,385.0,0.0081851
NXS/BTC,1583093949513,2020-03-01T20:19:09.513Z,buy,2.133e-05,2.0,4.266e-05
NXS/BTC,1583094008352,2020-03-01T20:20:08.352Z,buy,2.134e-05,8.0,0.00017072
NXS/BTC,1583094008352,2020-03-01T20:20:08.352Z,buy,2.135e-05,7.0,0.00014945
NXS/BTC,1583094008352,2020-03-01T20:20:08.352Z,buy,2.144e-05,143.0,0.00306592
NXS/BTC,1583094008352,2020-03-01T20:20:08.352Z,buy,2.148e-05,396.0,0.008506080000000001
NXS/BTC,1583094008352,2020-03-01T20:20:08.352Z,buy,2.149e-05,268.0,0.00575932
NXS/BTC,1583094008352,2020-03-01T20:20:08.352Z,buy,2.15e-05,36.0,0.0007740000000000001
NXS/BTC,1583094016532,2020-03-01T20:20:16.532Z,buy,2.133e-05,5.0,0.00010665
NXS/BTC,1583094016532,2020-03-01T20:20:16.532Z,buy,2.133e-05,5.0,0.00010665
NXS/BTC,1583095808351,2020-03-01T20:50:08.351Z,buy,2.15e-05,29.0,0.0006235
NXS/BTC,1583095808351,2020-03-01T20:50:08.351Z,buy,2.152e-05,12.0,0.00025824
NXS/BTC,1583095808351,2020-03-01T20:50:08.351Z,buy,2.153e-05,72.0,0.0015501599999999999
NXS/BTC,1583095808351,2020-03-01T20:50:08.351Z,buy,2.154e-05,501.0,0.01079154
NXS/BTC,1583095808351,2020-03-01T20:50:08.351Z,buy,2.155e-05,87.0,0.00187485
NXS/BTC,1583095808351,2020-03-01T20:50:08.351Z,buy,2.156e-05,156.0,0.00336336
NXS/BTC,1583095810804,2020-03-01T20:50:10.804Z,sell,2.139e-05,5.0,0.00010695
NXS/BTC,1583097038981,2020-03-01T21:10:38.981Z,buy,2.155e-05,98.0,0.0021119
NXS/BTC,1583097038981,2020-03-01T21:10:38.981Z,buy,2.157e-05,533.0,0.01149681
NXS/BTC,1583097038981,2020-03-01T21:10:38.981Z,buy,2.158e-05,435.0,0.0093873
NXS/BTC,1583097123032,2020-03-01T21:12:03.032Z,buy,2.157e-05,5.0,0.00010784999999999999
NXS/BTC,1583097123032,2020-03-01T21:12:03.032Z,buy,2.158e-05,420.0,0.0090636
NXS/BTC,1583097123032,2020-03-01T21:12:03.032Z,buy,2.159e-05,64.0,0.00138176
NXS/BTC,1583097123032,2020-03-01T21:12:03.032Z,buy,2.16e-05,311.0,0.0067176
NXS/BTC,1583097146581,2020-03-01T21:12:26.581Z,buy,2.16e-05,524.0,0.0113184
NXS/BTC,1583097146581,2020-03-01T21:12:26.581Z,buy,2.161e-05,613.0,0.01324693
NXS/BTC,1583097146581,2020-03-01T21:12:26.581Z,buy,2.162e-05,117.0,0.00252954
NXS/BTC,1583097146581,2020-03-01T21:12:26.581Z,buy,2.163e-05,186.0,0.00402318
NXS/BTC,1583097146581,2020-03-01T21:12:26.581Z,buy,2.165e-05,955.0,0.02067575
NXS/BTC,1583097156974,2020-03-01T21:12:36.974Z,buy,2.166e-05,25.0,0.0005415
NXS/BTC,1583097158038,2020-03-01T21:12:38.038Z,sell,2.145e-05,6.0,0.00012869999999999998
NXS/BTC,1583097158572,2020-03-01T21:12:38.572Z,buy,2.166e-05,370.0,0.008014199999999999
NXS/BTC,1583097158579,2020-03-01T21:12:38.579Z,buy,2.166e-05,324.0,0.00701784
NXS/BTC,1583097158956,2020-03-01T21:12:38.956Z,sell,2.164e-05,13.0,0.00028132
NXS/BTC,1583097159020,2020-03-01T21:12:39.020Z,buy,2.166e-05,324.0,0.00701784
NXS/BTC,1583097159429,2020-03-01T21:12:39.429Z,buy,2.166e-05,252.0,0.00545832
NXS/BTC,1583097159447,2020-03-01T21:12:39.447Z,sell,2.166e-05,210.0,0.0045486
NXS/BTC,1583097159592,2020-03-01T21:12:39.592Z,buy,2.164e-05,13.0,0.00028132
NXS/BTC,1583097160444,2020-03-01T21:12:40.444Z,sell,2.15e-05,24.0,0.000516
NXS/BTC,1583097160583,2020-03-01T21:12:40.583Z,buy,2.164e-05,51.0,0.00110364
NXS/BTC,1583097160590,2020-03-01T21:12:40.590Z,buy,2.164e-05,44.0,0.00095216
NXS/BTC,1583097160592,2020-03-01T21:12:40.592Z,buy,2.164e-05,36.0,0.0007790399999999999
NXS/BTC,1583097160854,2020-03-01T21:12:40.854Z,sell,2.164e-05,14.0,0.00030296
NXS/BTC,1583097160997,2020-03-01T21:12:40.997Z,sell,2.164e-05,27.0,0.00058428
NXS/BTC,1583097161085,2020-03-01T21:12:41.085Z,buy,2.167e-05,10.0,0.0002167
NXS/BTC,1583097161085,2020-03-01T21:12:41.085Z,buy,2.169e-05,14.0,0.00030366000000000003
NXS/BTC,1583097161085,2020-03-01T21:12:41.085Z,buy,2.17e-05,22.0,0.0004774
NXS/BTC,1583097162941,2020-03-01T21:12:42.941Z,buy,2.17e-05,5.0,0.0001085
NXS/BTC,1583097163525,2020-03-01T21:12:43.525Z,buy,2.17e-05,8.0,0.0001736
NXS/BTC,1583097163959,2020-03-01T21:12:43.959Z,sell,2.17e-05,61.0,0.0013237
NXS/BTC,1583097164027,2020-03-01T21:12:44.027Z,buy,2.171e-05,93.0,0.0020190300000000002
NXS/BTC,1583097164439,2020-03-01T21:12:44.439Z,buy,2.171e-05,47.0,0.00102037
NXS/BTC,1583097164772,2020-03-01T21:12:44.772Z,buy,2.171e-05,47.0,0.00102037
NXS/BTC,1583097165541,2020-03-01T21:12:45.541Z,sell,2.17e-05,28.0,0.0006076
NXS/BTC,1583097165612,2020-03-01T21:12:45.612Z,sell,2.164e-05,39.0,0.0008439599999999999
NXS/BTC,1583097167214,2020-03-01T21:12:47.214Z,buy,2.17e-05,20.0,0.000434
NXS/BTC,1583097167214,2020-03-01T21:12:47.214Z,buy,2.171e-05,26.0,0.00056446
NXS/BTC,1583097169210,2020-03-01T21:12:49.210Z,buy,2.171e-05,44.0,0.00095524
NXS/BTC,1583097270175,2020-03-01T21:14:30.175Z,sell,2.164e-05,43.0,0.00093052
NXS/BTC,1583097362395,2020-03-01T21:16:02.395Z,sell,2.164e-05,14.0,0.00030296
NXS/BTC,1583097362395,2020-03-01T21:16:02.395Z,sell,2.164e-05,14.0,0.00030296
NXS/BTC,1583097719584,2020-03-01T21:21:59.584Z,buy,2.164e-05,5.0,0.0001082
NXS/BTC,1583097719597,2020-03-01T21:21:59.597Z,sell,2.164e-05,245.0,0.0053018
NXS/BTC,1583098067295,2020-03-01T21:27:47.295Z,buy,2.168e-05,5.0,0.00010839999999999999
NXS/BTC,1583098229231,2020-03-01T21:30:29.231Z,buy,2.167e-05,10.0,0.0002167
NXS/BTC,1583098236482,2020-03-01T21:30:36.482Z,buy,2.168e-05,19.0,0.00041191999999999997
NXS/BTC,1583098236482,2020-03-01T21:30:36.482Z,buy,2.171e-05,25.0,0.00054275
NXS/BTC,1583098236482,2020-03-01T21:30:36.482Z,buy,2.172e-05,40.0,0.0008688
NXS/BTC,1583098261408,2020-03-01T21:31:01.408Z,sell,2.164e-05,23.0,0.00049772
NXS/BTC,1583098280533,2020-03-01T21:31:20.533Z,buy,2.172e-05,500.0,0.01086
NXS/BTC,1583098284901,2020-03-01T21:31:24.901Z,sell,2.165e-05,329.0,0.00712285
NXS/BTC,1583098285402,2020-03-01T21:31:25.402Z,sell,2.164e-05,12.0,0.00025968
NXS/BTC,1583098296213,2020-03-01T21:31:36.213Z,sell,2.164e-05,46.0,0.00099544
NXS/BTC,1583098300604,2020-03-01T21:31:40.604Z,sell,2.164e-05,64.0,0.00138496
NXS/BTC,1583098507651,2020-03-01T21:35:07.651Z,sell,2.164e-05,831.0,0.01798284
NXS/BTC,1583098806523,2020-03-01T21:40:06.523Z,sell,2.164e-05,865.0,0.0187186
NXS/BTC,1583098967348,2020-03-01T21:42:47.348Z,buy,2.173e-05,420.0,0.0091266
NXS/BTC,1583098973785,2020-03-01T21:42:53.785Z,sell,2.173e-05,329.0,0.00714917
NXS/BTC,1583098986360,2020-03-01T21:43:06.360Z,sell,2.173e-05,977.0,0.02123021
NXS/BTC,1583098987734,2020-03-01T21:43:07.734Z,sell,2.173e-05,6.0,0.00013038
NXS/BTC,1583098988449,2020-03-01T21:43:08.449Z,sell,2.173e-05,104.0,0.00225992
NXS/BTC,1583099051347,2020-03-01T21:44:11.347Z,sell,2.173e-05,12.0,0.00026076
NXS/BTC,1583099051347,2020-03-01T21:44:11.347Z,sell,2.166e-05,72.0,0.00155952
NXS/BTC,1583099114867,2020-03-01T21:45:14.867Z,sell,2.166e-05,40.0,0.0008664
NXS/BTC,1583099114872,2020-03-01T21:45:14.872Z,sell,2.166e-05,82.0,0.00177612
NXS/BTC,1583099114872,2020-03-01T21:45:14.872Z,sell,2.165e-05,1282.0,0.0277553
NXS/BTC,1583099538128,2020-03-01T21:52:18.128Z,buy,2.176e-05,6.0,0.00013056
NXS/BTC,1583099654753,2020-03-01T21:54:14.753Z,sell,2.165e-05,158.0,0.0034207
NXS/BTC,1583099654753,2020-03-01T21:54:14.753Z,sell,2.164e-05,506.0,0.010949839999999999
NXS/BTC,1583100091076,2020-03-01T22:01:31.076Z,sell,2.167e-05,106.0,0.0022970200000000003
NXS/BTC,1583100091076,2020-03-01T22:01:31.076Z,sell,2.164e-05,748.0,0.016186719999999998
NXS/BTC,1583100091093,2020-03-01T22:01:31.093Z,buy,2.164e-05,125.0,0.002705
NXS/BTC,1583100091102,2020-03-01T22:01:31.102Z,buy,2.164e-05,80.0,0.0017312
NXS/BTC,1583100091103,2020-03-01T22:01:31.103Z,buy,2.164e-05,106.0,0.00229384
NXS/BTC,1583100095124,2020-03-01T22:01:35.124Z,sell,2.16e-05,10.0,0.000216
NXS/BTC,1583100095124,2020-03-01T22:01:35.124Z,sell,2.159e-05,25.0,0.0005397500000000001
NXS/BTC,1583100095124,2020-03-01T22:01:35.124Z,sell,2.158e-05,10.0,0.0002158
NXS/BTC,1583100095136,2020-03-01T22:01:35.136Z,sell,2.154e-05,10.0,0.0002154
NXS/BTC,1583100095136,2020-03-01T22:01:35.136Z,sell,2.152e-05,15.0,0.0003228
NXS/BTC,1583100095136,2020-03-01T22:01:35.136Z,sell,2.15e-05,46.0,0.000989
NXS/BTC,1583100095136,2020-03-01T22:01:35.136Z,sell,2.15e-05,29.0,0.0006235
NXS/BTC,1583100095241,2020-03-01T22:01:35.241Z,buy,2.15e-05,55.0,0.0011825
NXS/BTC,1583100095241,2020-03-01T22:01:35.241Z,buy,2.154e-05,241.0,0.00519114
NXS/BTC,1583100182674,2020-03-01T22:03:02.674Z,sell,2.149e-05,25.0,0.00053725
NXS/BTC,1583100209960,2020-03-01T22:03:29.960Z,buy,2.163e-05,5.0,0.00010815
NXS/BTC,1583100220838,2020-03-01T22:03:40.838Z,sell,2.149e-05,14.0,0.00030086
NXS/BTC,1583100226979,2020-03-01T22:03:46.979Z,buy,2.161e-05,6.0,0.00012966
NXS/BTC,1583100598600,2020-03-01T22:09:58.600Z,sell,2.149e-05,6.0,0.00012894
NXS/BTC,1583100598600,2020-03-01T22:09:58.600Z,sell,2.148e-05,4.0,8.592e-05
NXS/BTC,1583100609821,2020-03-01T22:10:09.821Z,sell,2.148e-05,65.0,0.0013962
NXS/BTC,1583100609821,2020-03-01T22:10:09.821Z,sell,2.145e-05,252.0,0.0054054
NXS/BTC,1583100609821,2020-03-01T22:10:09.821Z,sell,2.141e-05,218.0,0.00466738
NXS/BTC,1583100609821,2020-03-01T22:10:09.821Z,sell,2.139e-05,5.0,0.00010695
NXS/BTC,1583100609821,2020-03-01T22:10:09.821Z,sell,2.138e-05,43.0,0.0009193399999999999
NXS/BTC,1583100609821,2020-03-01T22:10:09.821Z,sell,2.137e-05,280.0,0.0059836
NXS/BTC,1583100609821,2020-03-01T22:10:09.821Z,sell,2.148e-05,65.0,0.0013962
NXS/BTC,1583100609821,2020-03-01T22:10:09.821Z,sell,2.145e-05,252.0,0.0054054
NXS/BTC,1583100609821,2020-03-01T22:10:09.821Z,sell,2.141e-05,218.0,0.00466738
NXS/BTC,1583100609821,2020-03-01T22:10:09.821Z,sell,2.139e-05,5.0,0.00010695
NXS/BTC,1583100609821,2020-03-01T22:10:09.821Z,sell,2.138e-05,43.0,0.0009193399999999999
NXS/BTC,1583100609821,2020-03-01T22:10:09.821Z,sell,2.137e-05,280.0,0.0059836
NXS/BTC,1583101222392,2020-03-01T22:20:22.392Z,buy,2.151e-05,6.0,0.00012906
NXS/BTC,1583101448450,2020-03-01T22:24:08.450Z,buy,2.151e-05,68.0,0.0014626799999999998
NXS/BTC,1583102153289,2020-03-01T22:35:53.289Z,sell,2.143e-05,144.0,0.00308592
NXS/BTC,1583102503448,2020-03-01T22:41:43.448Z,sell,2.144e-05,11.0,0.00023584000000000002
NXS/BTC,1583102503448,2020-03-01T22:41:43.448Z,sell,2.143e-05,108.0,0.00231444
NXS/BTC,1583103474967,2020-03-01T22:57:54.967Z,sell,2.148e-05,11.0,0.00023628
NXS/BTC,1583103474967,2020-03-01T22:57:54.967Z,sell,2.143e-05,4.0,8.572e-05
NXS/BTC,1583103486537,2020-03-01T22:58:06.537Z,buy,2.147e-05,18.0,0.00038646
NXS/BTC,1583103884013,2020-03-01T23:04:44.013Z,buy,2.148e-05,11.0,0.00023628
NXS/BTC,1583103962587,2020-03-01T23:06:02.587Z,buy,2.16e-05,250.0,0.0054
NXS/BTC,1583104067862,2020-03-01T23:07:47.862Z,sell,2.147e-05,16.0,0.00034352
NXS/BTC,1583104067862,2020-03-01T23:07:47.862Z,sell,2.147e-05,16.0,0.00034352
NXS/BTC,1583104808174,2020-03-01T23:20:08.174Z,sell,2.143e-05,868.0,0.01860124
NXS/BTC,1583105747120,2020-03-01T23:35:47.120Z,buy,2.16e-05,5.0,0.000108
NXS/BTC,1583106008140,2020-03-01T23:40:08.140Z,sell,2.143e-05,313.0,0.00670759
NXS/BTC,1583106008140,2020-03-01T23:40:08.140Z,sell,2.142e-05,555.0,0.0118881
NXS/BTC,1583106195522,2020-03-01T23:43:15.522Z,sell,2.139e-05,5.0,0.00010695
NXS/BTC,1583106557354,2020-03-01T23:49:17.354Z,buy,2.157e-05,5.0,0.00010784999999999999
NXS/BTC,1583106606695,2020-03-01T23:50:06.695Z,sell,2.138e-05,860.0,0.0183868
NXS/BTC,1583107215594,2020-03-02T00:00:15.594Z,buy,2.157e-05,3280.0,0.0707496
NXS/BTC,1583107215594,2020-03-02T00:00:15.594Z,buy,2.16e-05,294.0,0.0063504
NXS/BTC,1583107215594,2020-03-02T00:00:15.594Z,buy,2.162e-05,73.0,0.00157826
NXS/BTC,1583107215594,2020-03-02T00:00:15.594Z,buy,2.164e-05,1030.0,0.0222892
NXS/BTC,1583107278110,2020-03-02T00:01:18.110Z,sell,2.142e-05,158.0,0.0033843600000000003
NXS/BTC,1583107307325,2020-03-02T00:01:47.325Z,buy,2.161e-05,24.0,0.00051864
NXS/BTC,1583107543330,2020-03-02T00:05:43.330Z,buy,2.159e-05,1229.0,0.026534110000000003
NXS/BTC,1583107543330,2020-03-02T00:05:43.330Z,buy,2.159e-05,1229.0,0.026534110000000003
NXS/BTC,1583107799227,2020-03-02T00:09:59.227Z,buy,2.159e-05,5.0,0.00010795000000000001
NXS/BTC,1583107977173,2020-03-02T00:12:57.173Z,sell,2.148e-05,64.0,0.00137472
NXS/BTC,1583107977173,2020-03-02T00:12:57.173Z,sell,2.144e-05,218.0,0.004673920000000001
NXS/BTC,1583108025196,2020-03-02T00:13:45.196Z,sell,2.144e-05,52.0,0.0011148800000000002
NXS/BTC,1583108409140,2020-03-02T00:20:09.140Z,sell,2.145e-05,11.0,0.00023595
NXS/BTC,1583108409140,2020-03-02T00:20:09.140Z,sell,2.144e-05,196.0,0.00420224
NXS/BTC,1583108409140,2020-03-02T00:20:09.140Z,sell,2.143e-05,5.0,0.00010715
NXS/BTC,1583108409140,2020-03-02T00:20:09.140Z,sell,2.139e-05,116.0,0.00248124
NXS/BTC,1583108409140,2020-03-02T00:20:09.140Z,sell,2.138e-05,530.0,0.011331399999999998
NXS/BTC,1583108418876,2020-03-02T00:20:18.876Z,buy,2.144e-05,120.0,0.0025728
NXS/BTC,1583108812227,2020-03-02T00:26:52.227Z,buy,2.148e-05,5.0,0.00010740000000000001
NXS/BTC,1583108991646,2020-03-02T00:29:51.646Z,buy,2.141e-05,6.0,0.00012846
NXS/BTC,1583109017393,2020-03-02T00:30:17.393Z,buy,2.141e-05,1221.0,0.02614161
NXS/BTC,1583109074022,2020-03-02T00:31:14.022Z,sell,2.141e-05,89.0,0.00190549
NXS/BTC,1583109160054,2020-03-02T00:32:40.054Z,buy,2.138e-05,2.0,4.276e-05
NXS/BTC,1583109160841,2020-03-02T00:32:40.841Z,buy,2.138e-05,2.0,4.276e-05
NXS/BTC,1583109163876,2020-03-02T00:32:43.876Z,buy,2.138e-05,2.0,4.276e-05
NXS/BTC,1583109163906,2020-03-02T00:32:43.906Z,buy,2.139e-05,40.0,0.0008556
NXS/BTC,1583109183595,2020-03-02T00:33:03.595Z,buy,2.139e-05,23.0,0.00049197
NXS/BTC,1583109533163,2020-03-02T00:38:53.163Z,sell,2.138e-05,63.0,0.0013469399999999998
NXS/BTC,1583109533163,2020-03-02T00:38:53.163Z,sell,2.137e-05,5.0,0.00010685
NXS/BTC,1583109869764,2020-03-02T00:44:29.764Z,buy,2.139e-05,1446.0,0.03092994
NXS/BTC,1583109970484,2020-03-02T00:46:10.484Z,sell,2.137e-05,298.0,0.00636826
NXS/BTC,1583110208182,2020-03-02T00:50:08.182Z,sell,2.136e-05,10.0,0.0002136
NXS/BTC,1583110208182,2020-03-02T00:50:08.182Z,sell,2.135e-05,64.0,0.0013664
NXS/BTC,1583110208182,2020-03-02T00:50:08.182Z,sell,2.134e-05,98.0,0.00209132
NXS/BTC,1583110208182,2020-03-02T00:50:08.182Z,sell,2.132e-05,685.0,0.0146042
NXS/BTC,1583110208206,2020-03-02T00:50:08.206Z,buy,2.137e-05,1125.0,0.02404125
NXS/BTC,1583110302810,2020-03-02T00:51:42.810Z,buy,2.137e-05,31.0,0.00066247
NXS/BTC,1583110419932,2020-03-02T00:53:39.932Z,buy,2.135e-05,5.0,0.00010675
NXS/BTC,1583110449303,2020-03-02T00:54:09.303Z,buy,2.135e-05,5.0,0.00010675
NXS/BTC,1583110600769,2020-03-02T00:56:40.769Z,buy,2.135e-05,5.0,0.00010675
NXS/BTC,1583110884276,2020-03-02T01:01:24.276Z,sell,2.133e-05,158.0,0.00337014
NXS/BTC,1583111137261,2020-03-02T01:05:37.261Z,buy,2.137e-05,2440.0,0.0521428
NXS/BTC,1583111137261,2020-03-02T01:05:37.261Z,buy,2.137e-05,2440.0,0.0521428
NXS/BTC,1583113252576,2020-03-02T01:40:52.576Z,sell,2.133e-05,84.0,0.0017917200000000001
NXS/BTC,1583113302815,2020-03-02T01:41:42.815Z,sell,2.131e-05,218.0,0.00464558
NXS/BTC,1583113302842,2020-03-02T01:41:42.842Z,sell,2.131e-05,289.0,0.00615859
NXS/BTC,1583113303358,2020-03-02T01:41:43.358Z,buy,2.133e-05,14.0,0.00029862
NXS/BTC,1583113304322,2020-03-02T01:41:44.322Z,sell,2.131e-05,24.0,0.00051144
NXS/BTC,1583113305323,2020-03-02T01:41:45.323Z,sell,2.129e-05,165.0,0.00351285
NXS/BTC,1583113305792,2020-03-02T01:41:45.792Z,buy,2.129e-05,6.0,0.00012774
NXS/BTC,1583113305964,2020-03-02T01:41:45.964Z,sell,2.128e-05,26.0,0.00055328
NXS/BTC,1583113337170,2020-03-02T01:42:17.170Z,buy,2.129e-05,14.0,0.00029806
NXS/BTC,1583113362047,2020-03-02T01:42:42.047Z,sell,2.128e-05,39.0,0.0008299199999999999
NXS/BTC,1583113362047,2020-03-02T01:42:42.047Z,sell,2.127e-05,250.0,0.0053175
NXS/BTC,1583113516283,2020-03-02T01:45:16.283Z,sell,2.127e-05,225.0,0.00478575
NXS/BTC,1583113517265,2020-03-02T01:45:17.265Z,sell,2.126e-05,10.0,0.0002126
NXS/BTC,1583113517265,2020-03-02T01:45:17.265Z,sell,2.124e-05,15.0,0.0003186
NXS/BTC,1583113517820,2020-03-02T01:45:17.820Z,buy,2.126e-05,10.0,0.0002126
NXS/BTC,1583113629498,2020-03-02T01:47:09.498Z,buy,2.126e-05,93.0,0.00197718
NXS/BTC,1583113728203,2020-03-02T01:48:48.203Z,sell,2.124e-05,127.0,0.00269748
NXS/BTC,1583113728226,2020-03-02T01:48:48.226Z,buy,2.124e-05,506.0,0.01074744
NXS/BTC,1583113737075,2020-03-02T01:48:57.075Z,sell,2.121e-05,24.0,0.00050904
NXS/BTC,1583113749623,2020-03-02T01:49:09.623Z,sell,2.121e-05,40.0,0.0008483999999999999
NXS/BTC,1583113750908,2020-03-02T01:49:10.908Z,buy,2.121e-05,6.0,0.00012726
NXS/BTC,1583113753124,2020-03-02T01:49:13.124Z,buy,2.121e-05,70.0,0.0014846999999999998
NXS/BTC,1583113753124,2020-03-02T01:49:13.124Z,buy,2.121e-05,70.0,0.0014846999999999998
NXS/BTC,1583115701555,2020-03-02T02:21:41.555Z,sell,2.127e-05,98.0,0.0020844600000000002
NXS/BTC,1583116086874,2020-03-02T02:28:06.874Z,sell,2.128e-05,62.0,0.0013193599999999999
NXS/BTC,1583116248935,2020-03-02T02:30:48.935Z,buy,2.128e-05,5.0,0.0001064
NXS/BTC,1583116577726,2020-03-02T02:36:17.726Z,sell,2.127e-05,57.0,0.00121239
NXS/BTC,1583116661948,2020-03-02T02:37:41.948Z,buy,2.128e-05,2.0,4.256e-05
NXS/BTC,1583116669261,2020-03-02T02:37:49.261Z,buy,2.128e-05,2.0,4.256e-05
NXS/BTC,1583116670776,2020-03-02T02:37:50.776Z,buy,2.128e-05,2.0,4.256e-05
NXS/BTC,1583116670808,2020-03-02T02:37:50.808Z,sell,2.127e-05,6.0,0.00012762
NXS/BTC,1583116680983,2020-03-02T02:38:00.983Z,buy,2.128e-05,2.0,4.256e-05
NXS/BTC,1583116695318,2020-03-02T02:38:15.318Z,buy,2.128e-05,2.0,4.256e-05
NXS/BTC,1583116702439,2020-03-02T02:38:22.439Z,buy,2.128e-05,10.0,0.0002128
NXS/BTC,1583116709614,2020-03-02T02:38:29.614Z,buy,2.128e-05,2.0,4.256e-05
NXS/BTC,1583116709649,2020-03-02T02:38:29.649Z,sell,2.127e-05,6.0,0.00012762
NXS/BTC,1583116713742,2020-03-02T02:38:33.742Z,buy,2.128e-05,2.0,4.256e-05
NXS/BTC,1583116714113,2020-03-02T02:38:34.113Z,sell,2.127e-05,6.0,0.00012762
NXS/BTC,1583116797869,2020-03-02T02:39:57.869Z,buy,2.128e-05,12.0,0.00025536
NXS/BTC,1583116797869,2020-03-02T02:39:57.869Z,buy,2.132e-05,83.0,0.0017695599999999999
NXS/BTC,1583116797869,2020-03-02T02:39:57.869Z,buy,2.133e-05,1905.0,0.04063365
NXS/BTC,1583116797869,2020-03-02T02:39:57.869Z,buy,2.128e-05,12.0,0.00025536
NXS/BTC,1583116797869,2020-03-02T02:39:57.869Z,buy,2.132e-05,83.0,0.0017695599999999999
NXS/BTC,1583116797869,2020-03-02T02:39:57.869Z,buy,2.133e-05,1905.0,0.04063365
NXS/BTC,1583117746570,2020-03-02T02:55:46.570Z,buy,2.133e-05,75.0,0.00159975
NXS/BTC,1583117763017,2020-03-02T02:56:03.017Z,buy,2.133e-05,11.0,0.00023463
NXS/BTC,1583117763017,2020-03-02T02:56:03.017Z,buy,2.135e-05,27.0,0.00057645
NXS/BTC,1583117784810,2020-03-02T02:56:24.810Z,buy,2.135e-05,18.0,0.0003843
NXS/BTC,1583118096898,2020-03-02T03:01:36.898Z,buy,2.135e-05,19.0,0.00040565
NXS/BTC,1583118096898,2020-03-02T03:01:36.898Z,buy,2.146e-05,14.0,0.00030044
NXS/BTC,1583118096898,2020-03-02T03:01:36.898Z,buy,2.148e-05,500.0,0.010740000000000001
NXS/BTC,1583118096898,2020-03-02T03:01:36.898Z,buy,2.149e-05,45.0,0.00096705
NXS/BTC,1583118096898,2020-03-02T03:01:36.898Z,buy,2.15e-05,65.0,0.0013975
NXS/BTC,1583118096898,2020-03-02T03:01:36.898Z,buy,2.153e-05,15.0,0.00032294999999999996
NXS/BTC,1583118096898,2020-03-02T03:01:36.898Z,buy,2.155e-05,142.0,0.0030600999999999996
NXS/BTC,1583118097430,2020-03-02T03:01:37.430Z,buy,2.154e-05,10.0,0.0002154
NXS/BTC,1583118097467,2020-03-02T03:01:37.467Z,sell,2.155e-05,16.0,0.0003448
NXS/BTC,1583118097589,2020-03-02T03:01:37.589Z,buy,2.152e-05,22.0,0.00047344
NXS/BTC,1583118099796,2020-03-02T03:01:39.796Z,buy,2.152e-05,7.0,0.00015064
NXS/BTC,1583118104386,2020-03-02T03:01:44.386Z,sell,2.136e-05,6.0,0.00012816
NXS/BTC,1583118134382,2020-03-02T03:02:14.382Z,sell,2.135e-05,6.0,0.0001281
NXS/BTC,1583118134382,2020-03-02T03:02:14.382Z,sell,2.135e-05,6.0,0.0001281
NXS/BTC,1583121859322,2020-03-02T04:04:19.322Z,sell,2.135e-05,22.0,0.00046970000000000003
NXS/BTC,1583122061564,2020-03-02T04:07:41.564Z,sell,2.135e-05,36.0,0.0007686
NXS/BTC,1583122061564,2020-03-02T04:07:41.564Z,sell,2.131e-05,128.0,0.00272768
NXS/BTC,1583122061564,2020-03-02T04:07:41.564Z,sell,2.128e-05,65.0,0.0013832
NXS/BTC,1583122061564,2020-03-02T04:07:41.564Z,sell,2.127e-05,8.0,0.00017016
NXS/BTC,1583122061564,2020-03-02T04:07:41.564Z,sell,2.127e-05,7.0,0.00014889000000000002
NXS/BTC,1583122115379,2020-03-02T04:08:35.379Z,sell,2.131e-05,1409.0,0.03002579
NXS/BTC,1583122115379,2020-03-02T04:08:35.379Z,sell,2.13e-05,2224.0,0.047371199999999995
NXS/BTC,1583122115379,2020-03-02T04:08:35.379Z,sell,2.131e-05,1409.0,0.03002579
NXS/BTC,1583122115379,2020-03-02T04:08:35.379Z,sell,2.13e-05,2224.0,0.047371199999999995
NXS/BTC,1583124652144,2020-03-02T04:50:52.144Z,sell,2.131e-05,200.0,0.004262
NXS/BTC,1583124652193,2020-03-02T04:50:52.193Z,buy,2.131e-05,40.0,0.0008524
NXS/BTC,1583124653018,2020-03-02T04:50:53.018Z,buy,2.131e-05,6.0,0.00012786
NXS/BTC,1583124847165,2020-03-02T04:54:07.165Z,sell,2.13e-05,505.0,0.0107565
NXS/BTC,1583124864073,2020-03-02T04:54:24.073Z,sell,2.128e-05,12.0,0.00025536
NXS/BTC,1583124864434,2020-03-02T04:54:24.434Z,buy,2.128e-05,945.0,0.0201096
NXS/BTC,1583124938068,2020-03-02T04:55:38.068Z,buy,2.13e-05,924.0,0.0196812
NXS/BTC,1583124938068,2020-03-02T04:55:38.068Z,buy,2.13e-05,924.0,0.0196812
NXS/BTC,1583127892709,2020-03-02T05:44:52.709Z,buy,2.137e-05,12.0,0.00025644000000000003
NXS/BTC,1583127892709,2020-03-02T05:44:52.709Z,buy,2.138e-05,1519.0,0.03247622
NXS/BTC,1583128013792,2020-03-02T05:46:53.792Z,buy,2.148e-05,64.0,0.00137472
NXS/BTC,1583128013792,2020-03-02T05:46:53.792Z,buy,2.149e-05,35.0,0.0007521499999999999
NXS/BTC,1583128013792,2020-03-02T05:46:53.792Z,buy,2.15e-05,371.0,0.007976500000000001
NXS/BTC,1583128013792,2020-03-02T05:46:53.792Z,buy,2.151e-05,93.0,0.00200043
NXS/BTC,1583128013792,2020-03-02T05:46:53.792Z,buy,2.158e-05,268.0,0.00578344
NXS/BTC,1583128013792,2020-03-02T05:46:53.792Z,buy,2.159e-05,25.0,0.0005397500000000001
NXS/BTC,1583128013792,2020-03-02T05:46:53.792Z,buy,2.161e-05,3932.0,0.08497052000000001
NXS/BTC,1583128013792,2020-03-02T05:46:53.792Z,buy,2.162e-05,132.0,0.00285384
NXS/BTC,1583128013792,2020-03-02T05:46:53.792Z,buy,2.163e-05,59.0,0.00127617
NXS/BTC,1583128013792,2020-03-02T05:46:53.792Z,buy,2.164e-05,2805.0,0.060700199999999996
NXS/BTC,1583128013792,2020-03-02T05:46:53.792Z,buy,2.165e-05,65.0,0.00140725
NXS/BTC,1583128013792,2020-03-02T05:46:53.792Z,buy,2.166e-05,35.0,0.0007580999999999999
NXS/BTC,1583128013792,2020-03-02T05:46:53.792Z,buy,2.17e-05,2161.0,0.046893699999999996
NXS/BTC,1583128013792,2020-03-02T05:46:53.792Z,buy,2.172e-05,65.0,0.0014118
NXS/BTC,1583128013792,2020-03-02T05:46:53.792Z,buy,2.176e-05,58.0,0.0012620799999999998
NXS/BTC,1583128013792,2020-03-02T05:46:53.792Z,buy,2.177e-05,25.0,0.00054425
NXS/BTC,1583128013792,2020-03-02T05:46:53.792Z,buy,2.178e-05,307.0,0.006686460000000001
NXS/BTC,1583128013792,2020-03-02T05:46:53.792Z,buy,2.179e-05,1318.0,0.02871922
NXS/BTC,1583128013792,2020-03-02T05:46:53.792Z,buy,2.18e-05,4136.0,0.0901648
NXS/BTC,1583128013792,2020-03-02T05:46:53.792Z,buy,2.181e-05,1500.0,0.032715
NXS/BTC,1583128013792,2020-03-02T05:46:53.792Z,buy,2.183e-05,35.0,0.00076405
NXS/BTC,1583128013792,2020-03-02T05:46:53.792Z,buy,2.186e-05,205.0,0.0044813000000000006
NXS/BTC,1583128013792,2020-03-02T05:46:53.792Z,buy,2.189e-05,808.0,0.01768712
NXS/BTC,1583128013811,2020-03-02T05:46:53.811Z,sell,2.19e-05,1247.0,0.0273093
NXS/BTC,1583128013811,2020-03-02T05:46:53.811Z,sell,2.19e-05,915.0,0.0200385
NXS/BTC,1583128013813,2020-03-02T05:46:53.813Z,sell,2.19e-05,64.0,0.0014016
NXS/BTC,1583128013817,2020-03-02T05:46:53.817Z,sell,2.19e-05,746.0,0.016337400000000002
NXS/BTC,1583128013821,2020-03-02T05:46:53.821Z,buy,2.192e-05,88.0,0.00192896
NXS/BTC,1583128013828,2020-03-02T05:46:53.828Z,sell,2.19e-05,863.0,0.018899700000000002
NXS/BTC,1583128013831,2020-03-02T05:46:53.831Z,sell,2.19e-05,578.0,0.0126582
NXS/BTC,1583128013840,2020-03-02T05:46:53.840Z,sell,2.19e-05,64.0,0.0014016
NXS/BTC,1583128013849,2020-03-02T05:46:53.849Z,buy,2.191e-05,64.0,0.00140224
NXS/BTC,1583128013849,2020-03-02T05:46:53.849Z,buy,2.194e-05,65.0,0.0014261
NXS/BTC,1583128013849,2020-03-02T05:46:53.849Z,buy,2.2e-05,289.0,0.006358
NXS/BTC,1583128013849,2020-03-02T05:46:53.849Z,buy,2.201e-05,132.0,0.0029053200000000003
NXS/BTC,1583128013852,2020-03-02T05:46:53.852Z,buy,2.201e-05,242.0,0.00532642
NXS/BTC,1583128013855,2020-03-02T05:46:53.855Z,sell,2.19e-05,861.0,0.018855900000000002
NXS/BTC,1583128014055,2020-03-02T05:46:54.055Z,sell,2.19e-05,945.0,0.020695500000000002
NXS/BTC,1583128014992,2020-03-02T05:46:54.992Z,sell,2.19e-05,6.0,0.0001314
NXS/BTC,1583128015094,2020-03-02T05:46:55.094Z,sell,2.19e-05,306.0,0.0067014
NXS/BTC,1583128015964,2020-03-02T05:46:55.964Z,sell,2.19e-05,27.0,0.0005913
NXS/BTC,1583128016070,2020-03-02T05:46:56.070Z,sell,2.19e-05,46.0,0.0010074
NXS/BTC,1583128016093,2020-03-02T05:46:56.093Z,sell,2.19e-05,46.0,0.0010074
NXS/BTC,1583128016594,2020-03-02T05:46:56.594Z,sell,2.19e-05,14.0,0.0003066
NXS/BTC,1583128016958,2020-03-02T05:46:56.958Z,sell,2.19e-05,18.0,0.0003942
NXS/BTC,1583128016971,2020-03-02T05:46:56.971Z,sell,2.19e-05,1154.0,0.0252726
NXS/BTC,1583128019386,2020-03-02T05:46:59.386Z,sell,2.19e-05,115.0,0.0025185
NXS/BTC,1583128019401,2020-03-02T05:46:59.401Z,sell,2.19e-05,2966.0,0.0649554
NXS/BTC,1583128029423,2020-03-02T05:47:09.423Z,sell,2.19e-05,5.0,0.0001095
NXS/BTC,1583128033209,2020-03-02T05:47:13.209Z,sell,2.19e-05,16.0,0.0003504
NXS/BTC,1583128073850,2020-03-02T05:47:53.850Z,buy,2.201e-05,160.0,0.0035216
NXS/BTC,1583128077306,2020-03-02T05:47:57.306Z,buy,2.201e-05,10.0,0.0002201
NXS/BTC,1583128077466,2020-03-02T05:47:57.466Z,buy,2.201e-05,300.0,0.006603
NXS/BTC,1583128077487,2020-03-02T05:47:57.487Z,buy,2.201e-05,91.0,0.00200291
NXS/BTC,1583128077511,2020-03-02T05:47:57.511Z,buy,2.201e-05,37.0,0.00081437
NXS/BTC,1583128077537,2020-03-02T05:47:57.537Z,buy,2.201e-05,46.0,0.00101246
NXS/BTC,1583128077584,2020-03-02T05:47:57.584Z,buy,2.201e-05,17.0,0.00037417
NXS/BTC,1583128078974,2020-03-02T05:47:58.974Z,sell,2.201e-05,9.0,0.00019809
NXS/BTC,1583128079140,2020-03-02T05:47:59.140Z,buy,2.202e-05,46.0,0.00101292
NXS/BTC,1583128079564,2020-03-02T05:47:59.564Z,sell,2.201e-05,14.0,0.00030814000000000004
NXS/BTC,1583128086843,2020-03-02T05:48:06.843Z,sell,2.201e-05,6.0,0.00013206
NXS/BTC,1583128087170,2020-03-02T05:48:07.170Z,sell,2.201e-05,5.0,0.00011005
NXS/BTC,1583128090692,2020-03-02T05:48:10.692Z,sell,2.201e-05,80.0,0.0017608
NXS/BTC,1583128149479,2020-03-02T05:49:09.479Z,sell,2.201e-05,5.0,0.00011005
NXS/BTC,1583128150829,2020-03-02T05:49:10.829Z,sell,2.193e-05,26.0,0.00057018
NXS/BTC,1583128151397,2020-03-02T05:49:11.397Z,buy,2.202e-05,20.0,0.00044039999999999997
NXS/BTC,1583128151856,2020-03-02T05:49:11.856Z,sell,2.193e-05,46.0,0.00100878
NXS/BTC,1583128151873,2020-03-02T05:49:11.873Z,sell,2.193e-05,20.0,0.0004386
NXS/BTC,1583128151873,2020-03-02T05:49:11.873Z,sell,2.192e-05,73.0,0.00160016
NXS/BTC,1583128151909,2020-03-02T05:49:11.909Z,sell,2.192e-05,125.0,0.00274
NXS/BTC,1583128152360,2020-03-02T05:49:12.360Z,sell,2.192e-05,35.0,0.0007672
NXS/BTC,1583128172841,2020-03-02T05:49:32.841Z,buy,2.202e-05,7.0,0.00015413999999999998
NXS/BTC,1583128174909,2020-03-02T05:49:34.909Z,sell,2.192e-05,85.0,0.0018632
NXS/BTC,1583128174909,2020-03-02T05:49:34.909Z,sell,2.191e-05,5.0,0.00010954999999999999
NXS/BTC,1583128174909,2020-03-02T05:49:34.909Z,sell,2.19e-05,3.0,6.57e-05
NXS/BTC,1583128231599,2020-03-02T05:50:31.599Z,sell,2.19e-05,15.0,0.0003285
NXS/BTC,1583128299079,2020-03-02T05:51:39.079Z,sell,2.19e-05,4995.0,0.1093905
NXS/BTC,1583128533002,2020-03-02T05:55:33.002Z,buy,2.194e-05,5.0,0.0001097
NXS/BTC,1583128533002,2020-03-02T05:55:33.002Z,buy,2.194e-05,5.0,0.0001097
NXS/BTC,1583128569386,2020-03-02T05:56:09.386Z,sell,2.194e-05,5.0,0.0001097
NXS/BTC,1583128608065,2020-03-02T05:56:48.065Z,buy,2.202e-05,23.0,0.00050646
NXS/BTC,1583128724568,2020-03-02T05:58:44.568Z,sell,2.19e-05,2000.0,0.0438
NXS/BTC,1583128749305,2020-03-02T05:59:09.305Z,sell,2.19e-05,1310.0,0.028689
NXS/BTC,1583128769361,2020-03-02T05:59:29.361Z,sell,2.19e-05,4364.0,0.0955716
NXS/BTC,1583128777135,2020-03-02T05:59:37.135Z,buy,2.201e-05,81.0,0.0017828100000000001
NXS/BTC,1583128829704,2020-03-02T06:00:29.704Z,sell,2.19e-05,9.0,0.0001971
NXS/BTC,1583128830533,2020-03-02T06:00:30.533Z,buy,2.201e-05,5.0,0.00011005
NXS/BTC,1583128964922,2020-03-02T06:02:44.922Z,sell,2.19e-05,2750.0,0.060225
NXS/BTC,1583128964922,2020-03-02T06:02:44.922Z,sell,2.19e-05,31.0,0.0006789
NXS/BTC,1583130577949,2020-03-02T06:29:37.949Z,sell,2.19e-05,52.0,0.0011388
NXS/BTC,1583130799859,2020-03-02T06:33:19.859Z,sell,2.19e-05,23.0,0.0005037
NXS/BTC,1583131284298,2020-03-02T06:41:24.298Z,sell,2.191e-05,807.0,0.01768137
NXS/BTC,1583131323655,2020-03-02T06:42:03.655Z,sell,2.19e-05,14.0,0.0003066
NXS/BTC,1583131426697,2020-03-02T06:43:46.697Z,sell,2.19e-05,592.0,0.0129648
NXS/BTC,1583131441364,2020-03-02T06:44:01.364Z,sell,2.184e-05,9.0,0.00019656
NXS/BTC,1583131441376,2020-03-02T06:44:01.376Z,sell,2.184e-05,13.0,0.00028392
NXS/BTC,1583131442847,2020-03-02T06:44:02.847Z,sell,2.184e-05,3.0,6.552000000000001e-05
NXS/BTC,1583131496275,2020-03-02T06:44:56.275Z,sell,2.183e-05,35.0,0.00076405
NXS/BTC,1583131503616,2020-03-02T06:45:03.616Z,buy,2.183e-05,54.0,0.00117882
NXS/BTC,1583131511552,2020-03-02T06:45:11.552Z,buy,2.183e-05,64.0,0.00139712
NXS/BTC,1583131514041,2020-03-02T06:45:14.041Z,sell,2.176e-05,46.0,0.00100096
NXS/BTC,1583131520637,2020-03-02T06:45:20.637Z,buy,2.179e-05,10.0,0.00021789999999999998
NXS/BTC,1583131620376,2020-03-02T06:47:00.376Z,buy,2.183e-05,494.0,0.01078402
NXS/BTC,1583131620376,2020-03-02T06:47:00.376Z,buy,2.184e-05,6.0,0.00013104000000000002
NXS/BTC,1583131957702,2020-03-02T06:52:37.702Z,buy,2.19e-05,28.0,0.0006132
NXS/BTC,1583132127487,2020-03-02T06:55:27.487Z,sell,2.185e-05,8.0,0.0001748
NXS/BTC,1583132127487,2020-03-02T06:55:27.487Z,sell,2.185e-05,8.0,0.0001748
NXS/BTC,1583132530964,2020-03-02T07:02:10.964Z,sell,2.183e-05,625.0,0.01364375
NXS/BTC,1583134221324,2020-03-02T07:30:21.324Z,sell,2.176e-05,556.0,0.01209856
NXS/BTC,1583134221324,2020-03-02T07:30:21.324Z,sell,2.172e-05,444.0,0.00964368
NXS/BTC,1583134317744,2020-03-02T07:31:57.744Z,buy,2.187e-05,6.0,0.00013121999999999998
NXS/BTC,1583134339763,2020-03-02T07:32:19.763Z,buy,2.187e-05,969.0,0.02119203
NXS/BTC,1583134413070,2020-03-02T07:33:33.070Z,sell,2.187e-05,3924.0,0.08581788
NXS/BTC,1583134584767,2020-03-02T07:36:24.767Z,buy,2.187e-05,5.0,0.00010935
NXS/BTC,1583134949035,2020-03-02T07:42:29.035Z,buy,2.187e-05,3588.0,0.07846956
NXS/BTC,1583135170048,2020-03-02T07:46:10.048Z,buy,2.189e-05,64.0,0.00140096
NXS/BTC,1583135170048,2020-03-02T07:46:10.048Z,buy,2.19e-05,136.0,0.0029784
NXS/BTC,1583135170048,2020-03-02T07:46:10.048Z,buy,2.194e-05,75.0,0.0016455
NXS/BTC,1583135170048,2020-03-02T07:46:10.048Z,buy,2.199e-05,54.0,0.00118746
NXS/BTC,1583135170048,2020-03-02T07:46:10.048Z,buy,2.201e-05,35.0,0.00077035
NXS/BTC,1583135170048,2020-03-02T07:46:10.048Z,buy,2.202e-05,489.0,0.01076778
NXS/BTC,1583135170980,2020-03-02T07:46:10.980Z,buy,2.202e-05,26.0,0.00057252
NXS/BTC,1583135635347,2020-03-02T07:53:55.347Z,buy,2.188e-05,2500.0,0.0547
NXS/BTC,1583135683536,2020-03-02T07:54:43.536Z,sell,2.187e-05,5556.0,0.12150971999999999
NXS/BTC,1583135683536,2020-03-02T07:54:43.536Z,sell,2.187e-05,5556.0,0.12150971999999999
NXS/BTC,1583135963235,2020-03-02T07:59:23.235Z,buy,2.187e-05,229.0,0.00500823
NXS/BTC,1583136368157,2020-03-02T08:06:08.157Z,buy,2.187e-05,242.0,0.00529254
NXS/BTC,1583136487185,2020-03-02T08:08:07.185Z,buy,2.187e-05,7.0,0.00015308999999999999
NXS/BTC,1583137117969,2020-03-02T08:18:37.969Z,buy,2.187e-05,214.0,0.00468018
NXS/BTC,1583137175174,2020-03-02T08:19:35.174Z,buy,2.187e-05,100.0,0.0021869999999999997
NXS/BTC,1583137501228,2020-03-02T08:25:01.228Z,buy,2.187e-05,1152.0,0.02519424
NXS/BTC,1583138464695,2020-03-02T08:41:04.695Z,sell,2.187e-05,1148.0,0.02510676
NXS/BTC,1583138926077,2020-03-02T08:48:46.077Z,sell,2.187e-05,279.0,0.00610173
NXS/BTC,1583139270478,2020-03-02T08:54:30.478Z,sell,2.187e-05,262.0,0.005729939999999999
NXS/BTC,1583139270478,2020-03-02T08:54:30.478Z,sell,2.187e-05,262.0,0.005729939999999999
NXS/BTC,1583139270478,2020-03-02T08:54:30.478Z,sell,2.187e-05,262.0,0.005729939999999999
NXS/BTC,1583139270478,2020-03-02T08:54:30.478Z,sell,2.187e-05,262.0,0.005729939999999999
NXS/BTC,1583140337602,2020-03-02T09:12:17.602Z,buy,2.198e-05,6.0,0.00013188
NXS/BTC,1583140337602,2020-03-02T09:12:17.602Z,buy,2.2e-05,7.0,0.000154
NXS/BTC,1583140337602,2020-03-02T09:12:17.602Z,buy,2.202e-05,40.0,0.0008807999999999999
NXS/BTC,1583140817301,2020-03-02T09:20:17.301Z,buy,2.201e-05,5.0,0.00011005
NXS/BTC,1583140859912,2020-03-02T09:20:59.912Z,buy,2.202e-05,7.0,0.00015413999999999998
NXS/BTC,1583140921619,2020-03-02T09:22:01.619Z,sell,2.2e-05,457.0,0.010054
NXS/BTC,1583141666063,2020-03-02T09:34:26.063Z,buy,2.202e-05,49.0,0.00107898
NXS/BTC,1583141666063,2020-03-02T09:34:26.063Z,buy,2.202e-05,49.0,0.00107898
NXS/BTC,1583142911562,2020-03-02T09:55:11.562Z,sell,2.192e-05,285.0,0.0062472
NXS/BTC,1583142911562,2020-03-02T09:55:11.562Z,sell,2.188e-05,89.0,0.00194732
NXS/BTC,1583142911562,2020-03-02T09:55:11.562Z,sell,2.187e-05,701.0,0.01533087
NXS/BTC,1583143171280,2020-03-02T09:59:31.280Z,sell,2.188e-05,45.0,0.0009846
NXS/BTC,1583143531249,2020-03-02T10:05:31.249Z,sell,2.194e-05,58.0,0.00127252
NXS/BTC,1583143531249,2020-03-02T10:05:31.249Z,sell,2.193e-05,58.0,0.0012719399999999998
NXS/BTC,1583143531249,2020-03-02T10:05:31.249Z,sell,2.191e-05,58.0,0.00127078
NXS/BTC,1583143531249,2020-03-02T10:05:31.249Z,sell,2.187e-05,190.0,0.0041553
NXS/BTC,1583143597521,2020-03-02T10:06:37.521Z,buy,2.197e-05,68.0,0.0014939600000000001
NXS/BTC,1583143597521,2020-03-02T10:06:37.521Z,buy,2.2e-05,89.0,0.001958
NXS/BTC,1583143597521,2020-03-02T10:06:37.521Z,buy,2.202e-05,952.0,0.02096304
NXS/BTC,1583143597521,2020-03-02T10:06:37.521Z,buy,2.203e-05,1323.0,0.029145690000000002
NXS/BTC,1583143597521,2020-03-02T10:06:37.521Z,buy,2.204e-05,5736.0,0.12642144
NXS/BTC,1583143597521,2020-03-02T10:06:37.521Z,buy,2.205e-05,416.0,0.0091728
NXS/BTC,1583143597521,2020-03-02T10:06:37.521Z,buy,2.206e-05,45.0,0.0009927
NXS/BTC,1583143597521,2020-03-02T10:06:37.521Z,buy,2.207e-05,626.0,0.01381582
NXS/BTC,1583143597521,2020-03-02T10:06:37.521Z,buy,2.209e-05,24028.0,0.53077852
NXS/BTC,1583143597557,2020-03-02T10:06:37.557Z,sell,2.209e-05,68.0,0.00150212
NXS/BTC,1583143597594,2020-03-02T10:06:37.594Z,buy,2.21e-05,24.0,0.0005304
NXS/BTC,1583143610930,2020-03-02T10:06:50.930Z,sell,2.191e-05,46.0,0.00100786
NXS/BTC,1583143623484,2020-03-02T10:07:03.484Z,sell,2.209e-05,21.0,0.00046389
NXS/BTC,1583143625944,2020-03-02T10:07:05.944Z,buy,2.21e-05,46.0,0.0010165999999999999
NXS/BTC,1583143633958,2020-03-02T10:07:13.958Z,sell,2.21e-05,58.0,0.0012817999999999998
NXS/BTC,1583143808469,2020-03-02T10:10:08.469Z,sell,2.21e-05,5.0,0.00011049999999999999
NXS/BTC,1583144208629,2020-03-02T10:16:48.629Z,buy,2.212e-05,5.0,0.0001106
NXS/BTC,1583144208629,2020-03-02T10:16:48.629Z,buy,2.213e-05,5.0,0.00011065
NXS/BTC,1583144211316,2020-03-02T10:16:51.316Z,buy,2.213e-05,9.0,0.00019917
NXS/BTC,1583144645243,2020-03-02T10:24:05.243Z,sell,2.212e-05,224.0,0.00495488
NXS/BTC,1583144645243,2020-03-02T10:24:05.243Z,sell,2.211e-05,690.0,0.0152559
NXS/BTC,1583144645243,2020-03-02T10:24:05.243Z,sell,2.209e-05,255.0,0.00563295
NXS/BTC,1583144645370,2020-03-02T10:24:05.370Z,sell,2.209e-05,281.0,0.00620729
NXS/BTC,1583144645536,2020-03-02T10:24:05.536Z,sell,2.209e-05,929.0,0.02052161
NXS/BTC,1583144645565,2020-03-02T10:24:05.565Z,sell,2.209e-05,777.0,0.01716393
NXS/BTC,1583144645565,2020-03-02T10:24:05.565Z,sell,2.209e-05,777.0,0.01716393
NXS/BTC,1583145305727,2020-03-02T10:35:05.727Z,buy,2.212e-05,5.0,0.0001106
NXS/BTC,1583145325774,2020-03-02T10:35:25.774Z,sell,2.209e-05,5.0,0.00011045
NXS/BTC,1583145325774,2020-03-02T10:35:25.774Z,sell,2.204e-05,24.0,0.00052896
NXS/BTC,1583145325774,2020-03-02T10:35:25.774Z,sell,2.2e-05,42.0,0.000924
NXS/BTC,1583146674296,2020-03-02T10:57:54.296Z,buy,2.208e-05,131.0,0.00289248
NXS/BTC,1583146744810,2020-03-02T10:59:04.810Z,buy,2.208e-05,45.0,0.0009935999999999999
NXS/BTC,1583146744810,2020-03-02T10:59:04.810Z,buy,2.209e-05,305.0,0.00673745
NXS/BTC,1583146818152,2020-03-02T11:00:18.152Z,buy,2.209e-05,1695.0,0.03744255
NXS/BTC,1583146818152,2020-03-02T11:00:18.152Z,buy,2.211e-05,357.0,0.00789327
NXS/BTC,1583146818152,2020-03-02T11:00:18.152Z,buy,2.212e-05,109.0,0.0024110800000000003
NXS/BTC,1583146905990,2020-03-02T11:01:45.990Z,buy,2.212e-05,904.0,0.01999648
NXS/BTC,1583147272662,2020-03-02T11:07:52.662Z,buy,2.212e-05,5.0,0.0001106
NXS/BTC,1583147292062,2020-03-02T11:08:12.062Z,buy,2.212e-05,143.0,0.0031631600000000004
NXS/BTC,1583147590245,2020-03-02T11:13:10.245Z,sell,2.204e-05,5.0,0.0001102
NXS/BTC,1583147590245,2020-03-02T11:13:10.245Z,sell,2.2e-05,7.0,0.000154
NXS/BTC,1583147916541,2020-03-02T11:18:36.541Z,buy,2.211e-05,30.0,0.0006633
NXS/BTC,1583147916541,2020-03-02T11:18:36.541Z,buy,2.211e-05,30.0,0.0006633
NXS/BTC,1583148640729,2020-03-02T11:30:40.729Z,buy,2.209e-05,100.0,0.002209
NXS/BTC,1583148640729,2020-03-02T11:30:40.729Z,buy,2.21e-05,70.0,0.001547
NXS/BTC,1583148653027,2020-03-02T11:30:53.027Z,sell,2.211e-05,464.0,0.01025904
NXS/BTC,1583148890758,2020-03-02T11:34:50.758Z,buy,2.212e-05,172.0,0.00380464
NXS/BTC,1583148902749,2020-03-02T11:35:02.749Z,sell,2.211e-05,234.0,0.00517374
NXS/BTC,1583148903059,2020-03-02T11:35:03.059Z,sell,2.211e-05,164.0,0.00362604
NXS/BTC,1583149017206,2020-03-02T11:36:57.206Z,sell,2.211e-05,84.0,0.00185724
NXS/BTC,1583149113532,2020-03-02T11:38:33.532Z,sell,2.211e-05,240.0,0.0053064
NXS/BTC,1583149150317,2020-03-02T11:39:10.317Z,buy,2.212e-05,1554.0,0.034374480000000006
NXS/BTC,1583149150317,2020-03-02T11:39:10.317Z,buy,2.213e-05,132.0,0.00292116
NXS/BTC,1583149150317,2020-03-02T11:39:10.317Z,buy,2.214e-05,115.0,0.0025461000000000004
NXS/BTC,1583149150317,2020-03-02T11:39:10.317Z,buy,2.216e-05,365.0,0.0080884
NXS/BTC,1583149150317,2020-03-02T11:39:10.317Z,buy,2.217e-05,1113.0,0.02467521
NXS/BTC,1583149150317,2020-03-02T11:39:10.317Z,buy,2.218e-05,1176.0,0.02608368
NXS/BTC,1583149292678,2020-03-02T11:41:32.678Z,sell,2.203e-05,64.0,0.00140992
NXS/BTC,1583149292678,2020-03-02T11:41:32.678Z,sell,2.2e-05,2.0,4.4e-05
NXS/BTC,1583149292678,2020-03-02T11:41:32.678Z,sell,2.195e-05,117.0,0.0025681500000000004
NXS/BTC,1583149292678,2020-03-02T11:41:32.678Z,sell,2.194e-05,65.0,0.0014261
NXS/BTC,1583149292678,2020-03-02T11:41:32.678Z,sell,2.191e-05,2.0,4.382e-05
NXS/BTC,1583149913392,2020-03-02T11:51:53.392Z,sell,2.197e-05,14.0,0.00030758
NXS/BTC,1583149991803,2020-03-02T11:53:11.803Z,buy,2.215e-05,7.0,0.00015505
NXS/BTC,1583149991803,2020-03-02T11:53:11.803Z,buy,2.215e-05,7.0,0.00015505
NXS/BTC,1583151607116,2020-03-02T12:20:07.116Z,buy,2.208e-05,7.0,0.00015455999999999998
NXS/BTC,1583151848253,2020-03-02T12:24:08.253Z,buy,2.208e-05,5.0,0.0001104
NXS/BTC,1583151860531,2020-03-02T12:24:20.531Z,sell,2.201e-05,454.0,0.009992540000000001
NXS/BTC,1583151860531,2020-03-02T12:24:20.531Z,sell,2.2e-05,2.0,4.4e-05
NXS/BTC,1583152506919,2020-03-02T12:35:06.919Z,sell,2.2e-05,96.0,0.002112
NXS/BTC,1583152506919,2020-03-02T12:35:06.919Z,sell,2.189e-05,64.0,0.00140096
NXS/BTC,1583152506919,2020-03-02T12:35:06.919Z,sell,2.188e-05,90.0,0.0019692
NXS/BTC,1583152506919,2020-03-02T12:35:06.919Z,sell,2.188e-05,150.0,0.003282
NXS/BTC,1583152507067,2020-03-02T12:35:07.067Z,buy,2.188e-05,15.0,0.0003282
NXS/BTC,1583153052837,2020-03-02T12:44:12.837Z,sell,2.189e-05,10.0,0.00021889999999999998
NXS/BTC,1583153129590,2020-03-02T12:45:29.590Z,sell,2.189e-05,552.0,0.01208328
NXS/BTC,1583153129590,2020-03-02T12:45:29.590Z,sell,2.188e-05,5.0,0.0001094
NXS/BTC,1583153129606,2020-03-02T12:45:29.606Z,buy,2.188e-05,1791.0,0.03918708
NXS/BTC,1583153523052,2020-03-02T12:52:03.052Z,sell,2.196e-05,5.0,0.0001098
NXS/BTC,1583153523052,2020-03-02T12:52:03.052Z,sell,2.189e-05,363.0,0.00794607
NXS/BTC,1583153523052,2020-03-02T12:52:03.052Z,sell,2.196e-05,5.0,0.0001098
NXS/BTC,1583153523052,2020-03-02T12:52:03.052Z,sell,2.189e-05,363.0,0.00794607
NXS/BTC,1583154445115,2020-03-02T13:07:25.115Z,buy,2.203e-05,7.0,0.00015421
NXS/BTC,1583154541456,2020-03-02T13:09:01.456Z,buy,2.203e-05,472.0,0.01039816
NXS/BTC,1583154715296,2020-03-02T13:11:55.296Z,buy,2.208e-05,380.0,0.0083904
NXS/BTC,1583154848504,2020-03-02T13:14:08.504Z,buy,2.208e-05,462.0,0.01020096
NXS/BTC,1583155787129,2020-03-02T13:29:47.129Z,sell,2.19e-05,455.0,0.0099645
NXS/BTC,1583155818344,2020-03-02T13:30:18.344Z,sell,2.205e-05,135.0,0.0029767500000000002
NXS/BTC,1583155882312,2020-03-02T13:31:22.312Z,sell,2.205e-05,1389.0,0.03062745
NXS/BTC,1583155882348,2020-03-02T13:31:22.348Z,sell,2.205e-05,587.0,0.012943350000000001
NXS/BTC,1583156062608,2020-03-02T13:34:22.608Z,buy,2.206e-05,37.0,0.00081622
NXS/BTC,1583156207162,2020-03-02T13:36:47.162Z,buy,2.206e-05,5.0,0.0001103
NXS/BTC,1583156607276,2020-03-02T13:43:27.276Z,buy,2.206e-05,572.0,0.012618319999999999
NXS/BTC,1583156607276,2020-03-02T13:43:27.276Z,buy,2.211e-05,5.0,0.00011055
NXS/BTC,1583156607276,2020-03-02T13:43:27.276Z,buy,2.212e-05,318.0,0.00703416
NXS/BTC,1583156607276,2020-03-02T13:43:27.276Z,buy,2.214e-05,5.0,0.00011070000000000001
NXS/BTC,1583156607276,2020-03-02T13:43:27.276Z,buy,2.216e-05,65.0,0.0014404
NXS/BTC,1583156607276,2020-03-02T13:43:27.276Z,buy,2.217e-05,882.0,0.01955394
NXS/BTC,1583156607276,2020-03-02T13:43:27.276Z,buy,2.218e-05,153.0,0.00339354
NXS/BTC,1583156623328,2020-03-02T13:43:43.328Z,sell,2.205e-05,7.0,0.00015435
NXS/BTC,1583156623328,2020-03-02T13:43:43.328Z,sell,2.203e-05,55.0,0.00121165
NXS/BTC,1583156623328,2020-03-02T13:43:43.328Z,sell,2.205e-05,7.0,0.00015435
NXS/BTC,1583156623328,2020-03-02T13:43:43.328Z,sell,2.203e-05,55.0,0.00121165
NXS/BTC,1583157146976,2020-03-02T13:52:26.976Z,buy,2.218e-05,27.0,0.00059886
NXS/BTC,1583157350797,2020-03-02T13:55:50.797Z,sell,2.203e-05,6.0,0.00013218
NXS/BTC,1583157502048,2020-03-02T13:58:22.048Z,buy,2.218e-05,1348.0,0.02989864
NXS/BTC,1583157552489,2020-03-02T13:59:12.489Z,buy,2.219e-05,1261.0,0.02798159
NXS/BTC,1583157781858,2020-03-02T14:03:01.858Z,sell,2.203e-05,17.0,0.00037451
NXS/BTC,1583157842222,2020-03-02T14:04:02.222Z,sell,2.201e-05,35.0,0.00077035
NXS/BTC,1583157842222,2020-03-02T14:04:02.222Z,sell,2.194e-05,389.0,0.00853466
NXS/BTC,1583157842222,2020-03-02T14:04:02.222Z,sell,2.192e-05,166.0,0.0036387200000000002
NXS/BTC,1583157842222,2020-03-02T14:04:02.222Z,sell,2.191e-05,439.0,0.009618489999999999
NXS/BTC,1583157842238,2020-03-02T14:04:02.238Z,buy,2.19e-05,105.0,0.0022995
NXS/BTC,1583157842244,2020-03-02T14:04:02.244Z,buy,2.19e-05,1465.0,0.0320835
NXS/BTC,1583158132413,2020-03-02T14:08:52.413Z,sell,2.196e-05,152.0,0.00333792
NXS/BTC,1583158132413,2020-03-02T14:08:52.413Z,sell,2.195e-05,1153.0,0.02530835
NXS/BTC,1583158962264,2020-03-02T14:22:42.264Z,buy,2.195e-05,5.0,0.00010975000000000001
NXS/BTC,1583159309600,2020-03-02T14:28:29.600Z,buy,2.214e-05,7.0,0.00015498
NXS/BTC,1583159309600,2020-03-02T14:28:29.600Z,buy,2.214e-05,7.0,0.00015498
NXS/BTC,1583160478970,2020-03-02T14:47:58.970Z,buy,2.208e-05,8.0,0.00017664
NXS/BTC,1583160680388,2020-03-02T14:51:20.388Z,buy,2.208e-05,311.0,0.00686688
NXS/BTC,1583161065982,2020-03-02T14:57:45.982Z,buy,2.209e-05,962.0,0.02125058
NXS/BTC,1583161120179,2020-03-02T14:58:40.179Z,sell,2.196e-05,5.0,0.0001098
NXS/BTC,1583161120179,2020-03-02T14:58:40.179Z,sell,2.195e-05,21.0,0.00046095
NXS/BTC,1583161120179,2020-03-02T14:58:40.179Z,sell,2.189e-05,236.0,0.005166039999999999
NXS/BTC,1583161120179,2020-03-02T14:58:40.179Z,sell,2.186e-05,358.0,0.00782588
NXS/BTC,1583161120179,2020-03-02T14:58:40.179Z,sell,2.184e-05,34.0,0.0007425600000000001
NXS/BTC,1583161220295,2020-03-02T15:00:20.295Z,buy,2.203e-05,64.0,0.00140992
NXS/BTC,1583161220295,2020-03-02T15:00:20.295Z,buy,2.209e-05,355.0,0.00784195
NXS/BTC,1583161220295,2020-03-02T15:00:20.295Z,buy,2.21e-05,964.0,0.021304399999999998
NXS/BTC,1583161364926,2020-03-02T15:02:44.926Z,buy,2.209e-05,10.0,0.0002209
NXS/BTC,1583161441997,2020-03-02T15:04:01.997Z,buy,2.209e-05,46.0,0.00101614
NXS/BTC,1583161458502,2020-03-02T15:04:18.502Z,sell,2.195e-05,5.0,0.00010975000000000001
NXS/BTC,1583161458502,2020-03-02T15:04:18.502Z,sell,2.192e-05,316.0,0.00692672
NXS/BTC,1583161458502,2020-03-02T15:04:18.502Z,sell,2.191e-05,135.0,0.0029578499999999997
NXS/BTC,1583162729783,2020-03-02T15:25:29.783Z,sell,2.195e-05,47.0,0.00103165
NXS/BTC,1583162729783,2020-03-02T15:25:29.783Z,sell,2.191e-05,666.0,0.014592059999999999
NXS/BTC,1583162729783,2020-03-02T15:25:29.783Z,sell,2.189e-05,64.0,0.00140096
NXS/BTC,1583162729783,2020-03-02T15:25:29.783Z,sell,2.188e-05,2277.0,0.04982076
NXS/BTC,1583162729783,2020-03-02T15:25:29.783Z,sell,2.183e-05,506.0,0.01104598
NXS/BTC,1583162729783,2020-03-02T15:25:29.783Z,sell,2.182e-05,7.0,0.00015274
NXS/BTC,1583162729783,2020-03-02T15:25:29.783Z,sell,2.181e-05,17.0,0.00037077
NXS/BTC,1583162729783,2020-03-02T15:25:29.783Z,sell,2.18e-05,5.0,0.000109
NXS/BTC,1583162729783,2020-03-02T15:25:29.783Z,sell,2.179e-05,24.0,0.00052296
NXS/BTC,1583162729783,2020-03-02T15:25:29.783Z,sell,2.178e-05,711.0,0.01548558
NXS/BTC,1583162729783,2020-03-02T15:25:29.783Z,sell,2.177e-05,96.0,0.00208992
NXS/BTC,1583162729783,2020-03-02T15:25:29.783Z,sell,2.176e-05,70.0,0.0015232
NXS/BTC,1583162729783,2020-03-02T15:25:29.783Z,sell,2.175e-05,2408.0,0.052374
NXS/BTC,1583162729783,2020-03-02T15:25:29.783Z,sell,2.175e-05,73.0,0.00158775
NXS/BTC,1583162741744,2020-03-02T15:25:41.744Z,buy,2.199e-05,68.0,0.00149532
NXS/BTC,1583162742674,2020-03-02T15:25:42.674Z,sell,2.191e-05,35.0,0.0007668499999999999
NXS/BTC,1583162742674,2020-03-02T15:25:42.674Z,sell,2.189e-05,29.0,0.00063481
NXS/BTC,1583162742674,2020-03-02T15:25:42.674Z,sell,2.191e-05,35.0,0.0007668499999999999
NXS/BTC,1583162742674,2020-03-02T15:25:42.674Z,sell,2.189e-05,29.0,0.00063481
NXS/BTC,1583164327009,2020-03-02T15:52:07.009Z,buy,2.199e-05,334.0,0.00734466
NXS/BTC,1583164327009,2020-03-02T15:52:07.009Z,buy,2.201e-05,55.0,0.0012105500000000001
NXS/BTC,1583164327009,2020-03-02T15:52:07.009Z,buy,2.203e-05,64.0,0.00140992
NXS/BTC,1583164327009,2020-03-02T15:52:07.009Z,buy,2.204e-05,366.0,0.00806664
NXS/BTC,1583164327009,2020-03-02T15:52:07.009Z,buy,2.205e-05,2590.0,0.0571095
NXS/BTC,1583164327009,2020-03-02T15:52:07.009Z,buy,2.206e-05,7923.0,0.17478138
NXS/BTC,1583164353482,2020-03-02T15:52:33.482Z,sell,2.19e-05,382.0,0.0083658
NXS/BTC,1583164671410,2020-03-02T15:57:51.410Z,sell,2.19e-05,583.0,0.0127677
NXS/BTC,1583164852540,2020-03-02T16:00:52.540Z,sell,2.19e-05,21.0,0.0004599
NXS/BTC,1583164894882,2020-03-02T16:01:34.882Z,sell,2.19e-05,120.0,0.002628
NXS/BTC,1583165274659,2020-03-02T16:07:54.659Z,sell,2.19e-05,60.0,0.001314
NXS/BTC,1583166072167,2020-03-02T16:21:12.167Z,buy,2.205e-05,2.0,4.41e-05
NXS/BTC,1583166072167,2020-03-02T16:21:12.167Z,buy,2.205e-05,2.0,4.41e-05
NXS/BTC,1583166393032,2020-03-02T16:26:33.032Z,sell,2.198e-05,47.0,0.00103306
NXS/BTC,1583166470870,2020-03-02T16:27:50.870Z,buy,2.205e-05,74.0,0.0016317
NXS/BTC,1583167019827,2020-03-02T16:36:59.827Z,buy,2.205e-05,5.0,0.00011025
NXS/BTC,1583167023492,2020-03-02T16:37:03.492Z,buy,2.205e-05,28.0,0.0006174
NXS/BTC,1583167023652,2020-03-02T16:37:03.652Z,buy,2.205e-05,82.0,0.0018081
NXS/BTC,1583167023734,2020-03-02T16:37:03.734Z,buy,2.205e-05,95.0,0.0020947500000000003
NXS/BTC,1583167023898,2020-03-02T16:37:03.898Z,buy,2.205e-05,71.0,0.00156555
NXS/BTC,1583167031055,2020-03-02T16:37:11.055Z,buy,2.206e-05,5.0,0.0001103
NXS/BTC,1583167085791,2020-03-02T16:38:05.791Z,buy,2.206e-05,23.0,0.00050738
NXS/BTC,1583167103500,2020-03-02T16:38:23.500Z,buy,2.206e-05,46.0,0.00101476
NXS/BTC,1583167103503,2020-03-02T16:38:23.503Z,buy,2.206e-05,136.0,0.00300016
NXS/BTC,1583167103535,2020-03-02T16:38:23.535Z,buy,2.206e-05,10.0,0.0002206
NXS/BTC,1583167103978,2020-03-02T16:38:23.978Z,buy,2.206e-05,136.0,0.00300016
NXS/BTC,1583167129880,2020-03-02T16:38:49.880Z,buy,2.206e-05,5.0,0.0001103
NXS/BTC,1583167154998,2020-03-02T16:39:14.998Z,buy,2.206e-05,136.0,0.00300016
NXS/BTC,1583167155878,2020-03-02T16:39:15.878Z,buy,2.206e-05,229.0,0.00505174
NXS/BTC,1583167159440,2020-03-02T16:39:19.440Z,sell,2.201e-05,28.0,0.0006162800000000001
NXS/BTC,1583167160140,2020-03-02T16:39:20.140Z,buy,2.201e-05,1175.0,0.025861750000000003
NXS/BTC,1583167381192,2020-03-02T16:43:01.192Z,sell,2.201e-05,2472.0,0.05440872
NXS/BTC,1583167381192,2020-03-02T16:43:01.192Z,sell,2.201e-05,53.0,0.00116653
NXS/BTC,1583167381236,2020-03-02T16:43:01.236Z,buy,2.201e-05,53.0,0.00116653
NXS/BTC,1583167385237,2020-03-02T16:43:05.237Z,sell,2.197e-05,252.0,0.00553644
NXS/BTC,1583167386266,2020-03-02T16:43:06.266Z,sell,2.197e-05,134.0,0.00294398
NXS/BTC,1583167386266,2020-03-02T16:43:06.266Z,sell,2.196e-05,89.0,0.00195444
NXS/BTC,1583167386266,2020-03-02T16:43:06.266Z,sell,2.193e-05,1066.0,0.02337738
NXS/BTC,1583167532005,2020-03-02T16:45:32.005Z,sell,2.193e-05,111.0,0.00243423
NXS/BTC,1583168575465,2020-03-02T17:02:55.465Z,sell,2.199e-05,221.0,0.00485979
NXS/BTC,1583168916775,2020-03-02T17:08:36.775Z,buy,2.199e-05,5.0,0.00010995
NXS/BTC,1583168916790,2020-03-02T17:08:36.790Z,sell,2.204e-05,541.0,0.01192364
NXS/BTC,1583169083889,2020-03-02T17:11:23.889Z,buy,2.206e-05,2422.0,0.053429319999999995
NXS/BTC,1583169297071,2020-03-02T17:14:57.071Z,buy,2.208e-05,50.0,0.001104
NXS/BTC,1583169297071,2020-03-02T17:14:57.071Z,buy,2.21e-05,1809.0,0.0399789
NXS/BTC,1583169326620,2020-03-02T17:15:26.620Z,buy,2.209e-05,5.0,0.00011045
NXS/BTC,1583169326620,2020-03-02T17:15:26.620Z,buy,2.209e-05,5.0,0.00011045
NXS/BTC,1583169719740,2020-03-02T17:21:59.740Z,buy,2.209e-05,5.0,0.00011045
NXS/BTC,1583169811195,2020-03-02T17:23:31.195Z,buy,2.21e-05,135.0,0.0029834999999999996
NXS/BTC,1583169930214,2020-03-02T17:25:30.214Z,buy,2.21e-05,116.0,0.0025635999999999996
NXS/BTC,1583169957327,2020-03-02T17:25:57.327Z,sell,2.214e-05,6.0,0.00013284
NXS/BTC,1583169957667,2020-03-02T17:25:57.667Z,sell,2.214e-05,779.0,0.01724706
NXS/BTC,1583169973811,2020-03-02T17:26:13.811Z,buy,2.215e-05,5.0,0.00011075
NXS/BTC,1583169975619,2020-03-02T17:26:15.619Z,buy,2.216e-05,65.0,0.0014404
NXS/BTC,1583169975619,2020-03-02T17:26:15.619Z,buy,2.217e-05,64.0,0.00141888
NXS/BTC,1583169975619,2020-03-02T17:26:15.619Z,buy,2.219e-05,35.0,0.0007766499999999999
NXS/BTC,1583169975619,2020-03-02T17:26:15.619Z,buy,2.22e-05,152.0,0.0033744
NXS/BTC,1583169975668,2020-03-02T17:26:15.668Z,buy,2.22e-05,44.0,0.0009768
NXS/BTC,1583169975723,2020-03-02T17:26:15.723Z,buy,2.22e-05,93.0,0.0020646
NXS/BTC,1583169975723,2020-03-02T17:26:15.723Z,buy,2.223e-05,53.0,0.00117819
NXS/BTC,1583169975723,2020-03-02T17:26:15.723Z,buy,2.224e-05,471.0,0.01047504
NXS/BTC,1583169975723,2020-03-02T17:26:15.723Z,buy,2.225e-05,795.0,0.01768875
NXS/BTC,1583169975723,2020-03-02T17:26:15.723Z,buy,2.228e-05,7.0,0.00015596
NXS/BTC,1583169975723,2020-03-02T17:26:15.723Z,buy,2.229e-05,16.0,0.00035664
NXS/BTC,1583169975723,2020-03-02T17:26:15.723Z,buy,2.23e-05,64.0,0.0014272
NXS/BTC,1583169975723,2020-03-02T17:26:15.723Z,buy,2.231e-05,307.0,0.006849170000000001
NXS/BTC,1583169975925,2020-03-02T17:26:15.925Z,buy,2.231e-05,136.0,0.00303416
NXS/BTC,1583169976288,2020-03-02T17:26:16.288Z,buy,2.228e-05,14.0,0.00031192
NXS/BTC,1583169976476,2020-03-02T17:26:16.476Z,buy,2.228e-05,8.0,0.00017824
NXS/BTC,1583169976476,2020-03-02T17:26:16.476Z,buy,2.231e-05,128.0,0.00285568
NXS/BTC,1583169976478,2020-03-02T17:26:16.478Z,buy,2.231e-05,1445.0,0.03223795
NXS/BTC,1583169976478,2020-03-02T17:26:16.478Z,buy,2.232e-05,951.0,0.02122632
NXS/BTC,1583169976478,2020-03-02T17:26:16.478Z,buy,2.234e-05,251.0,0.00560734
NXS/BTC,1583169976478,2020-03-02T17:26:16.478Z,buy,2.235e-05,34.0,0.0007599
NXS/BTC,1583169976478,2020-03-02T17:26:16.478Z,buy,2.236e-05,27.0,0.00060372
NXS/BTC,1583169976523,2020-03-02T17:26:16.523Z,buy,2.236e-05,46.0,0.00102856
NXS/BTC,1583169976896,2020-03-02T17:26:16.896Z,buy,2.235e-05,5.0,0.00011175
NXS/BTC,1583169976934,2020-03-02T17:26:16.934Z,buy,2.236e-05,46.0,0.00102856
NXS/BTC,1583169977049,2020-03-02T17:26:17.049Z,buy,2.236e-05,44.0,0.00098384
NXS/BTC,1583169977092,2020-03-02T17:26:17.092Z,buy,2.236e-05,46.0,0.00102856
NXS/BTC,1583169977440,2020-03-02T17:26:17.440Z,buy,2.228e-05,5.0,0.0001114
NXS/BTC,1583169977440,2020-03-02T17:26:17.440Z,buy,2.236e-05,40.0,0.0008944
NXS/BTC,1583169977466,2020-03-02T17:26:17.466Z,buy,2.236e-05,46.0,0.00102856
NXS/BTC,1583169977615,2020-03-02T17:26:17.615Z,buy,2.236e-05,1851.0,0.04138836
NXS/BTC,1583169977681,2020-03-02T17:26:17.681Z,buy,2.236e-05,5.0,0.0001118
NXS/BTC,1583169977886,2020-03-02T17:26:17.886Z,buy,2.236e-05,45.0,0.0010062
NXS/BTC,1583169978537,2020-03-02T17:26:18.537Z,buy,2.236e-05,22.0,0.00049192
NXS/BTC,1583169979057,2020-03-02T17:26:19.057Z,sell,2.228e-05,13.0,0.00028964
NXS/BTC,1583169979359,2020-03-02T17:26:19.359Z,sell,2.227e-05,13.0,0.00028951
NXS/BTC,1583169980202,2020-03-02T17:26:20.202Z,sell,2.231e-05,43.0,0.0009593300000000001
NXS/BTC,1583169981116,2020-03-02T17:26:21.116Z,buy,2.231e-05,10.0,0.0002231
NXS/BTC,1583169981902,2020-03-02T17:26:21.902Z,buy,2.231e-05,3.0,6.693000000000001e-05
NXS/BTC,1583169981986,2020-03-02T17:26:21.986Z,sell,2.235e-05,17.0,0.00037995
NXS/BTC,1583169983114,2020-03-02T17:26:23.114Z,buy,2.236e-05,9.0,0.00020124
NXS/BTC,1583169983164,2020-03-02T17:26:23.164Z,buy,2.236e-05,9.0,0.00020124
NXS/BTC,1583169983349,2020-03-02T17:26:23.349Z,sell,2.235e-05,21.0,0.00046935
NXS/BTC,1583169983541,2020-03-02T17:26:23.541Z,buy,2.236e-05,5.0,0.0001118
NXS/BTC,1583169983799,2020-03-02T17:26:23.799Z,buy,2.236e-05,90.0,0.0020124
NXS/BTC,1583169983803,2020-03-02T17:26:23.803Z,buy,2.236e-05,162.0,0.00362232
NXS/BTC,1583169984069,2020-03-02T17:26:24.069Z,buy,2.238e-05,90.0,0.0020142
NXS/BTC,1583169984252,2020-03-02T17:26:24.252Z,buy,2.238e-05,23.0,0.00051474
NXS/BTC,1583169984413,2020-03-02T17:26:24.413Z,buy,2.238e-05,52.0,0.00116376
NXS/BTC,1583169984413,2020-03-02T17:26:24.413Z,buy,2.24e-05,8.0,0.0001792
NXS/BTC,1583169984413,2020-03-02T17:26:24.413Z,buy,2.241e-05,50.0,0.0011205
NXS/BTC,1583169984413,2020-03-02T17:26:24.413Z,buy,2.244e-05,25.0,0.000561
NXS/BTC,1583169984712,2020-03-02T17:26:24.712Z,buy,2.244e-05,45.0,0.0010098
NXS/BTC,1583169984833,2020-03-02T17:26:24.833Z,buy,2.244e-05,45.0,0.0010098
NXS/BTC,1583169984954,2020-03-02T17:26:24.954Z,buy,2.244e-05,45.0,0.0010098
NXS/BTC,1583169985297,2020-03-02T17:26:25.297Z,buy,2.244e-05,45.0,0.0010098
NXS/BTC,1583169985429,2020-03-02T17:26:25.429Z,buy,2.244e-05,224.0,0.005026559999999999
NXS/BTC,1583169985555,2020-03-02T17:26:25.555Z,sell,2.236e-05,62.0,0.00138632
NXS/BTC,1583169985937,2020-03-02T17:26:25.937Z,sell,2.235e-05,35.0,0.0007822500000000001
NXS/BTC,1583169990033,2020-03-02T17:26:30.033Z,buy,2.236e-05,172.0,0.00384592
NXS/BTC,1583169990143,2020-03-02T17:26:30.143Z,sell,2.236e-05,30.0,0.0006707999999999999
NXS/BTC,1583169990235,2020-03-02T17:26:30.235Z,sell,2.235e-05,5.0,0.00011175
NXS/BTC,1583169990235,2020-03-02T17:26:30.235Z,sell,2.225e-05,52.0,0.001157
NXS/BTC,1583169991729,2020-03-02T17:26:31.729Z,buy,2.244e-05,14.0,0.00031415999999999996
NXS/BTC,1583169991729,2020-03-02T17:26:31.729Z,buy,2.245e-05,34.0,0.0007633
NXS/BTC,1583169991729,2020-03-02T17:26:31.729Z,buy,2.247e-05,5.0,0.00011235
NXS/BTC,1583169995824,2020-03-02T17:26:35.824Z,sell,2.225e-05,104.0,0.002314
NXS/BTC,1583169995824,2020-03-02T17:26:35.824Z,sell,2.221e-05,219.0,0.0048639899999999995
NXS/BTC,1583169995853,2020-03-02T17:26:35.853Z,sell,2.226e-05,49.0,0.00109074
NXS/BTC,1583169995864,2020-03-02T17:26:35.864Z,sell,2.226e-05,41.0,0.00091266
NXS/BTC,1583169995864,2020-03-02T17:26:35.864Z,sell,2.221e-05,138.0,0.0030649799999999997
NXS/BTC,1583169995864,2020-03-02T17:26:35.864Z,sell,2.22e-05,145.0,0.003219
NXS/BTC,1583169995866,2020-03-02T17:26:35.866Z,sell,2.22e-05,269.0,0.0059718
NXS/BTC,1583169995866,2020-03-02T17:26:35.866Z,sell,2.219e-05,101.0,0.00224119
NXS/BTC,1583169998478,2020-03-02T17:26:38.478Z,sell,2.229e-05,46.0,0.00102534
NXS/BTC,1583170000317,2020-03-02T17:26:40.317Z,buy,2.23e-05,64.0,0.0014272
NXS/BTC,1583170007879,2020-03-02T17:26:47.879Z,sell,2.219e-05,205.0,0.0045489499999999995
NXS/BTC,1583170037108,2020-03-02T17:27:17.108Z,buy,2.23e-05,9.0,0.0002007
NXS/BTC,1583170060456,2020-03-02T17:27:40.456Z,buy,2.236e-05,48.0,0.00107328
NXS/BTC,1583170070542,2020-03-02T17:27:50.542Z,buy,2.236e-05,29.0,0.00064844
NXS/BTC,1583170097951,2020-03-02T17:28:17.951Z,buy,2.236e-05,55.0,0.0012297999999999999
NXS/BTC,1583170097968,2020-03-02T17:28:17.968Z,sell,2.236e-05,393.0,0.00878748
NXS/BTC,1583170098825,2020-03-02T17:28:18.825Z,buy,2.243e-05,23.0,0.00051589
NXS/BTC,1583170098927,2020-03-02T17:28:18.927Z,sell,2.243e-05,47.0,0.00105421
NXS/BTC,1583170100424,2020-03-02T17:28:20.424Z,sell,2.243e-05,6.0,0.00013458
NXS/BTC,1583170117037,2020-03-02T17:28:37.037Z,sell,2.243e-05,66.0,0.00148038
NXS/BTC,1583170148472,2020-03-02T17:29:08.472Z,sell,2.243e-05,5.0,0.00011215
NXS/BTC,1583170151002,2020-03-02T17:29:11.002Z,buy,2.243e-05,6.0,0.00013458
NXS/BTC,1583170153565,2020-03-02T17:29:13.565Z,buy,2.243e-05,90.0,0.0020187
NXS/BTC,1583170153633,2020-03-02T17:29:13.633Z,buy,2.243e-05,109.0,0.00244487
NXS/BTC,1583170175259,2020-03-02T17:29:35.259Z,buy,2.244e-05,9.0,0.00020196
NXS/BTC,1583170185162,2020-03-02T17:29:45.162Z,buy,2.244e-05,150.0,0.0033659999999999996
NXS/BTC,1583170186225,2020-03-02T17:29:46.225Z,sell,2.244e-05,14.0,0.00031415999999999996
NXS/BTC,1583170208679,2020-03-02T17:30:08.679Z,sell,2.244e-05,5.0,0.00011219999999999999
NXS/BTC,1583170226410,2020-03-02T17:30:26.410Z,buy,2.247e-05,50.0,0.0011235
NXS/BTC,1583170227305,2020-03-02T17:30:27.305Z,buy,2.248e-05,154.0,0.0034619200000000003
NXS/BTC,1583170229757,2020-03-02T17:30:29.757Z,sell,2.247e-05,132.0,0.00296604
NXS/BTC,1583170229757,2020-03-02T17:30:29.757Z,sell,2.244e-05,671.0,0.01505724
NXS/BTC,1583170229757,2020-03-02T17:30:29.757Z,sell,2.237e-05,24.0,0.00053688
NXS/BTC,1583170229757,2020-03-02T17:30:29.757Z,sell,2.231e-05,89.0,0.00198559
NXS/BTC,1583170229757,2020-03-02T17:30:29.757Z,sell,2.23e-05,64.0,0.0014272
NXS/BTC,1583170229757,2020-03-02T17:30:29.757Z,sell,2.226e-05,11.0,0.00024486
NXS/BTC,1583170229757,2020-03-02T17:30:29.757Z,sell,2.226e-05,20.0,0.0004452
NXS/BTC,1583170237898,2020-03-02T17:30:37.898Z,sell,2.228e-05,45.0,0.0010026
NXS/BTC,1583170245733,2020-03-02T17:30:45.733Z,sell,2.225e-05,13.0,0.00028925
NXS/BTC,1583171133281,2020-03-02T17:45:33.281Z,buy,2.239e-05,23.0,0.00051497
NXS/BTC,1583171416533,2020-03-02T17:50:16.533Z,sell,2.226e-05,444.0,0.00988344
NXS/BTC,1583171416533,2020-03-02T17:50:16.533Z,sell,2.219e-05,281.0,0.0062353899999999995
NXS/BTC,1583171416533,2020-03-02T17:50:16.533Z,sell,2.217e-05,267.0,0.00591939
NXS/BTC,1583171416533,2020-03-02T17:50:16.533Z,sell,2.216e-05,65.0,0.0014404
NXS/BTC,1583171416533,2020-03-02T17:50:16.533Z,sell,2.215e-05,769.0,0.01703335
NXS/BTC,1583171416533,2020-03-02T17:50:16.533Z,sell,2.214e-05,205.0,0.0045387000000000005
NXS/BTC,1583171416533,2020-03-02T17:50:16.533Z,sell,2.212e-05,16.0,0.00035392
NXS/BTC,1583171416533,2020-03-02T17:50:16.533Z,sell,2.21e-05,3980.0,0.087958
NXS/BTC,1583171416552,2020-03-02T17:50:16.552Z,buy,2.21e-05,3398.0,0.07509579999999999
NXS/BTC,1583171416568,2020-03-02T17:50:16.568Z,sell,2.21e-05,218.0,0.0048178
NXS/BTC,1583171416568,2020-03-02T17:50:16.568Z,sell,2.209e-05,225.0,0.00497025
NXS/BTC,1583171416603,2020-03-02T17:50:16.603Z,sell,2.208e-05,38.0,0.00083904
NXS/BTC,1583171418712,2020-03-02T17:50:18.712Z,buy,2.224e-05,6.0,0.00013344
NXS/BTC,1583171446571,2020-03-02T17:50:46.571Z,buy,2.223e-05,444.0,0.00987012
NXS/BTC,1583171446571,2020-03-02T17:50:46.571Z,buy,2.224e-05,22.0,0.00048928
NXS/BTC,1583171447971,2020-03-02T17:50:47.971Z,sell,2.208e-05,172.0,0.00379776
NXS/BTC,1583171593979,2020-03-02T17:53:13.979Z,buy,2.223e-05,2.0,4.446e-05
NXS/BTC,1583171988977,2020-03-02T17:59:48.977Z,sell,2.206e-05,448.0,0.00988288
NXS/BTC,1583171988977,2020-03-02T17:59:48.977Z,sell,2.205e-05,4344.0,0.0957852
NXS/BTC,1583172203897,2020-03-02T18:03:23.897Z,buy,2.218e-05,9.0,0.00019962000000000002
NXS/BTC,1583172203897,2020-03-02T18:03:23.897Z,buy,2.222e-05,106.0,0.00235532
NXS/BTC,1583172585324,2020-03-02T18:09:45.324Z,buy,2.218e-05,7.0,0.00015526
NXS/BTC,1583172712189,2020-03-02T18:11:52.189Z,buy,2.218e-05,8.0,0.00017744
NXS/BTC,1583172737339,2020-03-02T18:12:17.339Z,buy,2.218e-05,5.0,0.00011090000000000001
NXS/BTC,1583172737339,2020-03-02T18:12:17.339Z,buy,2.218e-05,5.0,0.00011090000000000001
NXS/BTC,1583172938364,2020-03-02T18:15:38.364Z,buy,2.215e-05,88.0,0.0019491999999999999
NXS/BTC,1583172938381,2020-03-02T18:15:38.381Z,sell,2.216e-05,670.0,0.014847200000000001
NXS/BTC,1583173179048,2020-03-02T18:19:39.048Z,sell,2.216e-05,5.0,0.00011080000000000001
NXS/BTC,1583173179048,2020-03-02T18:19:39.048Z,sell,2.205e-05,187.0,0.0041233500000000005
NXS/BTC,1583173788956,2020-03-02T18:29:48.956Z,sell,2.211e-05,90.0,0.0019899
NXS/BTC,1583173796418,2020-03-02T18:29:56.418Z,sell,2.206e-05,72.0,0.0015883199999999998
NXS/BTC,1583173796418,2020-03-02T18:29:56.418Z,sell,2.205e-05,76.0,0.0016758
NXS/BTC,1583173796418,2020-03-02T18:29:56.418Z,sell,2.204e-05,102.0,0.00224808
NXS/BTC,1583173835407,2020-03-02T18:30:35.407Z,sell,2.205e-05,72.0,0.0015876
NXS/BTC,1583173835407,2020-03-02T18:30:35.407Z,sell,2.204e-05,148.0,0.0032619199999999998
NXS/BTC,1583173835407,2020-03-02T18:30:35.407Z,sell,2.203e-05,475.0,0.01046425
NXS/BTC,1583173835407,2020-03-02T18:30:35.407Z,sell,2.202e-05,41.0,0.0009028199999999999
NXS/BTC,1583173835407,2020-03-02T18:30:35.407Z,sell,2.201e-05,35.0,0.00077035
NXS/BTC,1583173835407,2020-03-02T18:30:35.407Z,sell,2.2e-05,46.0,0.0010119999999999999
NXS/BTC,1583173835407,2020-03-02T18:30:35.407Z,sell,2.199e-05,138.0,0.00303462
NXS/BTC,1583173835407,2020-03-02T18:30:35.407Z,sell,2.198e-05,586.0,0.01288028
NXS/BTC,1583173835407,2020-03-02T18:30:35.407Z,sell,2.198e-05,27.0,0.00059346
NXS/BTC,1583173835694,2020-03-02T18:30:35.694Z,sell,2.198e-05,58.0,0.00127484
NXS/BTC,1583173894436,2020-03-02T18:31:34.436Z,buy,2.211e-05,6.0,0.00013266
NXS/BTC,1583173992339,2020-03-02T18:33:12.339Z,sell,2.197e-05,23.0,0.00050531
NXS/BTC,1583173992339,2020-03-02T18:33:12.339Z,sell,2.196e-05,816.0,0.01791936
NXS/BTC,1583174827697,2020-03-02T18:47:07.697Z,buy,2.203e-05,10.0,0.00022030000000000002
NXS/BTC,1583174935358,2020-03-02T18:48:55.358Z,buy,2.203e-05,29.0,0.00063887
NXS/BTC,1583174935601,2020-03-02T18:48:55.601Z,buy,2.203e-05,158.0,0.00348074
NXS/BTC,1583175482152,2020-03-02T18:58:02.152Z,buy,2.21e-05,170.0,0.003757
NXS/BTC,1583175482152,2020-03-02T18:58:02.152Z,buy,2.211e-05,13.0,0.00028743
NXS/BTC,1583175482152,2020-03-02T18:58:02.152Z,buy,2.212e-05,7.0,0.00015484
NXS/BTC,1583175482152,2020-03-02T18:58:02.152Z,buy,2.216e-05,322.0,0.00713552
NXS/BTC,1583175482152,2020-03-02T18:58:02.152Z,buy,2.217e-05,64.0,0.00141888
NXS/BTC,1583175482152,2020-03-02T18:58:02.152Z,buy,2.219e-05,35.0,0.0007766499999999999
NXS/BTC,1583175482239,2020-03-02T18:58:02.239Z,sell,2.223e-05,1043.0,0.023185889999999997
NXS/BTC,1583175555579,2020-03-02T18:59:15.579Z,buy,2.224e-05,9.0,0.00020016
NXS/BTC,1583175760647,2020-03-02T19:02:40.647Z,sell,2.204e-05,8.0,0.00017632
NXS/BTC,1583175773730,2020-03-02T19:02:53.730Z,sell,2.204e-05,9.0,0.00019836
NXS/BTC,1583175935595,2020-03-02T19:05:35.595Z,sell,2.204e-05,7391.0,0.16289763999999998
NXS/BTC,1583175935615,2020-03-02T19:05:35.615Z,sell,2.203e-05,64.0,0.00140992
NXS/BTC,1583176058575,2020-03-02T19:07:38.575Z,sell,2.201e-05,35.0,0.00077035
NXS/BTC,1583176058575,2020-03-02T19:07:38.575Z,sell,2.195e-05,235.0,0.0051582500000000005
NXS/BTC,1583176058575,2020-03-02T19:07:38.575Z,sell,2.194e-05,65.0,0.0014261
NXS/BTC,1583176058575,2020-03-02T19:07:38.575Z,sell,2.192e-05,319.0,0.00699248
NXS/BTC,1583176101929,2020-03-02T19:08:21.929Z,buy,2.2e-05,5.0,0.00010999999999999999
NXS/BTC,1583176144486,2020-03-02T19:09:04.486Z,sell,2.191e-05,2604.0,0.057053639999999996
NXS/BTC,1583176167189,2020-03-02T19:09:27.189Z,buy,2.21e-05,8.0,0.0001768
NXS/BTC,1583176167189,2020-03-02T19:09:27.189Z,buy,2.21e-05,8.0,0.0001768
NXS/BTC,1583176373105,2020-03-02T19:12:53.105Z,buy,2.215e-05,510.0,0.0112965
NXS/BTC,1583176468698,2020-03-02T19:14:28.698Z,sell,2.191e-05,99.0,0.00216909
NXS/BTC,1583176659352,2020-03-02T19:17:39.352Z,buy,2.215e-05,5133.0,0.11369595
NXS/BTC,1583176893259,2020-03-02T19:21:33.259Z,buy,2.213e-05,46.0,0.00101798
NXS/BTC,1583176966257,2020-03-02T19:22:46.257Z,sell,2.191e-05,45.0,0.00098595
NXS/BTC,1583177033645,2020-03-02T19:23:53.645Z,buy,2.215e-05,5.0,0.00011075
NXS/BTC,1583177863386,2020-03-02T19:37:43.386Z,buy,2.208e-05,357.0,0.00788256
NXS/BTC,1583177863386,2020-03-02T19:37:43.386Z,buy,2.209e-05,3902.0,0.08619518
NXS/BTC,1583177863386,2020-03-02T19:37:43.386Z,buy,2.21e-05,1869.0,0.0413049
NXS/BTC,1583177863386,2020-03-02T19:37:43.386Z,buy,2.212e-05,431.0,0.00953372
NXS/BTC,1583177863386,2020-03-02T19:37:43.386Z,buy,2.213e-05,3441.0,0.07614933
NXS/BTC,1583177865918,2020-03-02T19:37:45.918Z,buy,2.211e-05,46.0,0.00101706
NXS/BTC,1583177865969,2020-03-02T19:37:45.969Z,buy,2.211e-05,10.0,0.0002211
NXS/BTC,1583177865975,2020-03-02T19:37:45.975Z,buy,2.211e-05,10.0,0.0002211
NXS/BTC,1583177865982,2020-03-02T19:37:45.982Z,buy,2.211e-05,46.0,0.00101706
NXS/BTC,1583177865999,2020-03-02T19:37:45.999Z,buy,2.211e-05,46.0,0.00101706
NXS/BTC,1583177866214,2020-03-02T19:37:46.214Z,buy,2.211e-05,82.0,0.00181302
NXS/BTC,1583177866356,2020-03-02T19:37:46.356Z,buy,2.211e-05,136.0,0.00300696
NXS/BTC,1583177866542,2020-03-02T19:37:46.542Z,buy,2.211e-05,136.0,0.00300696
NXS/BTC,1583177866570,2020-03-02T19:37:46.570Z,buy,2.211e-05,10.0,0.0002211
NXS/BTC,1583177866893,2020-03-02T19:37:46.893Z,buy,2.211e-05,95.0,0.00210045
NXS/BTC,1583177899072,2020-03-02T19:38:19.072Z,sell,2.202e-05,379.0,0.00834558
NXS/BTC,1583177899072,2020-03-02T19:38:19.072Z,sell,2.192e-05,220.0,0.0048224
NXS/BTC,1583177934484,2020-03-02T19:38:54.484Z,buy,2.208e-05,254.0,0.00560832
NXS/BTC,1583177934484,2020-03-02T19:38:54.484Z,buy,2.209e-05,4246.0,0.09379414
NXS/BTC,1583178135122,2020-03-02T19:42:15.122Z,buy,2.216e-05,65.0,0.0014404
NXS/BTC,1583178135122,2020-03-02T19:42:15.122Z,buy,2.217e-05,92.0,0.00203964
NXS/BTC,1583178430689,2020-03-02T19:47:10.689Z,buy,2.217e-05,5.0,0.00011085
NXS/BTC,1583178430689,2020-03-02T19:47:10.689Z,buy,2.218e-05,1427.0,0.03165086
NXS/BTC,1583178430689,2020-03-02T19:47:10.689Z,buy,2.219e-05,1868.0,0.041450919999999995
NXS/BTC,1583178430689,2020-03-02T19:47:10.689Z,buy,2.221e-05,358.0,0.00795118
NXS/BTC,1583178430689,2020-03-02T19:47:10.689Z,buy,2.222e-05,5242.0,0.11647724000000001
NXS/BTC,1583178430704,2020-03-02T19:47:10.704Z,sell,2.203e-05,64.0,0.00140992
NXS/BTC,1583178461030,2020-03-02T19:47:41.030Z,sell,2.203e-05,10.0,0.00022030000000000002
NXS/BTC,1583179141606,2020-03-02T19:59:01.606Z,buy,2.217e-05,64.0,0.00141888
NXS/BTC,1583179211150,2020-03-02T20:00:11.150Z,buy,2.221e-05,10.0,0.00022209999999999998
NXS/BTC,1583179211182,2020-03-02T20:00:11.182Z,sell,2.217e-05,161.0,0.00356937
NXS/BTC,1583179226357,2020-03-02T20:00:26.357Z,buy,2.222e-05,900.0,0.019998000000000002
NXS/BTC,1583179275603,2020-03-02T20:01:15.603Z,buy,2.223e-05,18.0,0.00040014
NXS/BTC,1583179275603,2020-03-02T20:01:15.603Z,buy,2.223e-05,18.0,0.00040014
NXS/BTC,1583180304982,2020-03-02T20:18:24.982Z,sell,2.204e-05,250.0,0.00551
NXS/BTC,1583180398437,2020-03-02T20:19:58.437Z,sell,2.203e-05,29.0,0.00063887
NXS/BTC,1583180412749,2020-03-02T20:20:12.749Z,buy,2.223e-05,1484.0,0.032989319999999996
NXS/BTC,1583180415113,2020-03-02T20:20:15.113Z,buy,2.225e-05,181.0,0.00402725
NXS/BTC,1583180878057,2020-03-02T20:27:58.057Z,buy,2.226e-05,986.0,0.02194836
NXS/BTC,1583180910630,2020-03-02T20:28:30.630Z,buy,2.226e-05,388.0,0.00863688
NXS/BTC,1583180910630,2020-03-02T20:28:30.630Z,buy,2.227e-05,665.0,0.01480955
NXS/BTC,1583180910630,2020-03-02T20:28:30.630Z,buy,2.228e-05,763.0,0.01699964
NXS/BTC,1583180910630,2020-03-02T20:28:30.630Z,buy,2.229e-05,1184.0,0.02639136
NXS/BTC,1583182283807,2020-03-02T20:51:23.807Z,buy,2.228e-05,35.0,0.0007798
NXS/BTC,1583182283807,2020-03-02T20:51:23.807Z,buy,2.229e-05,5.0,0.00011145
NXS/BTC,1583182283836,2020-03-02T20:51:23.836Z,sell,2.229e-05,63.0,0.00140427
NXS/BTC,1583182283846,2020-03-02T20:51:23.846Z,sell,2.229e-05,997.0,0.022223129999999997
NXS/BTC,1583182717925,2020-03-02T20:58:37.925Z,sell,2.214e-05,808.0,0.01788912
NXS/BTC,1583182738278,2020-03-02T20:58:58.278Z,sell,2.214e-05,8.0,0.00017712
NXS/BTC,1583182738278,2020-03-02T20:58:58.278Z,sell,2.214e-05,8.0,0.00017712
NXS/BTC,1583183158687,2020-03-02T21:05:58.687Z,buy,2.227e-05,6.0,0.00013361999999999998
NXS/BTC,1583183176102,2020-03-02T21:06:16.102Z,sell,2.214e-05,10.0,0.00022140000000000001
NXS/BTC,1583183446521,2020-03-02T21:10:46.521Z,sell,2.214e-05,700.0,0.015498000000000001
NXS/BTC,1583183623201,2020-03-02T21:13:43.201Z,sell,2.214e-05,90.0,0.0019926
NXS/BTC,1583183658711,2020-03-02T21:14:18.711Z,sell,2.214e-05,85.0,0.0018819000000000002
NXS/BTC,1583183692582,2020-03-02T21:14:52.582Z,buy,2.227e-05,7.0,0.00015589
NXS/BTC,1583183873297,2020-03-02T21:17:53.297Z,sell,2.208e-05,272.0,0.00600576
NXS/BTC,1583184475553,2020-03-02T21:27:55.553Z,sell,2.212e-05,429.0,0.009489480000000002
NXS/BTC,1583184475553,2020-03-02T21:27:55.553Z,sell,2.208e-05,5.0,0.0001104
NXS/BTC,1583184494555,2020-03-02T21:28:14.555Z,buy,2.208e-05,35.0,0.0007727999999999999
NXS/BTC,1583184836742,2020-03-02T21:33:56.742Z,buy,2.208e-05,522.0,0.01152576
NXS/BTC,1583184852219,2020-03-02T21:34:12.219Z,buy,2.208e-05,220.0,0.0048576
NXS/BTC,1583184852219,2020-03-02T21:34:12.219Z,buy,2.215e-05,41.0,0.00090815
NXS/BTC,1583184864748,2020-03-02T21:34:24.748Z,buy,2.216e-05,260.0,0.0057616
NXS/BTC,1583185782669,2020-03-02T21:49:42.669Z,buy,2.216e-05,5.0,0.00011080000000000001
NXS/BTC,1583185782669,2020-03-02T21:49:42.669Z,buy,2.219e-05,660.0,0.0146454
NXS/BTC,1583185782669,2020-03-02T21:49:42.669Z,buy,2.22e-05,2012.0,0.0446664
NXS/BTC,1583185782669,2020-03-02T21:49:42.669Z,buy,2.227e-05,3.0,6.680999999999999e-05
NXS/BTC,1583185782669,2020-03-02T21:49:42.669Z,buy,2.229e-05,2258.0,0.05033082
NXS/BTC,1583185782669,2020-03-02T21:49:42.669Z,buy,2.23e-05,64.0,0.0014272
NXS/BTC,1583185782669,2020-03-02T21:49:42.669Z,buy,2.233e-05,435.0,0.009713550000000001
NXS/BTC,1583185782669,2020-03-02T21:49:42.669Z,buy,2.236e-05,47.0,0.00105092
NXS/BTC,1583185782669,2020-03-02T21:49:42.669Z,buy,2.237e-05,2264.0,0.050645680000000005
NXS/BTC,1583185782669,2020-03-02T21:49:42.669Z,buy,2.238e-05,2321.0,0.05194398
NXS/BTC,1583185782669,2020-03-02T21:49:42.669Z,buy,2.241e-05,159.0,0.00356319
NXS/BTC,1583185782669,2020-03-02T21:49:42.669Z,buy,2.242e-05,425.0,0.009528499999999999
NXS/BTC,1583185782669,2020-03-02T21:49:42.669Z,buy,2.244e-05,64.0,0.00143616
NXS/BTC,1583185782669,2020-03-02T21:49:42.669Z,buy,2.25e-05,607.0,0.013657500000000001
NXS/BTC,1583185782669,2020-03-02T21:49:42.669Z,buy,2.252e-05,892.0,0.020087840000000003
NXS/BTC,1583185782669,2020-03-02T21:49:42.669Z,buy,2.253e-05,332.0,0.00747996
NXS/BTC,1583185782669,2020-03-02T21:49:42.669Z,buy,2.254e-05,989.0,0.022292060000000002
NXS/BTC,1583185784264,2020-03-02T21:49:44.264Z,sell,2.231e-05,44.0,0.00098164
NXS/BTC,1583185784534,2020-03-02T21:49:44.534Z,sell,2.231e-05,10.0,0.0002231
NXS/BTC,1583185784539,2020-03-02T21:49:44.539Z,sell,2.231e-05,9.0,0.00020079
NXS/BTC,1583185784722,2020-03-02T21:49:44.722Z,sell,2.236e-05,11.0,0.00024596
NXS/BTC,1583185784781,2020-03-02T21:49:44.781Z,sell,2.236e-05,24.0,0.00053664
NXS/BTC,1583185785344,2020-03-02T21:49:45.344Z,buy,2.252e-05,23.0,0.00051796
NXS/BTC,1583185785351,2020-03-02T21:49:45.351Z,sell,2.253e-05,111.0,0.00250083
NXS/BTC,1583185798713,2020-03-02T21:49:58.713Z,sell,2.232e-05,89.0,0.00198648
NXS/BTC,1583185806707,2020-03-02T21:50:06.707Z,sell,2.234e-05,10.0,0.0002234
NXS/BTC,1583185816095,2020-03-02T21:50:16.095Z,sell,2.234e-05,49.0,0.00109466
NXS/BTC,1583185825887,2020-03-02T21:50:25.887Z,sell,2.236e-05,424.0,0.00948064
NXS/BTC,1583185825887,2020-03-02T21:50:25.887Z,sell,2.235e-05,292.0,0.0065262
NXS/BTC,1583185827027,2020-03-02T21:50:27.027Z,buy,2.235e-05,23.0,0.00051405
NXS/BTC,1583185827035,2020-03-02T21:50:27.035Z,sell,2.23e-05,64.0,0.0014272
NXS/BTC,1583185827901,2020-03-02T21:50:27.901Z,sell,2.227e-05,16.0,0.00035632
NXS/BTC,1583185827901,2020-03-02T21:50:27.901Z,sell,2.223e-05,53.0,0.00117819
NXS/BTC,1583185827901,2020-03-02T21:50:27.901Z,sell,2.219e-05,113.0,0.00250747
NXS/BTC,1583185829365,2020-03-02T21:50:29.365Z,sell,2.217e-05,64.0,0.00141888
NXS/BTC,1583185829365,2020-03-02T21:50:29.365Z,sell,2.216e-05,26.0,0.00057616
NXS/BTC,1583185838015,2020-03-02T21:50:38.015Z,sell,2.216e-05,89.0,0.00197224
NXS/BTC,1583185838015,2020-03-02T21:50:38.015Z,sell,2.216e-05,89.0,0.00197224
NXS/BTC,1583186523925,2020-03-02T22:02:03.925Z,sell,2.215e-05,75.0,0.00166125
NXS/BTC,1583186897882,2020-03-02T22:08:17.882Z,buy,2.219e-05,24.0,0.00053256
NXS/BTC,1583186897882,2020-03-02T22:08:17.882Z,buy,2.229e-05,45.0,0.00100305
NXS/BTC,1583187151689,2020-03-02T22:12:31.689Z,buy,2.229e-05,90.0,0.0020061
NXS/BTC,1583188085539,2020-03-02T22:28:05.539Z,buy,2.229e-05,51.0,0.00113679
NXS/BTC,1583188125534,2020-03-02T22:28:45.534Z,buy,2.229e-05,51.0,0.00113679
NXS/BTC,1583188166207,2020-03-02T22:29:26.207Z,buy,2.229e-05,51.0,0.00113679
NXS/BTC,1583188393383,2020-03-02T22:33:13.383Z,sell,2.226e-05,53.0,0.00117978
NXS/BTC,1583188393383,2020-03-02T22:33:13.383Z,sell,2.219e-05,24.0,0.00053256
NXS/BTC,1583188393383,2020-03-02T22:33:13.383Z,sell,2.214e-05,16.0,0.00035424
NXS/BTC,1583188393383,2020-03-02T22:33:13.383Z,sell,2.21e-05,24.0,0.0005304
NXS/BTC,1583188393383,2020-03-02T22:33:13.383Z,sell,2.209e-05,334.0,0.0073780600000000005
NXS/BTC,1583188409164,2020-03-02T22:33:29.164Z,buy,2.222e-05,5.0,0.0001111
NXS/BTC,1583188409164,2020-03-02T22:33:29.164Z,buy,2.223e-05,48.0,0.00106704
NXS/BTC,1583188550594,2020-03-02T22:35:50.594Z,buy,2.223e-05,53.0,0.00117819
NXS/BTC,1583189004671,2020-03-02T22:43:24.671Z,sell,2.22e-05,53.0,0.0011766
NXS/BTC,1583189004671,2020-03-02T22:43:24.671Z,sell,2.219e-05,5.0,0.00011095
NXS/BTC,1583189048131,2020-03-02T22:44:08.131Z,buy,2.219e-05,11.0,0.00024409
NXS/BTC,1583189048131,2020-03-02T22:44:08.131Z,buy,2.219e-05,11.0,0.00024409
NXS/BTC,1583189470778,2020-03-02T22:51:10.778Z,sell,2.217e-05,31.0,0.00068727
NXS/BTC,1583189881229,2020-03-02T22:58:01.229Z,buy,2.22e-05,7.0,0.0001554
NXS/BTC,1583190509772,2020-03-02T23:08:29.772Z,sell,2.217e-05,22.0,0.00048773999999999996
NXS/BTC,1583190509772,2020-03-02T23:08:29.772Z,sell,2.207e-05,1901.0,0.041955070000000004
NXS/BTC,1583190953672,2020-03-02T23:15:53.672Z,sell,2.207e-05,1356.0,0.02992692
NXS/BTC,1583192027201,2020-03-02T23:33:47.201Z,buy,2.222e-05,10.0,0.0002222
NXS/BTC,1583192404479,2020-03-02T23:40:04.479Z,sell,2.217e-05,53.0,0.00117501
NXS/BTC,1583192404479,2020-03-02T23:40:04.479Z,sell,2.217e-05,53.0,0.00117501
NXS/BTC,1583193133891,2020-03-02T23:52:13.891Z,buy,2.218e-05,168.0,0.00372624
NXS/BTC,1583193133891,2020-03-02T23:52:13.891Z,buy,2.221e-05,131.0,0.0029095099999999997
NXS/BTC,1583193133891,2020-03-02T23:52:13.891Z,buy,2.222e-05,101.0,0.00224422
NXS/BTC,1583193179748,2020-03-02T23:52:59.748Z,buy,2.221e-05,42.0,0.00093282
NXS/BTC,1583193889447,2020-03-03T00:04:49.447Z,sell,2.221e-05,445.0,0.00988345
NXS/BTC,1583194177909,2020-03-03T00:09:37.909Z,sell,2.214e-05,53.0,0.00117342
NXS/BTC,1583194177909,2020-03-03T00:09:37.909Z,sell,2.205e-05,16.0,0.0003528
NXS/BTC,1583194707593,2020-03-03T00:18:27.593Z,sell,2.205e-05,5.0,0.00011025
NXS/BTC,1583194707593,2020-03-03T00:18:27.593Z,sell,2.203e-05,35.0,0.00077105
NXS/BTC,1583194707593,2020-03-03T00:18:27.593Z,sell,2.202e-05,782.0,0.017219639999999998
NXS/BTC,1583194707593,2020-03-03T00:18:27.593Z,sell,2.201e-05,51.0,0.00112251
NXS/BTC,1583194707593,2020-03-03T00:18:27.593Z,sell,2.2e-05,238.0,0.005236
NXS/BTC,1583194707593,2020-03-03T00:18:27.593Z,sell,2.198e-05,270.0,0.0059346
NXS/BTC,1583194858014,2020-03-03T00:20:58.014Z,sell,2.199e-05,441.0,0.00969759
NXS/BTC,1583194858014,2020-03-03T00:20:58.014Z,sell,2.198e-05,3.0,6.594e-05
NXS/BTC,1583194874442,2020-03-03T00:21:14.442Z,buy,2.212e-05,6.0,0.00013272000000000002
NXS/BTC,1583195886783,2020-03-03T00:38:06.783Z,buy,2.212e-05,440.0,0.009732800000000002
NXS/BTC,1583195886783,2020-03-03T00:38:06.783Z,buy,2.214e-05,16.0,0.00035424
NXS/BTC,1583195886783,2020-03-03T00:38:06.783Z,buy,2.217e-05,64.0,0.00141888
NXS/BTC,1583195886783,2020-03-03T00:38:06.783Z,buy,2.219e-05,35.0,0.0007766499999999999
NXS/BTC,1583195886783,2020-03-03T00:38:06.783Z,buy,2.221e-05,172.0,0.0038201199999999998
NXS/BTC,1583195886783,2020-03-03T00:38:06.783Z,buy,2.222e-05,177.0,0.00393294
NXS/BTC,1583195982462,2020-03-03T00:39:42.462Z,sell,2.203e-05,1500.0,0.033045
NXS/BTC,1583195982462,2020-03-03T00:39:42.462Z,sell,2.203e-05,1500.0,0.033045
NXS/BTC,1583196083375,2020-03-03T00:41:23.375Z,buy,2.216e-05,435.0,0.0096396
NXS/BTC,1583196083375,2020-03-03T00:41:23.375Z,buy,2.217e-05,64.0,0.00141888
NXS/BTC,1583196129710,2020-03-03T00:42:09.710Z,buy,2.221e-05,5.0,0.00011104999999999999
NXS/BTC,1583196834324,2020-03-03T00:53:54.324Z,sell,2.217e-05,13.0,0.00028821
NXS/BTC,1583196834324,2020-03-03T00:53:54.324Z,sell,2.211e-05,50.0,0.0011055
NXS/BTC,1583196834324,2020-03-03T00:53:54.324Z,sell,2.204e-05,45.0,0.0009918
NXS/BTC,1583197621428,2020-03-03T01:07:01.428Z,buy,2.214e-05,2.0,4.428e-05
NXS/BTC,1583197624230,2020-03-03T01:07:04.230Z,buy,2.214e-05,2.0,4.428e-05
