symbol,timestamp,datetime,side,price,amount,btc_volume
NXS/BTC,1614614473204,2021-03-01T16:01:13.204Z,sell,2.411e-05,41.0,0.00098851
NXS/BTC,1614614482398,2021-03-01T16:01:22.398Z,buy,2.424e-05,10.0,0.00024239999999999998
NXS/BTC,1614614487176,2021-03-01T16:01:27.176Z,sell,2.411e-05,10.0,0.0002411
NXS/BTC,1614614521129,2021-03-01T16:02:01.129Z,sell,2.411e-05,90.0,0.0021699
NXS/BTC,1614614570632,2021-03-01T16:02:50.632Z,sell,2.411e-05,9.0,0.00021699000000000002
NXS/BTC,1614614591420,2021-03-01T16:03:11.420Z,sell,2.411e-05,700.0,0.016877
NXS/BTC,1614614600196,2021-03-01T16:03:20.196Z,buy,2.424e-05,10.0,0.00024239999999999998
NXS/BTC,1614614600684,2021-03-01T16:03:20.684Z,sell,2.411e-05,75.0,0.0018082500000000002
NXS/BTC,1614614600684,2021-03-01T16:03:20.684Z,sell,2.41e-05,2025.0,0.0488025
NXS/BTC,1614614623346,2021-03-01T16:03:43.346Z,sell,2.41e-05,10.0,0.000241
NXS/BTC,1614614657526,2021-03-01T16:04:17.526Z,sell,2.41e-05,14.0,0.0003374
NXS/BTC,1614614677757,2021-03-01T16:04:37.757Z,buy,2.423e-05,10.0,0.0002423
NXS/BTC,1614614690958,2021-03-01T16:04:50.958Z,sell,2.41e-05,10.0,0.000241
NXS/BTC,1614614707246,2021-03-01T16:05:07.246Z,buy,2.423e-05,16.0,0.00038768
NXS/BTC,1614614758206,2021-03-01T16:05:58.206Z,buy,2.423e-05,21.0,0.00050883
NXS/BTC,1614614845530,2021-03-01T16:07:25.530Z,buy,2.424e-05,6.0,0.00014544
NXS/BTC,1614614852878,2021-03-01T16:07:32.878Z,sell,2.423e-05,6.0,0.00014538
NXS/BTC,1614614880008,2021-03-01T16:08:00.008Z,buy,2.424e-05,71.0,0.0017210399999999999
NXS/BTC,1614614880008,2021-03-01T16:08:00.008Z,buy,2.433e-05,25.0,0.00060825
NXS/BTC,1614614880008,2021-03-01T16:08:00.008Z,buy,2.435e-05,63.0,0.00153405
NXS/BTC,1614614880008,2021-03-01T16:08:00.008Z,buy,2.436e-05,293.0,0.00713748
NXS/BTC,1614614880008,2021-03-01T16:08:00.008Z,buy,2.437e-05,48.0,0.00116976
NXS/BTC,1614614880008,2021-03-01T16:08:00.008Z,sell,2.423e-05,11.0,0.00026653
NXS/BTC,1614614911669,2021-03-01T16:08:31.669Z,buy,2.437e-05,72.0,0.00175464
NXS/BTC,1614614972696,2021-03-01T16:09:32.696Z,buy,2.436e-05,6.0,0.00014616
NXS/BTC,1614614977001,2021-03-01T16:09:37.001Z,sell,2.423e-05,6.0,0.00014538
NXS/BTC,1614615023658,2021-03-01T16:10:23.658Z,buy,2.435e-05,6.0,0.0001461
NXS/BTC,1614615036419,2021-03-01T16:10:36.419Z,buy,2.435e-05,331.0,0.00805985
NXS/BTC,1614615055900,2021-03-01T16:10:55.900Z,sell,2.423e-05,6.0,0.00014538
NXS/BTC,1614615062790,2021-03-01T16:11:02.790Z,buy,2.435e-05,6.0,0.0001461
NXS/BTC,1614615070269,2021-03-01T16:11:10.269Z,sell,2.423e-05,6.0,0.00014538
NXS/BTC,1614615084107,2021-03-01T16:11:24.107Z,sell,2.423e-05,67.0,0.00162341
NXS/BTC,1614615094271,2021-03-01T16:11:34.271Z,buy,2.423e-05,6.0,0.00014538
NXS/BTC,1614615097909,2021-03-01T16:11:37.909Z,sell,2.411e-05,6.0,0.00014466000000000001
NXS/BTC,1614615104813,2021-03-01T16:11:44.813Z,buy,2.423e-05,72.0,0.00174456
NXS/BTC,1614615121938,2021-03-01T16:12:01.938Z,buy,2.423e-05,6.0,0.00014538
NXS/BTC,1614615126657,2021-03-01T16:12:06.657Z,sell,2.411e-05,6.0,0.00014466000000000001
NXS/BTC,1614615139552,2021-03-01T16:12:19.552Z,buy,2.423e-05,412.0,0.00998276
NXS/BTC,1614615204603,2021-03-01T16:13:24.603Z,buy,2.421e-05,20.0,0.0004842
NXS/BTC,1614615204603,2021-03-01T16:13:24.603Z,buy,2.423e-05,1047.0,0.02536881
NXS/BTC,1614615332208,2021-03-01T16:15:32.208Z,buy,2.423e-05,2557.0,0.06195611
NXS/BTC,1614615352673,2021-03-01T16:15:52.673Z,buy,2.42e-05,89.0,0.0021538
NXS/BTC,1614615398484,2021-03-01T16:16:38.484Z,buy,2.42e-05,179.0,0.004331799999999999
NXS/BTC,1614615443591,2021-03-01T16:17:23.591Z,buy,2.42e-05,30.0,0.000726
NXS/BTC,1614615480129,2021-03-01T16:18:00.129Z,buy,2.42e-05,748.0,0.0181016
NXS/BTC,1614615485773,2021-03-01T16:18:05.773Z,buy,2.42e-05,247.0,0.0059774
NXS/BTC,1614615486920,2021-03-01T16:18:06.920Z,buy,2.42e-05,14.0,0.0003388
NXS/BTC,1614615610896,2021-03-01T16:20:10.896Z,buy,2.423e-05,120.0,0.0029076
NXS/BTC,1614615629827,2021-03-01T16:20:29.827Z,buy,2.423e-05,563.0,0.013641490000000001
NXS/BTC,1614615672156,2021-03-01T16:21:12.156Z,buy,2.423e-05,6.0,0.00014538
NXS/BTC,1614615680811,2021-03-01T16:21:20.811Z,sell,2.422e-05,6.0,0.00014532
NXS/BTC,1614615732655,2021-03-01T16:22:12.655Z,buy,2.423e-05,6.0,0.00014538
NXS/BTC,1614615732655,2021-03-01T16:22:12.655Z,buy,2.437e-05,96.0,0.00233952
NXS/BTC,1614615732655,2021-03-01T16:22:12.655Z,buy,2.438e-05,65.0,0.0015847
NXS/BTC,1614615732655,2021-03-01T16:22:12.655Z,buy,2.439e-05,18.0,0.00043902
NXS/BTC,1614615732655,2021-03-01T16:22:12.655Z,buy,2.446e-05,407.0,0.009955219999999999
NXS/BTC,1614615732655,2021-03-01T16:22:12.655Z,buy,2.447e-05,646.0,0.01580762
NXS/BTC,1614615769824,2021-03-01T16:22:49.824Z,buy,2.432e-05,257.0,0.006250240000000001
NXS/BTC,1614615773115,2021-03-01T16:22:53.115Z,buy,2.446e-05,9.0,0.00022014
NXS/BTC,1614615773628,2021-03-01T16:22:53.628Z,buy,2.446e-05,39.0,0.00095394
NXS/BTC,1614615775455,2021-03-01T16:22:55.455Z,sell,2.446e-05,8.0,0.00019568
NXS/BTC,1614615779507,2021-03-01T16:22:59.507Z,buy,2.447e-05,1531.0,0.03746357
NXS/BTC,1614615836327,2021-03-01T16:23:56.327Z,buy,2.447e-05,227.0,0.00555469
NXS/BTC,1614615837436,2021-03-01T16:23:57.436Z,sell,2.447e-05,24.0,0.00058728
NXS/BTC,1614615848027,2021-03-01T16:24:08.027Z,sell,2.447e-05,5.0,0.00012235000000000002
NXS/BTC,1614615880444,2021-03-01T16:24:40.444Z,buy,2.448e-05,10.0,0.0002448
NXS/BTC,1614615887844,2021-03-01T16:24:47.844Z,buy,2.45e-05,184.0,0.004508
NXS/BTC,1614615889443,2021-03-01T16:24:49.443Z,sell,2.45e-05,13.0,0.0003185
NXS/BTC,1614615892812,2021-03-01T16:24:52.812Z,buy,2.452e-05,41.0,0.0010053199999999999
NXS/BTC,1614615893522,2021-03-01T16:24:53.522Z,sell,2.45e-05,39.0,0.0009555
NXS/BTC,1614615897709,2021-03-01T16:24:57.709Z,buy,2.45e-05,208.0,0.005096
NXS/BTC,1614615900087,2021-03-01T16:25:00.087Z,buy,2.453e-05,130.0,0.0031889
NXS/BTC,1614615902340,2021-03-01T16:25:02.340Z,buy,2.453e-05,200.0,0.004906
NXS/BTC,1614615907469,2021-03-01T16:25:07.469Z,buy,2.456e-05,76.0,0.00186656
NXS/BTC,1614615909402,2021-03-01T16:25:09.402Z,buy,2.456e-05,55.0,0.0013507999999999999
NXS/BTC,1614615911455,2021-03-01T16:25:11.455Z,sell,2.456e-05,14.0,0.00034384
NXS/BTC,1614615915430,2021-03-01T16:25:15.430Z,sell,2.456e-05,14.0,0.00034384
NXS/BTC,1614615921432,2021-03-01T16:25:21.432Z,buy,2.458e-05,408.0,0.01002864
NXS/BTC,1614615922180,2021-03-01T16:25:22.180Z,buy,2.459e-05,44.0,0.00108196
NXS/BTC,1614615922180,2021-03-01T16:25:22.180Z,buy,2.462e-05,90.0,0.0022158
NXS/BTC,1614615922180,2021-03-01T16:25:22.180Z,buy,2.467e-05,216.0,0.0053287199999999995
NXS/BTC,1614615922180,2021-03-01T16:25:22.180Z,buy,2.468e-05,9.0,0.00022212000000000002
NXS/BTC,1614615922180,2021-03-01T16:25:22.180Z,buy,2.469e-05,18.0,0.00044442
NXS/BTC,1614615934908,2021-03-01T16:25:34.908Z,buy,2.468e-05,344.0,0.00848992
NXS/BTC,1614615937472,2021-03-01T16:25:37.472Z,sell,2.468e-05,18.0,0.00044424000000000004
NXS/BTC,1614615942693,2021-03-01T16:25:42.693Z,buy,2.469e-05,46.0,0.0011357399999999999
NXS/BTC,1614615942693,2021-03-01T16:25:42.693Z,buy,2.47e-05,37.0,0.0009139
NXS/BTC,1614615942693,2021-03-01T16:25:42.693Z,buy,2.471e-05,5.0,0.00012355
NXS/BTC,1614615942693,2021-03-01T16:25:42.693Z,buy,2.474e-05,54.0,0.00133596
NXS/BTC,1614615942693,2021-03-01T16:25:42.693Z,buy,2.475e-05,90.0,0.0022275
NXS/BTC,1614615942693,2021-03-01T16:25:42.693Z,buy,2.477e-05,262.0,0.00648974
NXS/BTC,1614615957376,2021-03-01T16:25:57.376Z,sell,2.453e-05,30.0,0.0007359
NXS/BTC,1614615961575,2021-03-01T16:26:01.575Z,sell,2.454e-05,20.0,0.0004908
NXS/BTC,1614615961575,2021-03-01T16:26:01.575Z,sell,2.453e-05,33.0,0.0008094900000000001
NXS/BTC,1614615971204,2021-03-01T16:26:11.204Z,buy,2.475e-05,31.0,0.0007672499999999999
NXS/BTC,1614615975589,2021-03-01T16:26:15.589Z,buy,2.474e-05,14.0,0.00034636
NXS/BTC,1614615980405,2021-03-01T16:26:20.405Z,buy,2.475e-05,30.0,0.0007425
NXS/BTC,1614615984502,2021-03-01T16:26:24.502Z,buy,2.476e-05,6.0,0.00014856
NXS/BTC,1614615985090,2021-03-01T16:26:25.090Z,sell,2.457e-05,10.0,0.0002457
NXS/BTC,1614616011336,2021-03-01T16:26:51.336Z,sell,2.458e-05,21.0,0.00051618
NXS/BTC,1614616011336,2021-03-01T16:26:51.336Z,sell,2.457e-05,70.0,0.0017199000000000001
NXS/BTC,1614616162587,2021-03-01T16:29:22.587Z,sell,2.457e-05,59.0,0.00144963
NXS/BTC,1614616204117,2021-03-01T16:30:04.117Z,buy,2.47e-05,4.0,9.88e-05
NXS/BTC,1614616220691,2021-03-01T16:30:20.691Z,buy,2.469e-05,21.0,0.00051849
NXS/BTC,1614616220691,2021-03-01T16:30:20.691Z,buy,2.47e-05,71.0,0.0017537
NXS/BTC,1614616220691,2021-03-01T16:30:20.691Z,buy,2.474e-05,18.0,0.00044532
NXS/BTC,1614616220691,2021-03-01T16:30:20.691Z,buy,2.477e-05,1011.0,0.025042469999999997
NXS/BTC,1614616254124,2021-03-01T16:30:54.124Z,sell,2.463e-05,65.0,0.00160095
NXS/BTC,1614616254124,2021-03-01T16:30:54.124Z,sell,2.462e-05,90.0,0.0022158
NXS/BTC,1614616254124,2021-03-01T16:30:54.124Z,sell,2.46e-05,45.0,0.0011070000000000001
NXS/BTC,1614616309695,2021-03-01T16:31:49.695Z,sell,2.462e-05,60.0,0.0014772000000000001
NXS/BTC,1614616455294,2021-03-01T16:34:15.294Z,buy,2.475e-05,95.0,0.00235125
NXS/BTC,1614616459611,2021-03-01T16:34:19.611Z,buy,2.476e-05,60.0,0.0014856000000000001
NXS/BTC,1614616476935,2021-03-01T16:34:36.935Z,buy,2.477e-05,247.0,0.00611819
NXS/BTC,1614616567815,2021-03-01T16:36:07.815Z,buy,2.476e-05,5.0,0.0001238
NXS/BTC,1614616567815,2021-03-01T16:36:07.815Z,buy,2.477e-05,36.0,0.0008917199999999999
NXS/BTC,1614616601407,2021-03-01T16:36:41.407Z,buy,2.476e-05,47.0,0.00116372
NXS/BTC,1614616629418,2021-03-01T16:37:09.418Z,sell,2.47e-05,100.0,0.00247
NXS/BTC,1614616748992,2021-03-01T16:39:08.992Z,sell,2.47e-05,125.0,0.0030875
NXS/BTC,1614616766279,2021-03-01T16:39:26.279Z,sell,2.47e-05,345.0,0.0085215
NXS/BTC,1614616815393,2021-03-01T16:40:15.393Z,buy,2.476e-05,17.0,0.00042092
NXS/BTC,1614616815393,2021-03-01T16:40:15.393Z,buy,2.477e-05,3359.0,0.08320243
NXS/BTC,1614616817944,2021-03-01T16:40:17.944Z,buy,2.478e-05,11.0,0.00027258
NXS/BTC,1614616817944,2021-03-01T16:40:17.944Z,buy,2.479e-05,401.0,0.009940790000000001
NXS/BTC,1614616817944,2021-03-01T16:40:17.944Z,buy,2.48e-05,27.0,0.0006696
NXS/BTC,1614616817944,2021-03-01T16:40:17.944Z,buy,2.481e-05,18.0,0.00044658
NXS/BTC,1614616817944,2021-03-01T16:40:17.944Z,buy,2.483e-05,14.0,0.00034762000000000004
NXS/BTC,1614616817944,2021-03-01T16:40:17.944Z,buy,2.486e-05,42.0,0.00104412
NXS/BTC,1614616817944,2021-03-01T16:40:17.944Z,buy,2.488e-05,90.0,0.0022392
NXS/BTC,1614616817944,2021-03-01T16:40:17.944Z,buy,2.493e-05,411.0,0.01024623
NXS/BTC,1614616817944,2021-03-01T16:40:17.944Z,buy,2.494e-05,219.0,0.00546186
NXS/BTC,1614616817944,2021-03-01T16:40:17.944Z,buy,2.497e-05,256.0,0.00639232
NXS/BTC,1614616820452,2021-03-01T16:40:20.452Z,buy,2.5e-05,128.0,0.0032
NXS/BTC,1614616820452,2021-03-01T16:40:20.452Z,buy,2.501e-05,101.0,0.00252601
NXS/BTC,1614616820452,2021-03-01T16:40:20.452Z,buy,2.509e-05,14.0,0.00035126
NXS/BTC,1614616820452,2021-03-01T16:40:20.452Z,buy,2.514e-05,106.0,0.00266484
NXS/BTC,1614616820452,2021-03-01T16:40:20.452Z,buy,2.515e-05,391.0,0.009833650000000001
NXS/BTC,1614616820452,2021-03-01T16:40:20.452Z,buy,2.522e-05,7097.0,0.17898634
NXS/BTC,1614616821906,2021-03-01T16:40:21.906Z,sell,2.482e-05,27.0,0.00067014
NXS/BTC,1614616823851,2021-03-01T16:40:23.851Z,sell,2.498e-05,9.0,0.00022482
NXS/BTC,1614616826603,2021-03-01T16:40:26.603Z,sell,2.486e-05,100.0,0.002486
NXS/BTC,1614616829474,2021-03-01T16:40:29.474Z,buy,2.522e-05,100.0,0.002522
NXS/BTC,1614616829474,2021-03-01T16:40:29.474Z,buy,2.523e-05,16.0,0.00040368
NXS/BTC,1614616829474,2021-03-01T16:40:29.474Z,buy,2.524e-05,18.0,0.00045432
NXS/BTC,1614616829474,2021-03-01T16:40:29.474Z,buy,2.527e-05,90.0,0.0022743
NXS/BTC,1614616829474,2021-03-01T16:40:29.474Z,buy,2.53e-05,62.0,0.0015685999999999999
NXS/BTC,1614616829474,2021-03-01T16:40:29.474Z,buy,2.534e-05,9.0,0.00022806
NXS/BTC,1614616829474,2021-03-01T16:40:29.474Z,buy,2.536e-05,14.0,0.00035504000000000004
NXS/BTC,1614616829474,2021-03-01T16:40:29.474Z,buy,2.538e-05,5.0,0.0001269
NXS/BTC,1614616829474,2021-03-01T16:40:29.474Z,buy,2.54e-05,90.0,0.0022860000000000003
NXS/BTC,1614616829474,2021-03-01T16:40:29.474Z,buy,2.545e-05,527.0,0.01341215
NXS/BTC,1614616829474,2021-03-01T16:40:29.474Z,buy,2.546e-05,8812.0,0.22435352
NXS/BTC,1614616831801,2021-03-01T16:40:31.801Z,buy,2.547e-05,178.0,0.00453366
NXS/BTC,1614616831801,2021-03-01T16:40:31.801Z,buy,2.548e-05,3996.0,0.10181808
NXS/BTC,1614616832743,2021-03-01T16:40:32.743Z,sell,2.506e-05,9.0,0.00022554
NXS/BTC,1614616833888,2021-03-01T16:40:33.888Z,sell,2.508e-05,28.0,0.00070224
NXS/BTC,1614616835888,2021-03-01T16:40:35.888Z,sell,2.522e-05,32.0,0.00080704
NXS/BTC,1614616838082,2021-03-01T16:40:38.082Z,sell,2.522e-05,4.0,0.00010088
NXS/BTC,1614616847042,2021-03-01T16:40:47.042Z,sell,2.524e-05,11.0,0.00027764
NXS/BTC,1614616849919,2021-03-01T16:40:49.919Z,sell,2.524e-05,7.0,0.00017668
NXS/BTC,1614616850013,2021-03-01T16:40:50.013Z,buy,2.544e-05,4.0,0.00010176
NXS/BTC,1614616886082,2021-03-01T16:41:26.082Z,buy,2.536e-05,9.0,0.00022824
NXS/BTC,1614616886896,2021-03-01T16:41:26.896Z,buy,2.538e-05,7.0,0.00017766
NXS/BTC,1614616887339,2021-03-01T16:41:27.339Z,buy,2.541e-05,6.0,0.00015246
NXS/BTC,1614616887934,2021-03-01T16:41:27.934Z,sell,2.541e-05,26.0,0.00066066
NXS/BTC,1614616888058,2021-03-01T16:41:28.058Z,buy,2.542e-05,32.0,0.00081344
NXS/BTC,1614616891303,2021-03-01T16:41:31.303Z,buy,2.547e-05,4.0,0.00010188
NXS/BTC,1614616891948,2021-03-01T16:41:31.948Z,sell,2.547e-05,10.0,0.00025469999999999996
NXS/BTC,1614616900651,2021-03-01T16:41:40.651Z,sell,2.548e-05,35.0,0.0008918
NXS/BTC,1614616902728,2021-03-01T16:41:42.728Z,sell,2.548e-05,188.0,0.00479024
NXS/BTC,1614616902728,2021-03-01T16:41:42.728Z,sell,2.547e-05,509.0,0.012964229999999998
NXS/BTC,1614616902728,2021-03-01T16:41:42.728Z,sell,2.542e-05,761.0,0.01934462
NXS/BTC,1614616908460,2021-03-01T16:41:48.460Z,buy,2.549e-05,4.0,0.00010196
NXS/BTC,1614616937768,2021-03-01T16:42:17.768Z,buy,2.549e-05,11.0,0.00028039000000000004
NXS/BTC,1614616939910,2021-03-01T16:42:19.910Z,buy,2.549e-05,22.0,0.0005607800000000001
NXS/BTC,1614616939910,2021-03-01T16:42:19.910Z,buy,2.55e-05,134.0,0.003417
NXS/BTC,1614616955398,2021-03-01T16:42:35.398Z,buy,2.55e-05,12.0,0.000306
NXS/BTC,1614616955398,2021-03-01T16:42:35.398Z,buy,2.552e-05,90.0,0.0022968
NXS/BTC,1614616957421,2021-03-01T16:42:37.421Z,sell,2.552e-05,238.0,0.00607376
NXS/BTC,1614616962375,2021-03-01T16:42:42.375Z,sell,2.552e-05,8.0,0.00020416
NXS/BTC,1614616971276,2021-03-01T16:42:51.276Z,sell,2.552e-05,522.0,0.01332144
NXS/BTC,1614616987996,2021-03-01T16:43:07.996Z,sell,2.553e-05,5.0,0.00012765
NXS/BTC,1614616999551,2021-03-01T16:43:19.551Z,buy,2.556e-05,23.0,0.0005878799999999999
NXS/BTC,1614616999551,2021-03-01T16:43:19.551Z,buy,2.557e-05,4.0,0.00010228
NXS/BTC,1614616999551,2021-03-01T16:43:19.551Z,buy,2.558e-05,109.0,0.00278822
NXS/BTC,1614616999551,2021-03-01T16:43:19.551Z,buy,2.56e-05,155.0,0.003968
NXS/BTC,1614616999551,2021-03-01T16:43:19.551Z,buy,2.561e-05,62.0,0.00158782
NXS/BTC,1614616999551,2021-03-01T16:43:19.551Z,buy,2.562e-05,13.0,0.00033306
NXS/BTC,1614616999551,2021-03-01T16:43:19.551Z,buy,2.565e-05,90.0,0.0023085
NXS/BTC,1614616999551,2021-03-01T16:43:19.551Z,buy,2.567e-05,56.0,0.00143752
NXS/BTC,1614616999551,2021-03-01T16:43:19.551Z,buy,2.569e-05,294.0,0.00755286
NXS/BTC,1614616999551,2021-03-01T16:43:19.551Z,buy,2.57e-05,490.0,0.012593
NXS/BTC,1614617001984,2021-03-01T16:43:21.984Z,sell,2.57e-05,4.0,0.0001028
NXS/BTC,1614617001984,2021-03-01T16:43:21.984Z,sell,2.556e-05,3.0,7.668e-05
NXS/BTC,1614617003985,2021-03-01T16:43:23.985Z,sell,2.56e-05,19.0,0.0004864
NXS/BTC,1614617021579,2021-03-01T16:43:41.579Z,buy,2.571e-05,5.0,0.00012855
NXS/BTC,1614617021579,2021-03-01T16:43:41.579Z,buy,2.572e-05,55.0,0.0014146
NXS/BTC,1614617021579,2021-03-01T16:43:41.579Z,buy,2.575e-05,386.0,0.0099395
NXS/BTC,1614617040890,2021-03-01T16:44:00.890Z,buy,2.575e-05,130.0,0.0033474999999999998
NXS/BTC,1614617041990,2021-03-01T16:44:01.990Z,sell,2.576e-05,13.0,0.00033488
NXS/BTC,1614617047658,2021-03-01T16:44:07.658Z,sell,2.576e-05,27.0,0.00069552
NXS/BTC,1614617047827,2021-03-01T16:44:07.827Z,sell,2.576e-05,5.0,0.00012880000000000001
NXS/BTC,1614617051041,2021-03-01T16:44:11.041Z,buy,2.578e-05,90.0,0.0023202
NXS/BTC,1614617051994,2021-03-01T16:44:11.994Z,sell,2.578e-05,14.0,0.00036092000000000003
NXS/BTC,1614617068679,2021-03-01T16:44:28.679Z,buy,2.585e-05,400.0,0.01034
NXS/BTC,1614617080074,2021-03-01T16:44:40.074Z,buy,2.588e-05,19.0,0.00049172
NXS/BTC,1614617081136,2021-03-01T16:44:41.136Z,sell,2.588e-05,7.0,0.00018116
NXS/BTC,1614617081995,2021-03-01T16:44:41.995Z,sell,2.588e-05,12.0,0.00031056
NXS/BTC,1614617088956,2021-03-01T16:44:48.956Z,buy,2.589e-05,4.0,0.00010356
NXS/BTC,1614617116790,2021-03-01T16:45:16.790Z,buy,2.589e-05,28.0,0.00072492
NXS/BTC,1614617116790,2021-03-01T16:45:16.790Z,buy,2.59e-05,312.0,0.008080799999999999
NXS/BTC,1614617116790,2021-03-01T16:45:16.790Z,buy,2.591e-05,151.0,0.00391241
NXS/BTC,1614617116790,2021-03-01T16:45:16.790Z,buy,2.594e-05,11.0,0.00028534
NXS/BTC,1614617116790,2021-03-01T16:45:16.790Z,buy,2.599e-05,226.0,0.00587374
NXS/BTC,1614617116790,2021-03-01T16:45:16.790Z,buy,2.6e-05,1500.0,0.039
NXS/BTC,1614617130027,2021-03-01T16:45:30.027Z,sell,2.6e-05,24.0,0.000624
NXS/BTC,1614617138102,2021-03-01T16:45:38.102Z,buy,2.603e-05,30.0,0.0007809
NXS/BTC,1614617138102,2021-03-01T16:45:38.102Z,buy,2.604e-05,90.0,0.0023436
NXS/BTC,1614617138102,2021-03-01T16:45:38.102Z,buy,2.61e-05,6.0,0.0001566
NXS/BTC,1614617138102,2021-03-01T16:45:38.102Z,buy,2.611e-05,18.0,0.00046998
NXS/BTC,1614617138102,2021-03-01T16:45:38.102Z,buy,2.612e-05,26.0,0.0006791200000000001
NXS/BTC,1614617138102,2021-03-01T16:45:38.102Z,buy,2.616e-05,13.0,0.00034008
NXS/BTC,1614617138102,2021-03-01T16:45:38.102Z,buy,2.617e-05,105.0,0.00274785
NXS/BTC,1614617138102,2021-03-01T16:45:38.102Z,buy,2.619e-05,13.0,0.00034047
NXS/BTC,1614617138102,2021-03-01T16:45:38.102Z,buy,2.62e-05,12.0,0.0003144
NXS/BTC,1614617140026,2021-03-01T16:45:40.026Z,sell,2.605e-05,7.0,0.00018235
NXS/BTC,1614617140026,2021-03-01T16:45:40.026Z,sell,2.604e-05,5.0,0.00013020000000000002
NXS/BTC,1614617149520,2021-03-01T16:45:49.520Z,buy,2.619e-05,4.0,0.00010476
NXS/BTC,1614617149763,2021-03-01T16:45:49.763Z,sell,2.605e-05,7.0,0.00018235
NXS/BTC,1614617155500,2021-03-01T16:45:55.500Z,sell,2.605e-05,223.0,0.00580915
NXS/BTC,1614617157330,2021-03-01T16:45:57.330Z,sell,2.609e-05,52.0,0.0013566799999999999
NXS/BTC,1614617157330,2021-03-01T16:45:57.330Z,sell,2.608e-05,42.0,0.00109536
NXS/BTC,1614617165006,2021-03-01T16:46:05.006Z,sell,2.605e-05,5.0,0.00013025
NXS/BTC,1614617196457,2021-03-01T16:46:36.457Z,sell,2.604e-05,225.0,0.0058590000000000005
NXS/BTC,1614617202901,2021-03-01T16:46:42.901Z,sell,2.604e-05,572.0,0.014894880000000001
NXS/BTC,1614617209148,2021-03-01T16:46:49.148Z,buy,2.602e-05,52.0,0.00135304
NXS/BTC,1614617209148,2021-03-01T16:46:49.148Z,buy,2.603e-05,228.0,0.00593484
NXS/BTC,1614617209148,2021-03-01T16:46:49.148Z,buy,2.604e-05,396.0,0.010311840000000001
NXS/BTC,1614617214151,2021-03-01T16:46:54.151Z,sell,2.6e-05,6.0,0.000156
NXS/BTC,1614617215443,2021-03-01T16:46:55.443Z,sell,2.594e-05,5.0,0.0001297
NXS/BTC,1614617215443,2021-03-01T16:46:55.443Z,sell,2.591e-05,90.0,0.0023319
NXS/BTC,1614617215443,2021-03-01T16:46:55.443Z,sell,2.589e-05,10.0,0.0002589
NXS/BTC,1614617215443,2021-03-01T16:46:55.443Z,sell,2.587e-05,60.0,0.0015522
NXS/BTC,1614617215443,2021-03-01T16:46:55.443Z,sell,2.585e-05,24.0,0.0006204
NXS/BTC,1614617224712,2021-03-01T16:47:04.712Z,sell,2.585e-05,40.0,0.001034
NXS/BTC,1614617246124,2021-03-01T16:47:26.124Z,sell,2.584e-05,5.0,0.0001292
NXS/BTC,1614617246264,2021-03-01T16:47:26.264Z,sell,2.584e-05,4.0,0.00010336
NXS/BTC,1614617251016,2021-03-01T16:47:31.016Z,buy,2.585e-05,4.0,0.0001034
NXS/BTC,1614617264497,2021-03-01T16:47:44.497Z,buy,2.585e-05,6.0,0.0001551
NXS/BTC,1614617291367,2021-03-01T16:48:11.367Z,sell,2.584e-05,4.0,0.00010336
NXS/BTC,1614617338750,2021-03-01T16:48:58.750Z,buy,2.583e-05,349.0,0.009014669999999999
NXS/BTC,1614617359032,2021-03-01T16:49:19.032Z,sell,2.583e-05,6.0,0.00015497999999999998
NXS/BTC,1614617363392,2021-03-01T16:49:23.392Z,sell,2.583e-05,63.0,0.00162729
NXS/BTC,1614617375669,2021-03-01T16:49:35.669Z,sell,2.583e-05,4.0,0.00010332
NXS/BTC,1614617379177,2021-03-01T16:49:39.177Z,buy,2.584e-05,548.0,0.01416032
NXS/BTC,1614617379177,2021-03-01T16:49:39.177Z,buy,2.585e-05,192.0,0.0049632
NXS/BTC,1614617379177,2021-03-01T16:49:39.177Z,buy,2.596e-05,94.0,0.0024402399999999998
NXS/BTC,1614617379177,2021-03-01T16:49:39.177Z,buy,2.604e-05,90.0,0.0023436
NXS/BTC,1614617381883,2021-03-01T16:49:41.883Z,buy,2.616e-05,13.0,0.00034008
NXS/BTC,1614617381883,2021-03-01T16:49:41.883Z,buy,2.617e-05,100.0,0.002617
NXS/BTC,1614617381883,2021-03-01T16:49:41.883Z,buy,2.62e-05,68.0,0.0017816
NXS/BTC,1614617381883,2021-03-01T16:49:41.883Z,buy,2.622e-05,112.0,0.00293664
NXS/BTC,1614617381883,2021-03-01T16:49:41.883Z,buy,2.623e-05,60.0,0.0015738
NXS/BTC,1614617392398,2021-03-01T16:49:52.398Z,buy,2.625e-05,21.0,0.00055125
NXS/BTC,1614617392398,2021-03-01T16:49:52.398Z,buy,2.629e-05,56.0,0.00147224
NXS/BTC,1614617392398,2021-03-01T16:49:52.398Z,buy,2.63e-05,578.0,0.015201399999999999
NXS/BTC,1614617393378,2021-03-01T16:49:53.378Z,sell,2.63e-05,35.0,0.0009205
NXS/BTC,1614617393473,2021-03-01T16:49:53.473Z,sell,2.63e-05,552.0,0.014517599999999999
NXS/BTC,1614617393754,2021-03-01T16:49:53.754Z,sell,2.63e-05,24.0,0.0006312
NXS/BTC,1614617394203,2021-03-01T16:49:54.203Z,sell,2.63e-05,36.0,0.0009467999999999999
NXS/BTC,1614617394212,2021-03-01T16:49:54.212Z,sell,2.63e-05,25.0,0.0006575
NXS/BTC,1614617394327,2021-03-01T16:49:54.327Z,sell,2.63e-05,9.0,0.00023669999999999998
NXS/BTC,1614617394428,2021-03-01T16:49:54.428Z,sell,2.63e-05,454.0,0.0119402
NXS/BTC,1614617394541,2021-03-01T16:49:54.541Z,buy,2.633e-05,6.0,0.00015798
NXS/BTC,1614617397005,2021-03-01T16:49:57.005Z,buy,2.629e-05,28.0,0.00073612
NXS/BTC,1614617397005,2021-03-01T16:49:57.005Z,buy,2.63e-05,25.0,0.0006575
NXS/BTC,1614617397005,2021-03-01T16:49:57.005Z,buy,2.633e-05,49.0,0.00129017
NXS/BTC,1614617397005,2021-03-01T16:49:57.005Z,buy,2.634e-05,9.0,0.00023705999999999998
NXS/BTC,1614617397005,2021-03-01T16:49:57.005Z,buy,2.641e-05,32.0,0.00084512
NXS/BTC,1614617397005,2021-03-01T16:49:57.005Z,buy,2.642e-05,101.0,0.00266842
NXS/BTC,1614617397005,2021-03-01T16:49:57.005Z,buy,2.643e-05,711.0,0.01879173
NXS/BTC,1614617397627,2021-03-01T16:49:57.627Z,sell,2.601e-05,4.0,0.00010404
NXS/BTC,1614617398691,2021-03-01T16:49:58.691Z,buy,2.641e-05,4.0,0.00010564
NXS/BTC,1614617399157,2021-03-01T16:49:59.157Z,buy,2.641e-05,10.0,0.00026409999999999997
NXS/BTC,1614617399157,2021-03-01T16:49:59.157Z,buy,2.642e-05,4.0,0.00010568
NXS/BTC,1614617399157,2021-03-01T16:49:59.157Z,buy,2.643e-05,141.0,0.00372663
NXS/BTC,1614617399157,2021-03-01T16:49:59.157Z,buy,2.644e-05,1159.0,0.03064396
NXS/BTC,1614617399157,2021-03-01T16:49:59.157Z,buy,2.646e-05,17.0,0.00044982
NXS/BTC,1614617399157,2021-03-01T16:49:59.157Z,buy,2.65e-05,176.0,0.004664
NXS/BTC,1614617399157,2021-03-01T16:49:59.157Z,buy,2.651e-05,38.0,0.00100738
NXS/BTC,1614617399157,2021-03-01T16:49:59.157Z,buy,2.655e-05,90.0,0.0023895
NXS/BTC,1614617399157,2021-03-01T16:49:59.157Z,buy,2.656e-05,18.0,0.00047808
NXS/BTC,1614617399157,2021-03-01T16:49:59.157Z,buy,2.66e-05,6.0,0.0001596
NXS/BTC,1614617399157,2021-03-01T16:49:59.157Z,buy,2.665e-05,171.0,0.00455715
NXS/BTC,1614617399157,2021-03-01T16:49:59.157Z,buy,2.666e-05,33.0,0.0008797799999999999
NXS/BTC,1614617399157,2021-03-01T16:49:59.157Z,buy,2.668e-05,90.0,0.0024012
NXS/BTC,1614617399157,2021-03-01T16:49:59.157Z,buy,2.67e-05,17.0,0.0004539
NXS/BTC,1614617399157,2021-03-01T16:49:59.157Z,buy,2.673e-05,9.0,0.00024057
NXS/BTC,1614617399157,2021-03-01T16:49:59.157Z,buy,2.676e-05,42.0,0.00112392
NXS/BTC,1614617399157,2021-03-01T16:49:59.157Z,buy,2.679e-05,30.0,0.0008037
NXS/BTC,1614617399157,2021-03-01T16:49:59.157Z,buy,2.681e-05,90.0,0.0024129
NXS/BTC,1614617399157,2021-03-01T16:49:59.157Z,buy,2.682e-05,1869.0,0.050126580000000004
NXS/BTC,1614617399606,2021-03-01T16:49:59.606Z,sell,2.638e-05,27.0,0.00071226
NXS/BTC,1614617401341,2021-03-01T16:50:01.341Z,sell,2.617e-05,114.0,0.00298338
NXS/BTC,1614617402175,2021-03-01T16:50:02.175Z,sell,2.632e-05,7.0,0.00018423999999999998
NXS/BTC,1614617402193,2021-03-01T16:50:02.193Z,buy,2.637e-05,13.0,0.00034281
NXS/BTC,1614617402391,2021-03-01T16:50:02.391Z,sell,2.632e-05,1.0,2.632e-05
NXS/BTC,1614617402391,2021-03-01T16:50:02.391Z,sell,2.618e-05,215.0,0.0056287
NXS/BTC,1614617402391,2021-03-01T16:50:02.391Z,sell,2.616e-05,5.0,0.0001308
NXS/BTC,1614617402391,2021-03-01T16:50:02.391Z,sell,2.613e-05,10.0,0.0002613
NXS/BTC,1614617402391,2021-03-01T16:50:02.391Z,sell,2.611e-05,31.0,0.00080941
NXS/BTC,1614617403131,2021-03-01T16:50:03.131Z,buy,2.632e-05,10.0,0.0002632
NXS/BTC,1614617404606,2021-03-01T16:50:04.606Z,sell,2.613e-05,25.0,0.00065325
NXS/BTC,1614617405613,2021-03-01T16:50:05.613Z,sell,2.615e-05,170.0,0.0044455
NXS/BTC,1614617405613,2021-03-01T16:50:05.613Z,sell,2.614e-05,281.0,0.0073453400000000005
NXS/BTC,1614617405732,2021-03-01T16:50:05.732Z,sell,2.615e-05,188.0,0.0049162
NXS/BTC,1614617405732,2021-03-01T16:50:05.732Z,sell,2.614e-05,250.0,0.006535
NXS/BTC,1614617405732,2021-03-01T16:50:05.732Z,sell,2.612e-05,13.0,0.00033956000000000004
NXS/BTC,1614617405780,2021-03-01T16:50:05.780Z,buy,2.631e-05,90.0,0.0023679
NXS/BTC,1614617406655,2021-03-01T16:50:06.655Z,sell,2.614e-05,114.0,0.0029799600000000002
NXS/BTC,1614617408790,2021-03-01T16:50:08.790Z,buy,2.614e-05,15.0,0.0003921
NXS/BTC,1614617410012,2021-03-01T16:50:10.012Z,sell,2.612e-05,35.0,0.0009142
NXS/BTC,1614617410312,2021-03-01T16:50:10.312Z,buy,2.614e-05,10.0,0.0002614
NXS/BTC,1614617410312,2021-03-01T16:50:10.312Z,buy,2.631e-05,213.0,0.00560403
NXS/BTC,1614617410312,2021-03-01T16:50:10.312Z,buy,2.632e-05,15.0,0.0003948
NXS/BTC,1614617411022,2021-03-01T16:50:11.022Z,sell,2.632e-05,113.0,0.00297416
NXS/BTC,1614617411657,2021-03-01T16:50:11.657Z,sell,2.632e-05,25.0,0.000658
NXS/BTC,1614617411757,2021-03-01T16:50:11.757Z,sell,2.632e-05,25.0,0.000658
NXS/BTC,1614617413779,2021-03-01T16:50:13.779Z,sell,2.632e-05,48.0,0.0012633599999999998
NXS/BTC,1614617413831,2021-03-01T16:50:13.831Z,sell,2.632e-05,48.0,0.0012633599999999998
NXS/BTC,1614617415532,2021-03-01T16:50:15.532Z,sell,2.632e-05,114.0,0.00300048
NXS/BTC,1614617415639,2021-03-01T16:50:15.639Z,sell,2.632e-05,48.0,0.0012633599999999998
NXS/BTC,1614617417087,2021-03-01T16:50:17.087Z,sell,2.632e-05,25.0,0.000658
NXS/BTC,1614617417791,2021-03-01T16:50:17.791Z,sell,2.632e-05,64.0,0.00168448
NXS/BTC,1614617420619,2021-03-01T16:50:20.619Z,sell,2.632e-05,114.0,0.00300048
NXS/BTC,1614617421772,2021-03-01T16:50:21.772Z,sell,2.632e-05,87.0,0.00228984
NXS/BTC,1614617422009,2021-03-01T16:50:22.009Z,sell,2.632e-05,25.0,0.000658
NXS/BTC,1614617424858,2021-03-01T16:50:24.858Z,sell,2.632e-05,111.0,0.00292152
NXS/BTC,1614617424858,2021-03-01T16:50:24.858Z,sell,2.631e-05,3.0,7.893e-05
NXS/BTC,1614617426226,2021-03-01T16:50:26.226Z,sell,2.631e-05,25.0,0.00065775
NXS/BTC,1614617429311,2021-03-01T16:50:29.311Z,sell,2.631e-05,41.0,0.00107871
NXS/BTC,1614617429311,2021-03-01T16:50:29.311Z,sell,2.621e-05,73.0,0.0019133300000000002
NXS/BTC,1614617430390,2021-03-01T16:50:30.390Z,sell,2.62e-05,874.0,0.0228988
NXS/BTC,1614617433182,2021-03-01T16:50:33.182Z,buy,2.622e-05,4.0,0.00010488
NXS/BTC,1614617433854,2021-03-01T16:50:33.854Z,sell,2.62e-05,78.0,0.0020436
NXS/BTC,1614617434200,2021-03-01T16:50:34.200Z,sell,2.62e-05,114.0,0.0029868
NXS/BTC,1614617434839,2021-03-01T16:50:34.839Z,sell,2.62e-05,109.0,0.0028558
NXS/BTC,1614617437840,2021-03-01T16:50:37.840Z,sell,2.62e-05,31.0,0.0008122
NXS/BTC,1614617438702,2021-03-01T16:50:38.702Z,sell,2.62e-05,114.0,0.0029868
NXS/BTC,1614617439875,2021-03-01T16:50:39.875Z,sell,2.62e-05,560.0,0.014672
NXS/BTC,1614617442419,2021-03-01T16:50:42.419Z,sell,2.62e-05,1.0,2.62e-05
NXS/BTC,1614617446049,2021-03-01T16:50:46.049Z,sell,2.618e-05,59.0,0.00154462
NXS/BTC,1614617448480,2021-03-01T16:50:48.480Z,sell,2.618e-05,1.0,2.618e-05
NXS/BTC,1614617448480,2021-03-01T16:50:48.480Z,sell,2.599e-05,14.0,0.00036386000000000003
NXS/BTC,1614617453590,2021-03-01T16:50:53.590Z,buy,2.62e-05,560.0,0.014672
NXS/BTC,1614617460123,2021-03-01T16:51:00.123Z,buy,2.622e-05,21.0,0.00055062
NXS/BTC,1614617461819,2021-03-01T16:51:01.819Z,sell,2.622e-05,60.0,0.0015732
NXS/BTC,1614617461930,2021-03-01T16:51:01.930Z,buy,2.631e-05,81.0,0.00213111
NXS/BTC,1614617461930,2021-03-01T16:51:01.930Z,buy,2.632e-05,9.0,0.00023688
NXS/BTC,1614617464397,2021-03-01T16:51:04.397Z,sell,2.63e-05,89.0,0.0023407
NXS/BTC,1614617469486,2021-03-01T16:51:09.486Z,sell,2.63e-05,449.0,0.0118087
NXS/BTC,1614617469919,2021-03-01T16:51:09.919Z,sell,2.63e-05,87.0,0.0022881
NXS/BTC,1614617472955,2021-03-01T16:51:12.955Z,buy,2.632e-05,78.0,0.00205296
NXS/BTC,1614617472955,2021-03-01T16:51:12.955Z,buy,2.637e-05,13.0,0.00034281
NXS/BTC,1614617473169,2021-03-01T16:51:13.169Z,sell,2.637e-05,27.0,0.00071199
NXS/BTC,1614617473966,2021-03-01T16:51:13.966Z,sell,2.637e-05,13.0,0.00034281
NXS/BTC,1614617473966,2021-03-01T16:51:13.966Z,sell,2.63e-05,74.0,0.0019462
NXS/BTC,1614617479599,2021-03-01T16:51:19.599Z,sell,2.63e-05,168.0,0.004418399999999999
NXS/BTC,1614617487105,2021-03-01T16:51:27.105Z,sell,2.63e-05,505.0,0.0132815
NXS/BTC,1614617487535,2021-03-01T16:51:27.535Z,sell,2.63e-05,388.0,0.010204399999999999
NXS/BTC,1614617495320,2021-03-01T16:51:35.320Z,buy,2.63e-05,51.0,0.0013413
NXS/BTC,1614617495320,2021-03-01T16:51:35.320Z,buy,2.638e-05,60.0,0.0015828
NXS/BTC,1614617495521,2021-03-01T16:51:35.521Z,sell,2.638e-05,628.0,0.01656664
NXS/BTC,1614617498737,2021-03-01T16:51:38.737Z,sell,2.638e-05,128.0,0.00337664
NXS/BTC,1614617499842,2021-03-01T16:51:39.842Z,sell,2.638e-05,659.0,0.01738442
NXS/BTC,1614617501750,2021-03-01T16:51:41.750Z,sell,2.638e-05,27.0,0.00071226
NXS/BTC,1614617506854,2021-03-01T16:51:46.854Z,sell,2.638e-05,534.0,0.014086920000000001
NXS/BTC,1614617510213,2021-03-01T16:51:50.213Z,sell,2.639e-05,14.0,0.00036946
NXS/BTC,1614617510614,2021-03-01T16:51:50.614Z,sell,2.639e-05,130.0,0.0034307
NXS/BTC,1614617513862,2021-03-01T16:51:53.862Z,sell,2.639e-05,267.0,0.00704613
NXS/BTC,1614617520841,2021-03-01T16:52:00.841Z,sell,2.639e-05,134.0,0.00353626
NXS/BTC,1614617522005,2021-03-01T16:52:02.005Z,buy,2.642e-05,10.0,0.0002642
NXS/BTC,1614617523175,2021-03-01T16:52:03.175Z,buy,2.643e-05,13.0,0.00034359
NXS/BTC,1614617523175,2021-03-01T16:52:03.175Z,buy,2.644e-05,32.0,0.00084608
NXS/BTC,1614617523175,2021-03-01T16:52:03.175Z,buy,2.654e-05,60.0,0.0015924
NXS/BTC,1614617523175,2021-03-01T16:52:03.175Z,buy,2.656e-05,18.0,0.00047808
NXS/BTC,1614617523175,2021-03-01T16:52:03.175Z,buy,2.657e-05,69.0,0.0018333300000000002
NXS/BTC,1614617523175,2021-03-01T16:52:03.175Z,buy,2.66e-05,100.0,0.00266
NXS/BTC,1614617523175,2021-03-01T16:52:03.175Z,buy,2.665e-05,316.0,0.0084214
NXS/BTC,1614617523175,2021-03-01T16:52:03.175Z,buy,2.666e-05,10.0,0.0002666
NXS/BTC,1614617523175,2021-03-01T16:52:03.175Z,buy,2.668e-05,90.0,0.0024012
NXS/BTC,1614617523175,2021-03-01T16:52:03.175Z,buy,2.67e-05,13.0,0.0003471
NXS/BTC,1614617525922,2021-03-01T16:52:05.922Z,sell,2.67e-05,18.0,0.00048059999999999997
NXS/BTC,1614617526077,2021-03-01T16:52:06.077Z,sell,2.67e-05,11.0,0.0002937
NXS/BTC,1614617526079,2021-03-01T16:52:06.079Z,sell,2.642e-05,29.0,0.00076618
NXS/BTC,1614617527345,2021-03-01T16:52:07.345Z,sell,2.643e-05,62.0,0.00163866
NXS/BTC,1614617527345,2021-03-01T16:52:07.345Z,sell,2.642e-05,62.0,0.0016380400000000001
NXS/BTC,1614617528040,2021-03-01T16:52:08.040Z,sell,2.643e-05,51.0,0.00134793
NXS/BTC,1614617528448,2021-03-01T16:52:08.448Z,sell,2.643e-05,6.0,0.00015858
NXS/BTC,1614617528448,2021-03-01T16:52:08.448Z,sell,2.642e-05,262.0,0.00692204
NXS/BTC,1614617529486,2021-03-01T16:52:09.486Z,buy,2.642e-05,232.0,0.00612944
NXS/BTC,1614617537445,2021-03-01T16:52:17.445Z,buy,2.665e-05,93.0,0.00247845
NXS/BTC,1614617541866,2021-03-01T16:52:21.866Z,sell,2.662e-05,6.0,0.00015972
NXS/BTC,1614617541866,2021-03-01T16:52:21.866Z,sell,2.647e-05,68.0,0.00179996
NXS/BTC,1614617542207,2021-03-01T16:52:22.207Z,sell,2.648e-05,10.0,0.0002648
NXS/BTC,1614617543125,2021-03-01T16:52:23.125Z,buy,2.665e-05,438.0,0.011672700000000001
NXS/BTC,1614617543125,2021-03-01T16:52:23.125Z,buy,2.666e-05,57.0,0.00151962
NXS/BTC,1614617543125,2021-03-01T16:52:23.125Z,buy,2.668e-05,62.0,0.00165416
NXS/BTC,1614617543125,2021-03-01T16:52:23.125Z,buy,2.67e-05,21.0,0.0005606999999999999
NXS/BTC,1614617543125,2021-03-01T16:52:23.125Z,buy,2.671e-05,111.0,0.00296481
NXS/BTC,1614617543125,2021-03-01T16:52:23.125Z,buy,2.672e-05,17.0,0.00045424
NXS/BTC,1614617543125,2021-03-01T16:52:23.125Z,buy,2.673e-05,92.0,0.00245916
NXS/BTC,1614617543125,2021-03-01T16:52:23.125Z,buy,2.679e-05,85.0,0.00227715
NXS/BTC,1614617543125,2021-03-01T16:52:23.125Z,buy,2.68e-05,504.0,0.0135072
NXS/BTC,1614617543125,2021-03-01T16:52:23.125Z,buy,2.682e-05,8.0,0.00021456
NXS/BTC,1614617543125,2021-03-01T16:52:23.125Z,buy,2.689e-05,1960.0,0.0527044
NXS/BTC,1614617544213,2021-03-01T16:52:24.213Z,sell,2.65e-05,12.0,0.00031800000000000003
NXS/BTC,1614617545882,2021-03-01T16:52:25.882Z,buy,2.688e-05,102.0,0.00274176
NXS/BTC,1614617545882,2021-03-01T16:52:25.882Z,buy,2.69e-05,3337.0,0.0897653
NXS/BTC,1614617545882,2021-03-01T16:52:25.882Z,buy,2.694e-05,90.0,0.0024246
NXS/BTC,1614617545882,2021-03-01T16:52:25.882Z,buy,2.698e-05,542.0,0.01462316
NXS/BTC,1614617545882,2021-03-01T16:52:25.882Z,buy,2.699e-05,364.0,0.00982436
NXS/BTC,1614617545882,2021-03-01T16:52:25.882Z,buy,2.7e-05,735.0,0.019844999999999998
NXS/BTC,1614617548247,2021-03-01T16:52:28.247Z,buy,2.699e-05,4.0,0.00010796
NXS/BTC,1614617550203,2021-03-01T16:52:30.203Z,sell,2.674e-05,5.0,0.0001337
NXS/BTC,1614617550203,2021-03-01T16:52:30.203Z,sell,2.666e-05,10.0,0.0002666
NXS/BTC,1614617552205,2021-03-01T16:52:32.205Z,sell,2.667e-05,6.0,0.00016002
NXS/BTC,1614617553657,2021-03-01T16:52:33.657Z,buy,2.697e-05,43.0,0.00115971
NXS/BTC,1614617553657,2021-03-01T16:52:33.657Z,buy,2.698e-05,9.0,0.00024281999999999998
NXS/BTC,1614617553657,2021-03-01T16:52:33.657Z,buy,2.699e-05,4.0,0.00010796
NXS/BTC,1614617554207,2021-03-01T16:52:34.207Z,sell,2.699e-05,32.0,0.00086368
NXS/BTC,1614617554406,2021-03-01T16:52:34.406Z,sell,2.699e-05,6.0,0.00016194
NXS/BTC,1614617554406,2021-03-01T16:52:34.406Z,sell,2.666e-05,3.0,7.998e-05
NXS/BTC,1614617554406,2021-03-01T16:52:34.406Z,sell,2.662e-05,39.0,0.0010381799999999999
NXS/BTC,1614617558112,2021-03-01T16:52:38.112Z,sell,2.669e-05,90.0,0.0024021
NXS/BTC,1614617558463,2021-03-01T16:52:38.463Z,buy,2.696e-05,90.0,0.0024264
NXS/BTC,1614617558463,2021-03-01T16:52:38.463Z,buy,2.697e-05,21.0,0.0005663700000000001
NXS/BTC,1614617558463,2021-03-01T16:52:38.463Z,buy,2.698e-05,9.0,0.00024281999999999998
NXS/BTC,1614617558657,2021-03-01T16:52:38.657Z,sell,2.669e-05,1.0,2.669e-05
NXS/BTC,1614617558657,2021-03-01T16:52:38.657Z,sell,2.668e-05,89.0,0.0023745199999999998
NXS/BTC,1614617563710,2021-03-01T16:52:43.710Z,sell,2.67e-05,1000.0,0.026699999999999998
NXS/BTC,1614617567785,2021-03-01T16:52:47.785Z,buy,2.696e-05,4.0,0.00010784
NXS/BTC,1614617570766,2021-03-01T16:52:50.766Z,buy,2.696e-05,961.0,0.02590856
NXS/BTC,1614617570766,2021-03-01T16:52:50.766Z,buy,2.697e-05,77.0,0.00207669
NXS/BTC,1614617570766,2021-03-01T16:52:50.766Z,buy,2.699e-05,43.0,0.00116057
NXS/BTC,1614617570766,2021-03-01T16:52:50.766Z,buy,2.7e-05,4621.0,0.12476699999999999
NXS/BTC,1614617570766,2021-03-01T16:52:50.766Z,buy,2.701e-05,3318.0,0.08961918
NXS/BTC,1614617570774,2021-03-01T16:52:50.774Z,sell,2.671e-05,86.0,0.00229706
NXS/BTC,1614617570774,2021-03-01T16:52:50.774Z,sell,2.67e-05,32.0,0.0008544
NXS/BTC,1614617570774,2021-03-01T16:52:50.774Z,sell,2.669e-05,137.0,0.00365653
NXS/BTC,1614617571524,2021-03-01T16:52:51.524Z,buy,2.695e-05,31.0,0.0008354500000000001
NXS/BTC,1614617575160,2021-03-01T16:52:55.160Z,buy,2.695e-05,66.0,0.0017787
NXS/BTC,1614617575160,2021-03-01T16:52:55.160Z,buy,2.707e-05,73.0,0.00197611
NXS/BTC,1614617576413,2021-03-01T16:52:56.413Z,sell,2.681e-05,4.0,0.00010724
NXS/BTC,1614617577579,2021-03-01T16:52:57.579Z,sell,2.695e-05,4.0,0.0001078
NXS/BTC,1614617578223,2021-03-01T16:52:58.223Z,sell,2.695e-05,5.0,0.00013475
NXS/BTC,1614617580300,2021-03-01T16:53:00.300Z,buy,2.703e-05,50.0,0.0013515
NXS/BTC,1614617580300,2021-03-01T16:53:00.300Z,buy,2.707e-05,17.0,0.00046019
NXS/BTC,1614617580300,2021-03-01T16:53:00.300Z,buy,2.712e-05,20.0,0.0005424000000000001
NXS/BTC,1614617582226,2021-03-01T16:53:02.226Z,sell,2.7e-05,17.0,0.000459
NXS/BTC,1614617583102,2021-03-01T16:53:03.102Z,sell,2.7e-05,4.0,0.000108
NXS/BTC,1614617584747,2021-03-01T16:53:04.747Z,buy,2.712e-05,845.0,0.0229164
NXS/BTC,1614617586222,2021-03-01T16:53:06.222Z,sell,2.712e-05,21.0,0.00056952
NXS/BTC,1614617586728,2021-03-01T16:53:06.728Z,sell,2.712e-05,236.0,0.00640032
NXS/BTC,1614617587518,2021-03-01T16:53:07.518Z,buy,2.713e-05,6.0,0.00016278
NXS/BTC,1614617587518,2021-03-01T16:53:07.518Z,buy,2.714e-05,11.0,0.00029854
NXS/BTC,1614617587518,2021-03-01T16:53:07.518Z,buy,2.717e-05,25.0,0.00067925
NXS/BTC,1614617588262,2021-03-01T16:53:08.262Z,buy,2.717e-05,7.0,0.00019019
NXS/BTC,1614617589739,2021-03-01T16:53:09.739Z,buy,2.713e-05,6.0,0.00016278
NXS/BTC,1614617589739,2021-03-01T16:53:09.739Z,buy,2.717e-05,9.0,0.00024452999999999996
NXS/BTC,1614617590517,2021-03-01T16:53:10.517Z,sell,2.712e-05,323.0,0.00875976
NXS/BTC,1614617591012,2021-03-01T16:53:11.012Z,buy,2.717e-05,66.0,0.0017932199999999999
NXS/BTC,1614617592227,2021-03-01T16:53:12.227Z,sell,2.717e-05,5.0,0.00013585
NXS/BTC,1614617592264,2021-03-01T16:53:12.264Z,sell,2.717e-05,6.0,0.00016302
NXS/BTC,1614617595789,2021-03-01T16:53:15.789Z,buy,2.72e-05,41.0,0.0011152
NXS/BTC,1614617599166,2021-03-01T16:53:19.166Z,sell,2.717e-05,72.0,0.0019562399999999997
NXS/BTC,1614617600069,2021-03-01T16:53:20.069Z,sell,2.712e-05,364.0,0.00987168
NXS/BTC,1614617600069,2021-03-01T16:53:20.069Z,sell,2.688e-05,536.0,0.01440768
NXS/BTC,1614617600069,2021-03-01T16:53:20.069Z,sell,2.687e-05,1451.0,0.038988369999999994
NXS/BTC,1614617600069,2021-03-01T16:53:20.069Z,sell,2.685e-05,10.0,0.00026849999999999997
NXS/BTC,1614617600069,2021-03-01T16:53:20.069Z,sell,2.676e-05,7.0,0.00018732000000000002
NXS/BTC,1614617600069,2021-03-01T16:53:20.069Z,sell,2.673e-05,2455.0,0.06562215
NXS/BTC,1614617601151,2021-03-01T16:53:21.151Z,sell,2.689e-05,38.0,0.0010218199999999999
NXS/BTC,1614617601794,2021-03-01T16:53:21.794Z,sell,2.675e-05,200.0,0.00535
NXS/BTC,1614617601850,2021-03-01T16:53:21.850Z,buy,2.712e-05,285.0,0.0077292
NXS/BTC,1614617602032,2021-03-01T16:53:22.032Z,buy,2.712e-05,165.0,0.0044748
NXS/BTC,1614617604102,2021-03-01T16:53:24.102Z,buy,2.706e-05,1201.0,0.032499059999999996
NXS/BTC,1614617604102,2021-03-01T16:53:24.102Z,buy,2.707e-05,270.0,0.0073089
NXS/BTC,1614617604102,2021-03-01T16:53:24.102Z,buy,2.708e-05,6.0,0.00016248
NXS/BTC,1614617604107,2021-03-01T16:53:24.107Z,sell,2.712e-05,66.0,0.0017899200000000002
NXS/BTC,1614617607392,2021-03-01T16:53:27.392Z,buy,2.7e-05,534.0,0.014418
NXS/BTC,1614617610110,2021-03-01T16:53:30.110Z,sell,2.7e-05,633.0,0.017091
NXS/BTC,1614617610226,2021-03-01T16:53:30.226Z,sell,2.7e-05,314.0,0.008478
NXS/BTC,1614617615428,2021-03-01T16:53:35.428Z,sell,2.71e-05,9.0,0.00024390000000000002
NXS/BTC,1614617619779,2021-03-01T16:53:39.779Z,sell,2.712e-05,248.0,0.00672576
NXS/BTC,1614617619779,2021-03-01T16:53:39.779Z,sell,2.71e-05,34.0,0.0009214000000000001
NXS/BTC,1614617619779,2021-03-01T16:53:39.779Z,sell,2.7e-05,1859.0,0.050193
NXS/BTC,1614617628003,2021-03-01T16:53:48.003Z,buy,2.712e-05,4.0,0.00010848
NXS/BTC,1614617628038,2021-03-01T16:53:48.038Z,buy,2.712e-05,195.0,0.0052884
NXS/BTC,1614617630547,2021-03-01T16:53:50.547Z,sell,2.71e-05,21.0,0.0005691
NXS/BTC,1614617630547,2021-03-01T16:53:50.547Z,sell,2.71e-05,21.0,0.0005691
NXS/BTC,1614617630856,2021-03-01T16:53:50.856Z,buy,2.712e-05,16.0,0.00043392
NXS/BTC,1614617630856,2021-03-01T16:53:50.856Z,buy,2.713e-05,646.0,0.01752598
NXS/BTC,1614617631516,2021-03-01T16:53:51.516Z,buy,2.713e-05,48.0,0.00130224
NXS/BTC,1614617633342,2021-03-01T16:53:53.342Z,buy,2.713e-05,12.0,0.00032556
NXS/BTC,1614617634286,2021-03-01T16:53:54.286Z,buy,2.712e-05,58.0,0.00157296
NXS/BTC,1614617634286,2021-03-01T16:53:54.286Z,buy,2.713e-05,247.0,0.00670111
NXS/BTC,1614617636060,2021-03-01T16:53:56.060Z,buy,2.713e-05,25.0,0.00067825
NXS/BTC,1614617636337,2021-03-01T16:53:56.337Z,sell,2.71e-05,256.0,0.0069376
NXS/BTC,1614617636693,2021-03-01T16:53:56.693Z,sell,2.701e-05,7.0,0.00018907
NXS/BTC,1614617644126,2021-03-01T16:54:04.126Z,sell,2.7e-05,86.0,0.002322
NXS/BTC,1614617645741,2021-03-01T16:54:05.741Z,sell,2.7e-05,7.0,0.00018899999999999999
NXS/BTC,1614617647279,2021-03-01T16:54:07.279Z,buy,2.701e-05,289.0,0.00780589
NXS/BTC,1614617649213,2021-03-01T16:54:09.213Z,sell,2.7e-05,188.0,0.005076
NXS/BTC,1614617652063,2021-03-01T16:54:12.063Z,sell,2.7e-05,265.0,0.007155
NXS/BTC,1614617652621,2021-03-01T16:54:12.621Z,buy,2.7e-05,22.0,0.000594
NXS/BTC,1614617652621,2021-03-01T16:54:12.621Z,buy,2.701e-05,506.0,0.01366706
NXS/BTC,1614617666368,2021-03-01T16:54:26.368Z,buy,2.709e-05,27.0,0.00073143
NXS/BTC,1614617669104,2021-03-01T16:54:29.104Z,buy,2.713e-05,11.0,0.00029843
NXS/BTC,1614617669104,2021-03-01T16:54:29.104Z,buy,2.714e-05,11.0,0.00029854
NXS/BTC,1614617670428,2021-03-01T16:54:30.428Z,sell,2.713e-05,194.0,0.00526322
NXS/BTC,1614617670428,2021-03-01T16:54:30.428Z,sell,2.709e-05,506.0,0.01370754
NXS/BTC,1614617673089,2021-03-01T16:54:33.089Z,sell,2.709e-05,235.0,0.00636615
NXS/BTC,1614617680549,2021-03-01T16:54:40.549Z,sell,2.709e-05,300.0,0.008127
NXS/BTC,1614617681115,2021-03-01T16:54:41.115Z,sell,2.709e-05,50.0,0.0013545
NXS/BTC,1614617686633,2021-03-01T16:54:46.633Z,buy,2.714e-05,61.0,0.00165554
NXS/BTC,1614617691712,2021-03-01T16:54:51.712Z,sell,2.709e-05,262.0,0.00709758
NXS/BTC,1614617699780,2021-03-01T16:54:59.780Z,sell,2.709e-05,50.0,0.0013545
NXS/BTC,1614617700369,2021-03-01T16:55:00.369Z,buy,2.714e-05,484.0,0.01313576
NXS/BTC,1614617701012,2021-03-01T16:55:01.012Z,buy,2.714e-05,13.0,0.00035282
NXS/BTC,1614617702064,2021-03-01T16:55:02.064Z,buy,2.714e-05,36.0,0.00097704
NXS/BTC,1614617702190,2021-03-01T16:55:02.190Z,sell,2.714e-05,282.0,0.007653480000000001
NXS/BTC,1614617709265,2021-03-01T16:55:09.265Z,buy,2.715e-05,10.0,0.0002715
NXS/BTC,1614617709265,2021-03-01T16:55:09.265Z,buy,2.717e-05,523.0,0.01420991
NXS/BTC,1614617713407,2021-03-01T16:55:13.407Z,buy,2.717e-05,202.0,0.0054883399999999995
NXS/BTC,1614617714308,2021-03-01T16:55:14.308Z,sell,2.714e-05,11.0,0.00029854
NXS/BTC,1614617719045,2021-03-01T16:55:19.045Z,sell,2.714e-05,1213.0,0.03292082
NXS/BTC,1614617724316,2021-03-01T16:55:24.316Z,buy,2.717e-05,545.0,0.01480765
NXS/BTC,1614617724316,2021-03-01T16:55:24.316Z,buy,2.72e-05,341.0,0.0092752
NXS/BTC,1614617727936,2021-03-01T16:55:27.936Z,buy,2.722e-05,60.0,0.0016332
NXS/BTC,1614617727936,2021-03-01T16:55:27.936Z,buy,2.724e-05,91.0,0.00247884
NXS/BTC,1614617738496,2021-03-01T16:55:38.496Z,buy,2.724e-05,1171.0,0.03189804
NXS/BTC,1614617739688,2021-03-01T16:55:39.688Z,buy,2.723e-05,43.0,0.00117089
NXS/BTC,1614617742977,2021-03-01T16:55:42.977Z,buy,2.723e-05,7.0,0.00019061
NXS/BTC,1614617742977,2021-03-01T16:55:42.977Z,buy,2.724e-05,48.0,0.00130752
NXS/BTC,1614617744779,2021-03-01T16:55:44.779Z,buy,2.724e-05,8.0,0.00021792
NXS/BTC,1614617749260,2021-03-01T16:55:49.260Z,sell,2.721e-05,872.0,0.023727119999999997
NXS/BTC,1614617750293,2021-03-01T16:55:50.293Z,sell,2.721e-05,5.0,0.00013605
NXS/BTC,1614617752333,2021-03-01T16:55:52.333Z,sell,2.721e-05,148.0,0.00402708
NXS/BTC,1614617756041,2021-03-01T16:55:56.041Z,sell,2.721e-05,151.0,0.00410871
NXS/BTC,1614617756755,2021-03-01T16:55:56.755Z,sell,2.721e-05,204.0,0.00555084
NXS/BTC,1614617758523,2021-03-01T16:55:58.523Z,buy,2.724e-05,435.0,0.0118494
NXS/BTC,1614617758840,2021-03-01T16:55:58.840Z,sell,2.721e-05,285.0,0.00775485
NXS/BTC,1614617759806,2021-03-01T16:55:59.806Z,sell,2.721e-05,86.0,0.0023400599999999997
NXS/BTC,1614617762271,2021-03-01T16:56:02.271Z,sell,2.721e-05,14.0,0.00038093999999999997
NXS/BTC,1614617763225,2021-03-01T16:56:03.225Z,sell,2.721e-05,232.0,0.00631272
NXS/BTC,1614617763225,2021-03-01T16:56:03.225Z,sell,2.714e-05,1596.0,0.043315440000000004
NXS/BTC,1614617764038,2021-03-01T16:56:04.038Z,sell,2.714e-05,675.0,0.0183195
NXS/BTC,1614617765613,2021-03-01T16:56:05.613Z,sell,2.714e-05,10.0,0.0002714
NXS/BTC,1614617766534,2021-03-01T16:56:06.534Z,buy,2.723e-05,135.0,0.0036760499999999997
NXS/BTC,1614617766534,2021-03-01T16:56:06.534Z,buy,2.724e-05,180.0,0.0049032
NXS/BTC,1614617766682,2021-03-01T16:56:06.682Z,sell,2.713e-05,15.0,0.00040695
NXS/BTC,1614617766686,2021-03-01T16:56:06.686Z,sell,2.713e-05,42.0,0.00113946
NXS/BTC,1614617769811,2021-03-01T16:56:09.811Z,buy,2.713e-05,310.0,0.008410299999999999
NXS/BTC,1614617771705,2021-03-01T16:56:11.705Z,sell,2.709e-05,36.0,0.00097524
NXS/BTC,1614617771705,2021-03-01T16:56:11.705Z,sell,2.707e-05,90.0,0.0024363
NXS/BTC,1614617771705,2021-03-01T16:56:11.705Z,sell,2.701e-05,420.0,0.0113442
NXS/BTC,1614617771705,2021-03-01T16:56:11.705Z,sell,2.694e-05,90.0,0.0024246
NXS/BTC,1614617771705,2021-03-01T16:56:11.705Z,sell,2.686e-05,10.0,0.0002686
NXS/BTC,1614617771705,2021-03-01T16:56:11.705Z,sell,2.685e-05,10.0,0.00026849999999999997
NXS/BTC,1614617771705,2021-03-01T16:56:11.705Z,sell,2.681e-05,310.0,0.0083111
NXS/BTC,1614617771705,2021-03-01T16:56:11.705Z,sell,2.675e-05,257.0,0.00687475
NXS/BTC,1614617775863,2021-03-01T16:56:15.863Z,sell,2.689e-05,48.0,0.00129072
NXS/BTC,1614617779351,2021-03-01T16:56:19.351Z,buy,2.7e-05,9.0,0.000243
NXS/BTC,1614617781782,2021-03-01T16:56:21.782Z,sell,2.689e-05,43.0,0.0011562699999999998
NXS/BTC,1614617786289,2021-03-01T16:56:26.289Z,buy,2.689e-05,13.0,0.00034957
NXS/BTC,1614617788083,2021-03-01T16:56:28.083Z,buy,2.689e-05,174.0,0.00467886
NXS/BTC,1614617788083,2021-03-01T16:56:28.083Z,buy,2.7e-05,632.0,0.017064
NXS/BTC,1614617788285,2021-03-01T16:56:28.285Z,sell,2.688e-05,58.0,0.00155904
NXS/BTC,1614617788285,2021-03-01T16:56:28.285Z,sell,2.675e-05,342.0,0.0091485
NXS/BTC,1614617788285,2021-03-01T16:56:28.285Z,sell,2.674e-05,61.0,0.00163114
NXS/BTC,1614617790270,2021-03-01T16:56:30.270Z,buy,2.688e-05,26.0,0.00069888
NXS/BTC,1614617798186,2021-03-01T16:56:38.186Z,sell,2.681e-05,21.0,0.00056301
NXS/BTC,1614617801795,2021-03-01T16:56:41.795Z,buy,2.688e-05,15.0,0.0004032
NXS/BTC,1614617801795,2021-03-01T16:56:41.795Z,buy,2.699e-05,21.0,0.0005667900000000001
NXS/BTC,1614617801795,2021-03-01T16:56:41.795Z,buy,2.7e-05,59.0,0.001593
NXS/BTC,1614617804311,2021-03-01T16:56:44.311Z,sell,2.687e-05,74.0,0.00198838
NXS/BTC,1614617804311,2021-03-01T16:56:44.311Z,sell,2.677e-05,120.0,0.0032124
NXS/BTC,1614617805696,2021-03-01T16:56:45.696Z,sell,2.682e-05,74.0,0.00198468
NXS/BTC,1614617805696,2021-03-01T16:56:45.696Z,sell,2.681e-05,451.0,0.01209131
NXS/BTC,1614617805696,2021-03-01T16:56:45.696Z,sell,2.671e-05,4475.0,0.11952725
NXS/BTC,1614617805696,2021-03-01T16:56:45.696Z,sell,2.671e-05,18.0,0.00048078
NXS/BTC,1614617814511,2021-03-01T16:56:54.511Z,sell,2.677e-05,150.0,0.0040155
NXS/BTC,1614617814511,2021-03-01T16:56:54.511Z,sell,2.676e-05,110.0,0.0029436
NXS/BTC,1614617814511,2021-03-01T16:56:54.511Z,sell,2.673e-05,66.0,0.00176418
NXS/BTC,1614617814511,2021-03-01T16:56:54.511Z,sell,2.672e-05,56.0,0.0014963200000000002
NXS/BTC,1614617814511,2021-03-01T16:56:54.511Z,sell,2.671e-05,171.0,0.00456741
NXS/BTC,1614617815701,2021-03-01T16:56:55.701Z,buy,2.679e-05,28.0,0.00075012
NXS/BTC,1614617815701,2021-03-01T16:56:55.701Z,buy,2.693e-05,61.0,0.00164273
NXS/BTC,1614617815701,2021-03-01T16:56:55.701Z,buy,2.694e-05,59.0,0.00158946
NXS/BTC,1614617817004,2021-03-01T16:56:57.004Z,sell,2.68e-05,129.0,0.0034572
NXS/BTC,1614617817004,2021-03-01T16:56:57.004Z,sell,2.679e-05,74.0,0.00198246
NXS/BTC,1614617821584,2021-03-01T16:57:01.584Z,buy,2.677e-05,404.0,0.01081508
NXS/BTC,1614617821584,2021-03-01T16:57:01.584Z,buy,2.689e-05,110.0,0.0029579
NXS/BTC,1614617821584,2021-03-01T16:57:01.584Z,buy,2.69e-05,129.0,0.0034701
NXS/BTC,1614617821584,2021-03-01T16:57:01.584Z,buy,2.691e-05,148.0,0.003982680000000001
NXS/BTC,1614617821584,2021-03-01T16:57:01.584Z,buy,2.694e-05,31.0,0.00083514
NXS/BTC,1614617821584,2021-03-01T16:57:01.584Z,buy,2.698e-05,174.0,0.00469452
NXS/BTC,1614617821584,2021-03-01T16:57:01.584Z,buy,2.699e-05,6.0,0.00016194
NXS/BTC,1614617821584,2021-03-01T16:57:01.584Z,buy,2.7e-05,50.0,0.0013499999999999999
NXS/BTC,1614617821584,2021-03-01T16:57:01.584Z,buy,2.701e-05,516.0,0.01393716
NXS/BTC,1614617821584,2021-03-01T16:57:01.584Z,buy,2.702e-05,162.0,0.00437724
NXS/BTC,1614617821584,2021-03-01T16:57:01.584Z,buy,2.707e-05,90.0,0.0024363
NXS/BTC,1614617821584,2021-03-01T16:57:01.584Z,buy,2.713e-05,12.0,0.00032556
NXS/BTC,1614617821584,2021-03-01T16:57:01.584Z,buy,2.714e-05,986.0,0.026760040000000002
NXS/BTC,1614617821584,2021-03-01T16:57:01.584Z,buy,2.718e-05,58.0,0.0015764400000000001
NXS/BTC,1614617821584,2021-03-01T16:57:01.584Z,buy,2.72e-05,90.0,0.002448
NXS/BTC,1614617821584,2021-03-01T16:57:01.584Z,buy,2.723e-05,697.0,0.01897931
NXS/BTC,1614617822332,2021-03-01T16:57:02.332Z,sell,2.68e-05,74.0,0.0019832
NXS/BTC,1614617822332,2021-03-01T16:57:02.332Z,sell,2.679e-05,184.0,0.00492936
NXS/BTC,1614617822332,2021-03-01T16:57:02.332Z,sell,2.677e-05,154.0,0.00412258
NXS/BTC,1614617826451,2021-03-01T16:57:06.451Z,sell,2.686e-05,74.0,0.00198764
NXS/BTC,1614617826451,2021-03-01T16:57:06.451Z,sell,2.685e-05,10.0,0.00026849999999999997
NXS/BTC,1614617826451,2021-03-01T16:57:06.451Z,sell,2.681e-05,58.0,0.0015549799999999999
NXS/BTC,1614617826451,2021-03-01T16:57:06.451Z,sell,2.677e-05,6.0,0.00016062
NXS/BTC,1614617826451,2021-03-01T16:57:06.451Z,sell,2.671e-05,107.0,0.00285797
NXS/BTC,1614617830649,2021-03-01T16:57:10.649Z,buy,2.696e-05,74.0,0.00199504
NXS/BTC,1614617830649,2021-03-01T16:57:10.649Z,buy,2.698e-05,1590.0,0.0428982
NXS/BTC,1614617831750,2021-03-01T16:57:11.750Z,buy,2.695e-05,90.0,0.0024255
NXS/BTC,1614617831955,2021-03-01T16:57:11.955Z,sell,2.682e-05,74.0,0.00198468
NXS/BTC,1614617831955,2021-03-01T16:57:11.955Z,sell,2.674e-05,92.0,0.0024600800000000003
NXS/BTC,1614617832077,2021-03-01T16:57:12.077Z,sell,2.675e-05,70.0,0.0018725
NXS/BTC,1614617836059,2021-03-01T16:57:16.059Z,buy,2.695e-05,58.0,0.0015631
NXS/BTC,1614617836059,2021-03-01T16:57:16.059Z,buy,2.696e-05,6.0,0.00016176
NXS/BTC,1614617836059,2021-03-01T16:57:16.059Z,buy,2.697e-05,107.0,0.00288579
NXS/BTC,1614617836059,2021-03-01T16:57:16.059Z,buy,2.698e-05,241.0,0.00650218
NXS/BTC,1614617837889,2021-03-01T16:57:17.889Z,buy,2.697e-05,18.0,0.00048546
NXS/BTC,1614617838738,2021-03-01T16:57:18.738Z,buy,2.695e-05,92.0,0.0024794
NXS/BTC,1614617838738,2021-03-01T16:57:18.738Z,buy,2.697e-05,126.0,0.00339822
NXS/BTC,1614617838738,2021-03-01T16:57:18.738Z,buy,2.698e-05,1337.0,0.03607226
NXS/BTC,1614617838750,2021-03-01T16:57:18.750Z,buy,2.698e-05,754.0,0.02034292
NXS/BTC,1614617839137,2021-03-01T16:57:19.137Z,buy,2.69e-05,43.0,0.0011567
NXS/BTC,1614617839137,2021-03-01T16:57:19.137Z,buy,2.698e-05,573.0,0.015459539999999999
NXS/BTC,1614617841632,2021-03-01T16:57:21.632Z,sell,2.689e-05,7.0,0.00018822999999999998
NXS/BTC,1614617841632,2021-03-01T16:57:21.632Z,sell,2.682e-05,74.0,0.00198468
NXS/BTC,1614617841632,2021-03-01T16:57:21.632Z,sell,2.681e-05,90.0,0.0024129
NXS/BTC,1614617841632,2021-03-01T16:57:21.632Z,sell,2.677e-05,829.0,0.02219233
NXS/BTC,1614617842088,2021-03-01T16:57:22.088Z,buy,2.694e-05,74.0,0.00199356
NXS/BTC,1614617843197,2021-03-01T16:57:23.197Z,sell,2.694e-05,7.0,0.00018858
NXS/BTC,1614617843522,2021-03-01T16:57:23.522Z,sell,2.694e-05,9.0,0.00024246
NXS/BTC,1614617843522,2021-03-01T16:57:23.522Z,sell,2.68e-05,337.0,0.0090316
NXS/BTC,1614617844338,2021-03-01T16:57:24.338Z,sell,2.681e-05,74.0,0.00198394
NXS/BTC,1614617844338,2021-03-01T16:57:24.338Z,sell,2.675e-05,25.0,0.00066875
NXS/BTC,1614617844882,2021-03-01T16:57:24.882Z,buy,2.689e-05,74.0,0.00198986
NXS/BTC,1614617844882,2021-03-01T16:57:24.882Z,buy,2.69e-05,107.0,0.0028783
NXS/BTC,1614617854917,2021-03-01T16:57:34.917Z,buy,2.688e-05,18.0,0.00048384000000000003
NXS/BTC,1614617856947,2021-03-01T16:57:36.947Z,buy,2.688e-05,663.0,0.01782144
NXS/BTC,1614617857372,2021-03-01T16:57:37.372Z,sell,2.678e-05,74.0,0.00198172
NXS/BTC,1614617857372,2021-03-01T16:57:37.372Z,sell,2.677e-05,13.0,0.00034801
NXS/BTC,1614617857372,2021-03-01T16:57:37.372Z,sell,2.676e-05,41.0,0.00109716
NXS/BTC,1614617858226,2021-03-01T16:57:38.226Z,buy,2.686e-05,313.0,0.00840718
NXS/BTC,1614617865964,2021-03-01T16:57:45.964Z,buy,2.687e-05,74.0,0.00198838
NXS/BTC,1614617865964,2021-03-01T16:57:45.964Z,buy,2.688e-05,31.0,0.00083328
NXS/BTC,1614617865964,2021-03-01T16:57:45.964Z,buy,2.694e-05,90.0,0.0024246
NXS/BTC,1614617865964,2021-03-01T16:57:45.964Z,buy,2.695e-05,32.0,0.0008624
NXS/BTC,1614617865964,2021-03-01T16:57:45.964Z,buy,2.696e-05,255.0,0.0068747999999999995
NXS/BTC,1614617865964,2021-03-01T16:57:45.964Z,buy,2.697e-05,1582.0,0.04266654
NXS/BTC,1614617865964,2021-03-01T16:57:45.964Z,buy,2.698e-05,584.0,0.01575632
NXS/BTC,1614617865964,2021-03-01T16:57:45.964Z,buy,2.699e-05,184.0,0.00496616
NXS/BTC,1614617865964,2021-03-01T16:57:45.964Z,buy,2.707e-05,90.0,0.0024363
NXS/BTC,1614617865964,2021-03-01T16:57:45.964Z,buy,2.71e-05,2236.0,0.060595600000000006
NXS/BTC,1614617865964,2021-03-01T16:57:45.964Z,buy,2.714e-05,29.0,0.00078706
NXS/BTC,1614617865964,2021-03-01T16:57:45.964Z,buy,2.715e-05,10.0,0.0002715
NXS/BTC,1614617865964,2021-03-01T16:57:45.964Z,buy,2.718e-05,58.0,0.0015764400000000001
NXS/BTC,1614617865964,2021-03-01T16:57:45.964Z,buy,2.72e-05,4251.0,0.1156272
NXS/BTC,1614617865964,2021-03-01T16:57:45.964Z,buy,2.723e-05,475.0,0.01293425
NXS/BTC,1614617865964,2021-03-01T16:57:45.964Z,buy,2.724e-05,3705.0,0.1009242
NXS/BTC,1614617865964,2021-03-01T16:57:45.964Z,buy,2.727e-05,13.0,0.00035451000000000005
NXS/BTC,1614617865964,2021-03-01T16:57:45.964Z,buy,2.728e-05,8.0,0.00021824
NXS/BTC,1614617865964,2021-03-01T16:57:45.964Z,buy,2.729e-05,4.0,0.00010916
NXS/BTC,1614617865964,2021-03-01T16:57:45.964Z,buy,2.73e-05,258.0,0.0070434
NXS/BTC,1614617865964,2021-03-01T16:57:45.964Z,buy,2.732e-05,90.0,0.0024588
NXS/BTC,1614617865964,2021-03-01T16:57:45.964Z,buy,2.736e-05,63.0,0.00172368
NXS/BTC,1614617865964,2021-03-01T16:57:45.964Z,buy,2.739e-05,856.0,0.02344584
NXS/BTC,1614617865964,2021-03-01T16:57:45.964Z,buy,2.74e-05,11.0,0.0003014
NXS/BTC,1614617865964,2021-03-01T16:57:45.964Z,buy,2.745e-05,99.0,0.00271755
NXS/BTC,1614617865964,2021-03-01T16:57:45.964Z,buy,2.748e-05,18.0,0.00049464
NXS/BTC,1614617865964,2021-03-01T16:57:45.964Z,buy,2.75e-05,1652.0,0.04543
NXS/BTC,1614617865964,2021-03-01T16:57:45.964Z,buy,2.756e-05,12.0,0.00033072
NXS/BTC,1614617865964,2021-03-01T16:57:45.964Z,buy,2.758e-05,90.0,0.0024822
NXS/BTC,1614617865964,2021-03-01T16:57:45.964Z,buy,2.764e-05,11.0,0.00030404
NXS/BTC,1614617865964,2021-03-01T16:57:45.964Z,buy,2.767e-05,45.0,0.00124515
NXS/BTC,1614617865964,2021-03-01T16:57:45.964Z,buy,2.771e-05,90.0,0.0024939
NXS/BTC,1614617865964,2021-03-01T16:57:45.964Z,buy,2.774e-05,8.0,0.00022192
NXS/BTC,1614617865964,2021-03-01T16:57:45.964Z,buy,2.777e-05,2997.0,0.08322669
NXS/BTC,1614617865964,2021-03-01T16:57:45.964Z,buy,2.779e-05,850.0,0.0236215
NXS/BTC,1614617865964,2021-03-01T16:57:45.964Z,buy,2.78e-05,218.0,0.0060604000000000005
NXS/BTC,1614617865964,2021-03-01T16:57:45.964Z,buy,2.783e-05,22.0,0.00061226
NXS/BTC,1614617865964,2021-03-01T16:57:45.964Z,buy,2.784e-05,267.0,0.0074332800000000004
NXS/BTC,1614617865964,2021-03-01T16:57:45.964Z,buy,2.785e-05,12.0,0.0003342
NXS/BTC,1614617865964,2021-03-01T16:57:45.964Z,buy,2.787e-05,11.0,0.00030657
NXS/BTC,1614617865964,2021-03-01T16:57:45.964Z,buy,2.79e-05,1796.0,0.050108400000000004
NXS/BTC,1614617865964,2021-03-01T16:57:45.964Z,buy,2.794e-05,255.0,0.0071247
NXS/BTC,1614617865964,2021-03-01T16:57:45.964Z,buy,2.795e-05,18.0,0.0005030999999999999
NXS/BTC,1614617865964,2021-03-01T16:57:45.964Z,buy,2.796e-05,1000.0,0.02796
NXS/BTC,1614617865964,2021-03-01T16:57:45.964Z,buy,2.797e-05,90.0,0.0025173
NXS/BTC,1614617865964,2021-03-01T16:57:45.964Z,buy,2.799e-05,2133.0,0.059702670000000006
NXS/BTC,1614617865964,2021-03-01T16:57:45.964Z,buy,2.8e-05,7316.0,0.204848
NXS/BTC,1614617866329,2021-03-01T16:57:46.329Z,buy,2.752e-05,57.0,0.00156864
NXS/BTC,1614617868283,2021-03-01T16:57:48.283Z,sell,2.735e-05,43.0,0.00117605
NXS/BTC,1614617869503,2021-03-01T16:57:49.503Z,sell,2.751e-05,12.0,0.00033012
NXS/BTC,1614617869503,2021-03-01T16:57:49.503Z,sell,2.738e-05,244.0,0.006680719999999999
NXS/BTC,1614617869521,2021-03-01T16:57:49.521Z,sell,2.739e-05,5.0,0.00013695
NXS/BTC,1614617870228,2021-03-01T16:57:50.228Z,sell,2.739e-05,72.0,0.00197208
NXS/BTC,1614617870228,2021-03-01T16:57:50.228Z,sell,2.722e-05,20.0,0.0005444
NXS/BTC,1614617870228,2021-03-01T16:57:50.228Z,sell,2.713e-05,10.0,0.0002713
NXS/BTC,1614617870228,2021-03-01T16:57:50.228Z,sell,2.707e-05,54.0,0.00146178
NXS/BTC,1614617870270,2021-03-01T16:57:50.270Z,buy,2.752e-05,9.0,0.00024768
NXS/BTC,1614617870288,2021-03-01T16:57:50.288Z,sell,2.748e-05,10.0,0.0002748
NXS/BTC,1614617872478,2021-03-01T16:57:52.478Z,sell,2.748e-05,7.0,0.00019236
NXS/BTC,1614617874378,2021-03-01T16:57:54.378Z,buy,2.75e-05,4.0,0.00011
NXS/BTC,1614617874510,2021-03-01T16:57:54.510Z,buy,2.75e-05,64.0,0.00176
NXS/BTC,1614617874510,2021-03-01T16:57:54.510Z,buy,2.752e-05,12.0,0.00033024
NXS/BTC,1614617874510,2021-03-01T16:57:54.510Z,buy,2.753e-05,9.0,0.00024776999999999997
NXS/BTC,1614617875864,2021-03-01T16:57:55.864Z,buy,2.752e-05,20.0,0.0005504
NXS/BTC,1614617876217,2021-03-01T16:57:56.217Z,buy,2.752e-05,90.0,0.0024768
NXS/BTC,1614617876485,2021-03-01T16:57:56.485Z,buy,2.752e-05,24.0,0.00066048
NXS/BTC,1614617877639,2021-03-01T16:57:57.639Z,buy,2.755e-05,289.0,0.007961949999999999
NXS/BTC,1614617877639,2021-03-01T16:57:57.639Z,buy,2.756e-05,12.0,0.00033072
NXS/BTC,1614617877639,2021-03-01T16:57:57.639Z,buy,2.774e-05,18.0,0.0004993199999999999
NXS/BTC,1614617877639,2021-03-01T16:57:57.639Z,buy,2.78e-05,4.0,0.0001112
NXS/BTC,1614617877639,2021-03-01T16:57:57.639Z,buy,2.785e-05,12.0,0.0003342
NXS/BTC,1614617877639,2021-03-01T16:57:57.639Z,buy,2.789e-05,390.0,0.010877099999999999
NXS/BTC,1614617877639,2021-03-01T16:57:57.639Z,buy,2.79e-05,2150.0,0.059985000000000004
NXS/BTC,1614617877639,2021-03-01T16:57:57.639Z,buy,2.797e-05,11.0,0.00030767
NXS/BTC,1614617877639,2021-03-01T16:57:57.639Z,buy,2.8e-05,699.0,0.019572
NXS/BTC,1614617878482,2021-03-01T16:57:58.482Z,sell,2.75e-05,9.0,0.0002475
NXS/BTC,1614617879102,2021-03-01T16:57:59.102Z,buy,2.754e-05,77.0,0.00212058
NXS/BTC,1614617879102,2021-03-01T16:57:59.102Z,buy,2.798e-05,14.0,0.00039172
NXS/BTC,1614617880207,2021-03-01T16:58:00.207Z,buy,2.795e-05,115.0,0.0032142499999999997
NXS/BTC,1614617880207,2021-03-01T16:58:00.207Z,buy,2.796e-05,70.0,0.0019572
NXS/BTC,1614617880207,2021-03-01T16:58:00.207Z,buy,2.8e-05,81.0,0.002268
NXS/BTC,1614617880283,2021-03-01T16:58:00.283Z,sell,2.762e-05,10.0,0.0002762
NXS/BTC,1614617881994,2021-03-01T16:58:01.994Z,buy,2.793e-05,10.0,0.0002793
NXS/BTC,1614617881994,2021-03-01T16:58:01.994Z,buy,2.799e-05,35.0,0.00097965
NXS/BTC,1614617881994,2021-03-01T16:58:01.994Z,buy,2.8e-05,106.0,0.002968
NXS/BTC,1614617882288,2021-03-01T16:58:02.288Z,sell,2.776e-05,36.0,0.00099936
NXS/BTC,1614617882391,2021-03-01T16:58:02.391Z,buy,2.791e-05,36.0,0.00100476
NXS/BTC,1614617882391,2021-03-01T16:58:02.391Z,buy,2.792e-05,18.0,0.00050256
NXS/BTC,1614617882415,2021-03-01T16:58:02.415Z,sell,2.798e-05,9.0,0.00025182
NXS/BTC,1614617883941,2021-03-01T16:58:03.941Z,sell,2.798e-05,11.0,0.00030778
NXS/BTC,1614617883941,2021-03-01T16:58:03.941Z,sell,2.79e-05,28.0,0.0007812
NXS/BTC,1614617884654,2021-03-01T16:58:04.654Z,buy,2.78e-05,1698.0,0.0472044
NXS/BTC,1614617884919,2021-03-01T16:58:04.919Z,sell,2.776e-05,6.0,0.00016656
NXS/BTC,1614617885094,2021-03-01T16:58:05.094Z,sell,2.776e-05,29.0,0.0008050399999999999
NXS/BTC,1614617885094,2021-03-01T16:58:05.094Z,sell,2.769e-05,76.0,0.00210444
NXS/BTC,1614617886181,2021-03-01T16:58:06.181Z,buy,2.777e-05,9.0,0.00024993
NXS/BTC,1614617886181,2021-03-01T16:58:06.181Z,buy,2.778e-05,55.0,0.0015279
NXS/BTC,1614617886287,2021-03-01T16:58:06.287Z,sell,2.769e-05,9.0,0.00024921000000000003
NXS/BTC,1614617886447,2021-03-01T16:58:06.447Z,sell,2.769e-05,17.0,0.00047073000000000004
NXS/BTC,1614617886671,2021-03-01T16:58:06.671Z,buy,2.762e-05,41.0,0.00113242
NXS/BTC,1614617888542,2021-03-01T16:58:08.542Z,buy,2.762e-05,29.0,0.00080098
NXS/BTC,1614617888657,2021-03-01T16:58:08.657Z,buy,2.762e-05,879.0,0.02427798
NXS/BTC,1614617892082,2021-03-01T16:58:12.082Z,buy,2.762e-05,118.0,0.00325916
NXS/BTC,1614617892576,2021-03-01T16:58:12.576Z,sell,2.769e-05,173.0,0.00479037
NXS/BTC,1614617895012,2021-03-01T16:58:15.012Z,sell,2.763e-05,311.0,0.00859293
NXS/BTC,1614617896379,2021-03-01T16:58:16.379Z,buy,2.772e-05,35.0,0.0009702
NXS/BTC,1614617896379,2021-03-01T16:58:16.379Z,buy,2.773e-05,29.0,0.00080417
NXS/BTC,1614617896379,2021-03-01T16:58:16.379Z,buy,2.777e-05,9.0,0.00024993
NXS/BTC,1614617896379,2021-03-01T16:58:16.379Z,buy,2.779e-05,311.0,0.00864269
NXS/BTC,1614617896379,2021-03-01T16:58:16.379Z,buy,2.78e-05,1004.0,0.0279112
NXS/BTC,1614617897675,2021-03-01T16:58:17.675Z,buy,2.771e-05,90.0,0.0024939
NXS/BTC,1614617897675,2021-03-01T16:58:17.675Z,buy,2.779e-05,47.0,0.00130613
NXS/BTC,1614617897675,2021-03-01T16:58:17.675Z,buy,2.78e-05,16.0,0.0004448
NXS/BTC,1614617899894,2021-03-01T16:58:19.894Z,buy,2.771e-05,6.0,0.00016626
NXS/BTC,1614617899894,2021-03-01T16:58:19.894Z,buy,2.776e-05,579.0,0.01607304
NXS/BTC,1614617904062,2021-03-01T16:58:24.062Z,buy,2.776e-05,1036.0,0.028759359999999998
NXS/BTC,1614617909386,2021-03-01T16:58:29.386Z,buy,2.776e-05,125.0,0.00347
NXS/BTC,1614617912230,2021-03-01T16:58:32.230Z,sell,2.768e-05,5.0,0.0001384
NXS/BTC,1614617914344,2021-03-01T16:58:34.344Z,sell,2.768e-05,6.0,0.00016607999999999998
NXS/BTC,1614617914486,2021-03-01T16:58:34.486Z,sell,2.768e-05,158.0,0.00437344
NXS/BTC,1614617915081,2021-03-01T16:58:35.081Z,sell,2.768e-05,41.0,0.00113488
NXS/BTC,1614617915199,2021-03-01T16:58:35.199Z,buy,2.776e-05,101.0,0.0028037599999999998
NXS/BTC,1614617917903,2021-03-01T16:58:37.903Z,buy,2.776e-05,25.0,0.000694
NXS/BTC,1614617918866,2021-03-01T16:58:38.866Z,buy,2.776e-05,1140.0,0.0316464
NXS/BTC,1614617918866,2021-03-01T16:58:38.866Z,buy,2.79e-05,37.0,0.0010323
NXS/BTC,1614617919632,2021-03-01T16:58:39.632Z,buy,2.8e-05,96.0,0.002688
NXS/BTC,1614617919776,2021-03-01T16:58:39.776Z,sell,2.79e-05,45.0,0.0012555
NXS/BTC,1614617920625,2021-03-01T16:58:40.625Z,buy,2.8e-05,4.0,0.000112
NXS/BTC,1614617922328,2021-03-01T16:58:42.328Z,buy,2.8e-05,1203.0,0.033684
NXS/BTC,1614617923174,2021-03-01T16:58:43.174Z,buy,2.8e-05,122.0,0.0034159999999999998
NXS/BTC,1614617924944,2021-03-01T16:58:44.944Z,buy,2.8e-05,188.0,0.005264
NXS/BTC,1614617925196,2021-03-01T16:58:45.196Z,sell,2.791e-05,10.0,0.0002791
NXS/BTC,1614617925196,2021-03-01T16:58:45.196Z,sell,2.79e-05,327.0,0.0091233
NXS/BTC,1614617925197,2021-03-01T16:58:45.197Z,buy,2.79e-05,115.0,0.0032085
NXS/BTC,1614617925958,2021-03-01T16:58:45.958Z,buy,2.79e-05,24.0,0.0006696
NXS/BTC,1614617926165,2021-03-01T16:58:46.165Z,buy,2.79e-05,306.0,0.0085374
NXS/BTC,1614617926165,2021-03-01T16:58:46.165Z,buy,2.8e-05,1144.0,0.032032
NXS/BTC,1614617926165,2021-03-01T16:58:46.165Z,buy,2.801e-05,3607.0,0.10103207
NXS/BTC,1614617926165,2021-03-01T16:58:46.165Z,buy,2.802e-05,299.0,0.00837798
NXS/BTC,1614617927686,2021-03-01T16:58:47.686Z,sell,2.8e-05,500.0,0.014
NXS/BTC,1614617928318,2021-03-01T16:58:48.318Z,sell,2.8e-05,24.0,0.000672
NXS/BTC,1614617928652,2021-03-01T16:58:48.652Z,buy,2.802e-05,72.0,0.00201744
NXS/BTC,1614617928652,2021-03-01T16:58:48.652Z,buy,2.803e-05,50.0,0.0014015
NXS/BTC,1614617928652,2021-03-01T16:58:48.652Z,buy,2.81e-05,94.0,0.0026414
NXS/BTC,1614617928652,2021-03-01T16:58:48.652Z,buy,2.811e-05,55.0,0.00154605
NXS/BTC,1614617928652,2021-03-01T16:58:48.652Z,buy,2.813e-05,6.0,0.00016878
NXS/BTC,1614617930083,2021-03-01T16:58:50.083Z,buy,2.813e-05,13.0,0.00036569
NXS/BTC,1614617930083,2021-03-01T16:58:50.083Z,buy,2.815e-05,30.0,0.0008445
NXS/BTC,1614617930083,2021-03-01T16:58:50.083Z,buy,2.816e-05,11.0,0.00030976
NXS/BTC,1614617930083,2021-03-01T16:58:50.083Z,buy,2.819e-05,116.0,0.00327004
NXS/BTC,1614617930083,2021-03-01T16:58:50.083Z,buy,2.82e-05,688.0,0.0194016
NXS/BTC,1614617930083,2021-03-01T16:58:50.083Z,buy,2.821e-05,8.0,0.00022568
NXS/BTC,1614617930083,2021-03-01T16:58:50.083Z,buy,2.822e-05,90.0,0.0025398
NXS/BTC,1614617930083,2021-03-01T16:58:50.083Z,buy,2.824e-05,157.0,0.00443368
NXS/BTC,1614617930083,2021-03-01T16:58:50.083Z,buy,2.825e-05,64.0,0.001808
NXS/BTC,1614617930083,2021-03-01T16:58:50.083Z,buy,2.828e-05,314.0,0.00887992
NXS/BTC,1614617930318,2021-03-01T16:58:50.318Z,sell,2.803e-05,10.0,0.00028030000000000004
NXS/BTC,1614617931432,2021-03-01T16:58:51.432Z,sell,2.805e-05,7.0,0.00019635
NXS/BTC,1614617932511,2021-03-01T16:58:52.511Z,sell,2.807e-05,19.0,0.00053333
NXS/BTC,1614617932545,2021-03-01T16:58:52.545Z,buy,2.827e-05,14.0,0.00039578
NXS/BTC,1614617932545,2021-03-01T16:58:52.545Z,buy,2.828e-05,516.0,0.01459248
NXS/BTC,1614617934312,2021-03-01T16:58:54.312Z,sell,2.814e-05,7.0,0.00019698
NXS/BTC,1614617934542,2021-03-01T16:58:54.542Z,buy,2.827e-05,26.0,0.00073502
NXS/BTC,1614617934542,2021-03-01T16:58:54.542Z,buy,2.828e-05,232.0,0.00656096
NXS/BTC,1614617935594,2021-03-01T16:58:55.594Z,sell,2.816e-05,145.0,0.0040832
NXS/BTC,1614617935594,2021-03-01T16:58:55.594Z,sell,2.814e-05,1448.0,0.04074672
NXS/BTC,1614617935594,2021-03-01T16:58:55.594Z,sell,2.813e-05,463.0,0.01302419
NXS/BTC,1614617935594,2021-03-01T16:58:55.594Z,sell,2.802e-05,2938.0,0.08232276
NXS/BTC,1614617935969,2021-03-01T16:58:55.969Z,sell,2.82e-05,33.0,0.0009306000000000001
NXS/BTC,1614617935969,2021-03-01T16:58:55.969Z,sell,2.813e-05,163.0,0.00458519
NXS/BTC,1614617936954,2021-03-01T16:58:56.954Z,sell,2.814e-05,10.0,0.0002814
NXS/BTC,1614617939941,2021-03-01T16:58:59.941Z,buy,2.825e-05,7.0,0.00019774999999999998
NXS/BTC,1614617939941,2021-03-01T16:58:59.941Z,buy,2.826e-05,7.0,0.00019782
NXS/BTC,1614617941095,2021-03-01T16:59:01.095Z,buy,2.826e-05,54.0,0.00152604
NXS/BTC,1614617941766,2021-03-01T16:59:01.766Z,buy,2.826e-05,19.0,0.00053694
NXS/BTC,1614617941766,2021-03-01T16:59:01.766Z,buy,2.828e-05,668.0,0.01889104
NXS/BTC,1614617944732,2021-03-01T16:59:04.732Z,sell,2.814e-05,60.0,0.0016884
NXS/BTC,1614617944732,2021-03-01T16:59:04.732Z,sell,2.813e-05,50.0,0.0014065
NXS/BTC,1614617944732,2021-03-01T16:59:04.732Z,sell,2.802e-05,8853.0,0.24806106
NXS/BTC,1614617944732,2021-03-01T16:59:04.732Z,sell,2.8e-05,33.0,0.000924
NXS/BTC,1614617946151,2021-03-01T16:59:06.151Z,buy,2.8e-05,1004.0,0.028111999999999998
NXS/BTC,1614617946151,2021-03-01T16:59:06.151Z,buy,2.828e-05,1360.0,0.0384608
NXS/BTC,1614617946701,2021-03-01T16:59:06.701Z,sell,2.828e-05,283.0,0.00800324
NXS/BTC,1614617947530,2021-03-01T16:59:07.530Z,sell,2.828e-05,966.0,0.02731848
NXS/BTC,1614617947530,2021-03-01T16:59:07.530Z,sell,2.81e-05,90.0,0.002529
NXS/BTC,1614617947530,2021-03-01T16:59:07.530Z,sell,2.794e-05,6.0,0.00016764
NXS/BTC,1614617947530,2021-03-01T16:59:07.530Z,sell,2.791e-05,96.0,0.00267936
NXS/BTC,1614617947530,2021-03-01T16:59:07.530Z,sell,2.787e-05,10.0,0.0002787
NXS/BTC,1614617947530,2021-03-01T16:59:07.530Z,sell,2.785e-05,9.0,0.00025065
NXS/BTC,1614617947530,2021-03-01T16:59:07.530Z,sell,2.784e-05,90.0,0.0025056
NXS/BTC,1614617947530,2021-03-01T16:59:07.530Z,sell,2.779e-05,12.0,0.00033348
NXS/BTC,1614617947530,2021-03-01T16:59:07.530Z,sell,2.776e-05,15.0,0.0004164
NXS/BTC,1614617947530,2021-03-01T16:59:07.530Z,sell,2.771e-05,90.0,0.0024939
NXS/BTC,1614617947530,2021-03-01T16:59:07.530Z,sell,2.768e-05,37.0,0.0010241599999999999
NXS/BTC,1614617947530,2021-03-01T16:59:07.530Z,sell,2.766e-05,578.0,0.01598748
NXS/BTC,1614617947530,2021-03-01T16:59:07.530Z,sell,2.765e-05,402.0,0.0111153
NXS/BTC,1614617948170,2021-03-01T16:59:08.170Z,buy,2.782e-05,60.0,0.0016692
NXS/BTC,1614617948170,2021-03-01T16:59:08.170Z,buy,2.783e-05,40.0,0.0011132
NXS/BTC,1614617948170,2021-03-01T16:59:08.170Z,buy,2.798e-05,402.0,0.01124796
NXS/BTC,1614617948170,2021-03-01T16:59:08.170Z,buy,2.818e-05,29.0,0.00081722
NXS/BTC,1614617948170,2021-03-01T16:59:08.170Z,buy,2.83e-05,269.0,0.0076127
NXS/BTC,1614617948170,2021-03-01T16:59:08.170Z,buy,2.832e-05,15.0,0.0004248
NXS/BTC,1614617948170,2021-03-01T16:59:08.170Z,buy,2.835e-05,283.0,0.00802305
NXS/BTC,1614617948170,2021-03-01T16:59:08.170Z,buy,2.836e-05,10.0,0.0002836
NXS/BTC,1614617948170,2021-03-01T16:59:08.170Z,buy,2.84e-05,681.0,0.0193404
NXS/BTC,1614617948505,2021-03-01T16:59:08.505Z,buy,2.797e-05,63.0,0.0017621100000000001
NXS/BTC,1614617948778,2021-03-01T16:59:08.778Z,sell,2.792e-05,10.0,0.0002792
NXS/BTC,1614617948778,2021-03-01T16:59:08.778Z,sell,2.772e-05,4.0,0.00011088
NXS/BTC,1614617949050,2021-03-01T16:59:09.050Z,sell,2.774e-05,6.0,0.00016643999999999999
NXS/BTC,1614617949898,2021-03-01T16:59:09.898Z,sell,2.79e-05,29.0,0.0008091
NXS/BTC,1614617949898,2021-03-01T16:59:09.898Z,sell,2.778e-05,71.0,0.00197238
NXS/BTC,1614617949898,2021-03-01T16:59:09.898Z,sell,2.772e-05,49.0,0.00135828
NXS/BTC,1614617950471,2021-03-01T16:59:10.471Z,buy,2.796e-05,4.0,0.00011184
NXS/BTC,1614617950471,2021-03-01T16:59:10.471Z,buy,2.801e-05,29.0,0.00081229
NXS/BTC,1614617952863,2021-03-01T16:59:12.863Z,sell,2.803e-05,292.0,0.008184760000000001
NXS/BTC,1614617952863,2021-03-01T16:59:12.863Z,sell,2.802e-05,585.0,0.0163917
NXS/BTC,1614617952863,2021-03-01T16:59:12.863Z,sell,2.8e-05,199.0,0.005572
NXS/BTC,1614617952863,2021-03-01T16:59:12.863Z,sell,2.796e-05,619.0,0.01730724
NXS/BTC,1614617953439,2021-03-01T16:59:13.439Z,buy,2.808e-05,77.0,0.0021621599999999998
NXS/BTC,1614617953439,2021-03-01T16:59:13.439Z,buy,2.809e-05,99.0,0.00278091
NXS/BTC,1614617955877,2021-03-01T16:59:15.877Z,sell,2.797e-05,135.0,0.00377595
NXS/BTC,1614617955877,2021-03-01T16:59:15.877Z,sell,2.796e-05,174.0,0.00486504
NXS/BTC,1614617955877,2021-03-01T16:59:15.877Z,sell,2.784e-05,45.0,0.0012528
NXS/BTC,1614617955877,2021-03-01T16:59:15.877Z,sell,2.761e-05,159.0,0.00438999
NXS/BTC,1614617956515,2021-03-01T16:59:16.515Z,buy,2.807e-05,71.0,0.00199297
NXS/BTC,1614617958230,2021-03-01T16:59:18.230Z,sell,2.809e-05,28.0,0.00078652
NXS/BTC,1614617958865,2021-03-01T16:59:18.865Z,sell,2.809e-05,37.0,0.00103933
NXS/BTC,1614617958865,2021-03-01T16:59:18.865Z,sell,2.801e-05,53.0,0.00148453
NXS/BTC,1614617960568,2021-03-01T16:59:20.568Z,buy,2.808e-05,704.0,0.01976832
NXS/BTC,1614617960568,2021-03-01T16:59:20.568Z,buy,2.81e-05,292.0,0.0082052
NXS/BTC,1614617960568,2021-03-01T16:59:20.568Z,buy,2.811e-05,4.0,0.00011244
NXS/BTC,1614617960568,2021-03-01T16:59:20.568Z,buy,2.813e-05,12.0,0.00033756
NXS/BTC,1614617960568,2021-03-01T16:59:20.568Z,buy,2.814e-05,786.0,0.022118040000000002
NXS/BTC,1614617960568,2021-03-01T16:59:20.568Z,buy,2.816e-05,9.0,0.00025344
NXS/BTC,1614617960568,2021-03-01T16:59:20.568Z,buy,2.821e-05,8.0,0.00022568
NXS/BTC,1614617960568,2021-03-01T16:59:20.568Z,buy,2.822e-05,90.0,0.0025398
NXS/BTC,1614617960568,2021-03-01T16:59:20.568Z,buy,2.826e-05,145.0,0.0040977
NXS/BTC,1614617960568,2021-03-01T16:59:20.568Z,buy,2.839e-05,133.0,0.00377587
NXS/BTC,1614617960568,2021-03-01T16:59:20.568Z,buy,2.84e-05,706.0,0.0200504
NXS/BTC,1614617960568,2021-03-01T16:59:20.568Z,buy,2.841e-05,1117.0,0.03173397
NXS/BTC,1614617961390,2021-03-01T16:59:21.390Z,sell,2.808e-05,70.0,0.0019656
NXS/BTC,1614617961390,2021-03-01T16:59:21.390Z,sell,2.805e-05,300.0,0.008415
NXS/BTC,1614617961390,2021-03-01T16:59:21.390Z,sell,2.801e-05,466.0,0.01305266
NXS/BTC,1614617962164,2021-03-01T16:59:22.164Z,sell,2.797e-05,4.0,0.00011188
NXS/BTC,1614617963646,2021-03-01T16:59:23.646Z,buy,2.798e-05,45.0,0.0012591
NXS/BTC,1614617963646,2021-03-01T16:59:23.646Z,buy,2.8e-05,682.0,0.019096
NXS/BTC,1614617967692,2021-03-01T16:59:27.692Z,buy,2.798e-05,7.0,0.00019586
NXS/BTC,1614617967692,2021-03-01T16:59:27.692Z,buy,2.799e-05,49.0,0.00137151
NXS/BTC,1614617967692,2021-03-01T16:59:27.692Z,buy,2.8e-05,301.0,0.008428
NXS/BTC,1614617968141,2021-03-01T16:59:28.141Z,sell,2.797e-05,86.0,0.00240542
NXS/BTC,1614617968409,2021-03-01T16:59:28.409Z,buy,2.796e-05,38.0,0.00106248
NXS/BTC,1614617968417,2021-03-01T16:59:28.417Z,sell,2.786e-05,5.0,0.0001393
NXS/BTC,1614617968474,2021-03-01T16:59:28.474Z,buy,2.796e-05,32.0,0.00089472
NXS/BTC,1614617968474,2021-03-01T16:59:28.474Z,buy,2.797e-05,40.0,0.0011188
NXS/BTC,1614617968502,2021-03-01T16:59:28.502Z,buy,2.797e-05,382.0,0.010684540000000001
NXS/BTC,1614617968502,2021-03-01T16:59:28.502Z,buy,2.8e-05,30.0,0.00084
NXS/BTC,1614617969248,2021-03-01T16:59:29.248Z,buy,2.799e-05,5.0,0.00013995000000000001
NXS/BTC,1614617969248,2021-03-01T16:59:29.248Z,buy,2.8e-05,151.0,0.004228
NXS/BTC,1614617974654,2021-03-01T16:59:34.654Z,sell,2.812e-05,70.0,0.0019684
NXS/BTC,1614617975203,2021-03-01T16:59:35.203Z,sell,2.812e-05,70.0,0.0019684
NXS/BTC,1614617976854,2021-03-01T16:59:36.854Z,buy,2.825e-05,64.0,0.001808
NXS/BTC,1614617976854,2021-03-01T16:59:36.854Z,buy,2.826e-05,2.0,5.652e-05
NXS/BTC,1614617981414,2021-03-01T16:59:41.414Z,buy,2.825e-05,66.0,0.0018644999999999998
NXS/BTC,1614617981414,2021-03-01T16:59:41.414Z,buy,2.826e-05,5.0,0.0001413
NXS/BTC,1614617981798,2021-03-01T16:59:41.798Z,sell,2.814e-05,107.0,0.0030109800000000003
NXS/BTC,1614617981798,2021-03-01T16:59:41.798Z,sell,2.809e-05,126.0,0.00353934
NXS/BTC,1614617981905,2021-03-01T16:59:41.905Z,sell,2.809e-05,119.0,0.00334271
NXS/BTC,1614617981905,2021-03-01T16:59:41.905Z,sell,2.8e-05,7.0,0.000196
NXS/BTC,1614617981905,2021-03-01T16:59:41.905Z,sell,2.798e-05,4.0,0.00011192
NXS/BTC,1614617981905,2021-03-01T16:59:41.905Z,sell,2.785e-05,9.0,0.00025065
NXS/BTC,1614617981905,2021-03-01T16:59:41.905Z,sell,2.779e-05,12.0,0.00033348
NXS/BTC,1614617981905,2021-03-01T16:59:41.905Z,sell,2.771e-05,28.0,0.0007758800000000001
NXS/BTC,1614617981905,2021-03-01T16:59:41.905Z,sell,2.77e-05,536.0,0.0148472
NXS/BTC,1614617981905,2021-03-01T16:59:41.905Z,sell,2.768e-05,8.0,0.00022144
NXS/BTC,1614617981905,2021-03-01T16:59:41.905Z,sell,2.767e-05,28.0,0.00077476
NXS/BTC,1614617981905,2021-03-01T16:59:41.905Z,sell,2.764e-05,472.0,0.01304608
NXS/BTC,1614617981905,2021-03-01T16:59:41.905Z,sell,2.763e-05,644.0,0.017793720000000002
NXS/BTC,1614617981905,2021-03-01T16:59:41.905Z,sell,2.76e-05,933.0,0.0257508
NXS/BTC,1614617981914,2021-03-01T16:59:41.914Z,buy,2.8e-05,33.0,0.000924
NXS/BTC,1614617981914,2021-03-01T16:59:41.914Z,buy,2.824e-05,63.0,0.0017791200000000001
NXS/BTC,1614617981914,2021-03-01T16:59:41.914Z,buy,2.825e-05,9.0,0.00025425
NXS/BTC,1614617982702,2021-03-01T16:59:42.702Z,buy,2.814e-05,105.0,0.0029547
NXS/BTC,1614617983596,2021-03-01T16:59:43.596Z,sell,2.775e-05,35.0,0.00097125
NXS/BTC,1614617984133,2021-03-01T16:59:44.133Z,buy,2.812e-05,35.0,0.0009842
NXS/BTC,1614617984149,2021-03-01T16:59:44.149Z,sell,2.812e-05,328.0,0.00922336
NXS/BTC,1614617986058,2021-03-01T16:59:46.058Z,buy,2.813e-05,12.0,0.00033756
NXS/BTC,1614617986058,2021-03-01T16:59:46.058Z,buy,2.814e-05,6.0,0.00016884000000000002
NXS/BTC,1614617986058,2021-03-01T16:59:46.058Z,buy,2.815e-05,176.0,0.0049544
NXS/BTC,1614617986233,2021-03-01T16:59:46.233Z,buy,2.815e-05,165.0,0.00464475
NXS/BTC,1614617987201,2021-03-01T16:59:47.201Z,sell,2.812e-05,328.0,0.00922336
NXS/BTC,1614617987646,2021-03-01T16:59:47.646Z,sell,2.812e-05,9.0,0.00025308
NXS/BTC,1614617988279,2021-03-01T16:59:48.279Z,buy,2.816e-05,9.0,0.00025344
NXS/BTC,1614617988279,2021-03-01T16:59:48.279Z,buy,2.817e-05,12.0,0.00033804
NXS/BTC,1614617992751,2021-03-01T16:59:52.751Z,buy,2.817e-05,6.0,0.00016902
NXS/BTC,1614617992807,2021-03-01T16:59:52.807Z,buy,2.817e-05,361.0,0.01016937
NXS/BTC,1614617992832,2021-03-01T16:59:52.832Z,sell,2.812e-05,247.0,0.0069456399999999995
NXS/BTC,1614617993488,2021-03-01T16:59:53.488Z,buy,2.817e-05,184.0,0.00518328
NXS/BTC,1614617993488,2021-03-01T16:59:53.488Z,buy,2.82e-05,1161.0,0.032740200000000004
NXS/BTC,1614617994087,2021-03-01T16:59:54.087Z,sell,2.812e-05,81.0,0.00227772
NXS/BTC,1614617996897,2021-03-01T16:59:56.897Z,sell,2.812e-05,36.0,0.00101232
NXS/BTC,1614617997585,2021-03-01T16:59:57.585Z,buy,2.812e-05,90.0,0.0025307999999999997
NXS/BTC,1614617998230,2021-03-01T16:59:58.230Z,buy,2.812e-05,42.0,0.00118104
NXS/BTC,1614617998296,2021-03-01T16:59:58.296Z,sell,2.811e-05,64.0,0.00179904
NXS/BTC,1614617998296,2021-03-01T16:59:58.296Z,sell,2.81e-05,26.0,0.0007306
NXS/BTC,1614617999826,2021-03-01T16:59:59.826Z,buy,2.812e-05,30.0,0.0008435999999999999
NXS/BTC,1614617999826,2021-03-01T16:59:59.826Z,buy,2.819e-05,265.0,0.00747035
NXS/BTC,1614617999826,2021-03-01T16:59:59.826Z,buy,2.82e-05,401.0,0.011308200000000001
NXS/BTC,1614617999973,2021-03-01T16:59:59.973Z,sell,2.81e-05,64.0,0.0017984
NXS/BTC,1614617999973,2021-03-01T16:59:59.973Z,sell,2.8e-05,34.0,0.0009519999999999999
NXS/BTC,1614617999973,2021-03-01T16:59:59.973Z,sell,2.8e-05,25.0,0.0007
NXS/BTC,1614617999996,2021-03-01T16:59:59.996Z,sell,2.801e-05,122.0,0.0034172200000000003
NXS/BTC,1614618001064,2021-03-01T17:00:01.064Z,sell,2.811e-05,314.0,0.00882654
NXS/BTC,1614618002012,2021-03-01T17:00:02.012Z,sell,2.811e-05,98.0,0.00275478
NXS/BTC,1614618002055,2021-03-01T17:00:02.055Z,sell,2.811e-05,93.0,0.00261423
NXS/BTC,1614618002055,2021-03-01T17:00:02.055Z,sell,2.801e-05,28.0,0.00078428
NXS/BTC,1614618002254,2021-03-01T17:00:02.254Z,sell,2.801e-05,38.0,0.00106438
NXS/BTC,1614618004089,2021-03-01T17:00:04.089Z,sell,2.801e-05,4.0,0.00011204
NXS/BTC,1614618004089,2021-03-01T17:00:04.089Z,sell,2.8e-05,1378.0,0.038584
NXS/BTC,1614618004757,2021-03-01T17:00:04.757Z,sell,2.786e-05,71.0,0.0019780600000000002
NXS/BTC,1614618004757,2021-03-01T17:00:04.757Z,sell,2.785e-05,9.0,0.00025065
NXS/BTC,1614618004757,2021-03-01T17:00:04.757Z,sell,2.779e-05,12.0,0.00033348
NXS/BTC,1614618004757,2021-03-01T17:00:04.757Z,sell,2.772e-05,406.0,0.01125432
NXS/BTC,1614618004757,2021-03-01T17:00:04.757Z,sell,2.771e-05,90.0,0.0024939
NXS/BTC,1614618004757,2021-03-01T17:00:04.757Z,sell,2.77e-05,540.0,0.014957999999999999
NXS/BTC,1614618004757,2021-03-01T17:00:04.757Z,sell,2.764e-05,492.0,0.01359888
NXS/BTC,1614618005253,2021-03-01T17:00:05.253Z,buy,2.797e-05,35.0,0.0009789500000000001
NXS/BTC,1614618005253,2021-03-01T17:00:05.253Z,buy,2.798e-05,38.0,0.00106324
NXS/BTC,1614618005292,2021-03-01T17:00:05.292Z,buy,2.797e-05,141.0,0.00394377
NXS/BTC,1614618005292,2021-03-01T17:00:05.292Z,buy,2.798e-05,55.0,0.0015389
NXS/BTC,1614618006108,2021-03-01T17:00:06.108Z,sell,2.776e-05,7.0,0.00019432
NXS/BTC,1614618006108,2021-03-01T17:00:06.108Z,sell,2.765e-05,214.0,0.005917100000000001
NXS/BTC,1614618008132,2021-03-01T17:00:08.132Z,sell,2.778e-05,60.0,0.0016668000000000002
NXS/BTC,1614618008132,2021-03-01T17:00:08.132Z,sell,2.771e-05,51.0,0.00141321
NXS/BTC,1614618008184,2021-03-01T17:00:08.184Z,sell,2.772e-05,60.0,0.0016631999999999999
NXS/BTC,1614618008184,2021-03-01T17:00:08.184Z,sell,2.762e-05,28.0,0.00077336
NXS/BTC,1614618008184,2021-03-01T17:00:08.184Z,sell,2.761e-05,117.0,0.00323037
NXS/BTC,1614618008184,2021-03-01T17:00:08.184Z,sell,2.76e-05,9.0,0.0002484
NXS/BTC,1614618008184,2021-03-01T17:00:08.184Z,sell,2.758e-05,119.0,0.00328202
NXS/BTC,1614618008184,2021-03-01T17:00:08.184Z,sell,2.751e-05,12.0,0.00033012
NXS/BTC,1614618008184,2021-03-01T17:00:08.184Z,sell,2.772e-05,60.0,0.0016631999999999999
NXS/BTC,1614618008184,2021-03-01T17:00:08.184Z,sell,2.762e-05,28.0,0.00077336
NXS/BTC,1614618008184,2021-03-01T17:00:08.184Z,sell,2.761e-05,117.0,0.00323037
NXS/BTC,1614618008184,2021-03-01T17:00:08.184Z,sell,2.76e-05,9.0,0.0002484
NXS/BTC,1614618008184,2021-03-01T17:00:08.184Z,sell,2.758e-05,119.0,0.00328202
NXS/BTC,1614618008184,2021-03-01T17:00:08.184Z,sell,2.751e-05,12.0,0.00033012
NXS/BTC,1614618008184,2021-03-01T17:00:08.184Z,sell,2.749e-05,195.0,0.0053605499999999995
NXS/BTC,1614618008357,2021-03-01T17:00:08.357Z,buy,2.75e-05,176.0,0.0048400000000000006
NXS/BTC,1614618008357,2021-03-01T17:00:08.357Z,buy,2.762e-05,113.0,0.00312106
NXS/BTC,1614618008357,2021-03-01T17:00:08.357Z,buy,2.794e-05,7.0,0.00019558
NXS/BTC,1614618008357,2021-03-01T17:00:08.357Z,buy,2.795e-05,57.0,0.00159315
NXS/BTC,1614618008377,2021-03-01T17:00:08.377Z,sell,2.749e-05,685.0,0.01883065
NXS/BTC,1614618008377,2021-03-01T17:00:08.377Z,sell,2.748e-05,6630.0,0.1821924
NXS/BTC,1614618008377,2021-03-01T17:00:08.377Z,sell,2.746e-05,57.0,0.00156522
NXS/BTC,1614618008377,2021-03-01T17:00:08.377Z,sell,2.745e-05,90.0,0.0024705
NXS/BTC,1614618008377,2021-03-01T17:00:08.377Z,sell,2.741e-05,54.0,0.00148014
NXS/BTC,1614618008377,2021-03-01T17:00:08.377Z,sell,2.74e-05,4.0,0.0001096
NXS/BTC,1614618008377,2021-03-01T17:00:08.377Z,sell,2.739e-05,2795.0,0.07655505
NXS/BTC,1614618008377,2021-03-01T17:00:08.377Z,sell,2.738e-05,50.0,0.001369
NXS/BTC,1614618008377,2021-03-01T17:00:08.377Z,sell,2.734e-05,9.0,0.00024606
NXS/BTC,1614618008377,2021-03-01T17:00:08.377Z,sell,2.732e-05,90.0,0.0024588
NXS/BTC,1614618008377,2021-03-01T17:00:08.377Z,sell,2.729e-05,6.0,0.00016374
NXS/BTC,1614618008377,2021-03-01T17:00:08.377Z,sell,2.726e-05,187.0,0.00509762
NXS/BTC,1614618008377,2021-03-01T17:00:08.377Z,sell,2.724e-05,63.0,0.00171612
NXS/BTC,1614618008377,2021-03-01T17:00:08.377Z,sell,2.723e-05,29.0,0.0007896699999999999
NXS/BTC,1614618008377,2021-03-01T17:00:08.377Z,sell,2.722e-05,78.0,0.00212316
NXS/BTC,1614618008377,2021-03-01T17:00:08.377Z,sell,2.721e-05,232.0,0.00631272
NXS/BTC,1614618008377,2021-03-01T17:00:08.377Z,sell,2.72e-05,90.0,0.002448
NXS/BTC,1614618008377,2021-03-01T17:00:08.377Z,sell,2.718e-05,6741.0,0.18322038000000002
NXS/BTC,1614618008377,2021-03-01T17:00:08.377Z,sell,2.715e-05,162.0,0.0043983
NXS/BTC,1614618008377,2021-03-01T17:00:08.377Z,sell,2.713e-05,57.0,0.00154641
NXS/BTC,1614618008377,2021-03-01T17:00:08.377Z,sell,2.71e-05,9.0,0.00024390000000000002
NXS/BTC,1614618008377,2021-03-01T17:00:08.377Z,sell,2.709e-05,765.0,0.02072385
NXS/BTC,1614618008377,2021-03-01T17:00:08.377Z,sell,2.708e-05,29.0,0.00078532
NXS/BTC,1614618008377,2021-03-01T17:00:08.377Z,sell,2.707e-05,147.0,0.00397929
NXS/BTC,1614618008377,2021-03-01T17:00:08.377Z,sell,2.706e-05,107.0,0.0028954199999999997
NXS/BTC,1614618008377,2021-03-01T17:00:08.377Z,sell,2.704e-05,101.0,0.0027310399999999997
NXS/BTC,1614618008377,2021-03-01T17:00:08.377Z,sell,2.703e-05,29.0,0.00078387
NXS/BTC,1614618008377,2021-03-01T17:00:08.377Z,sell,2.702e-05,23.0,0.00062146
NXS/BTC,1614618008377,2021-03-01T17:00:08.377Z,sell,2.701e-05,18.0,0.00048618
NXS/BTC,1614618008377,2021-03-01T17:00:08.377Z,sell,2.7e-05,2427.0,0.065529
NXS/BTC,1614618008377,2021-03-01T17:00:08.377Z,sell,2.698e-05,203.0,0.00547694
NXS/BTC,1614618008377,2021-03-01T17:00:08.377Z,sell,2.697e-05,116.0,0.00312852
NXS/BTC,1614618008377,2021-03-01T17:00:08.377Z,sell,2.696e-05,54.0,0.00145584
NXS/BTC,1614618008377,2021-03-01T17:00:08.377Z,sell,2.695e-05,30.0,0.0008085000000000001
NXS/BTC,1614618008377,2021-03-01T17:00:08.377Z,sell,2.694e-05,103.0,0.00277482
NXS/BTC,1614618008377,2021-03-01T17:00:08.377Z,sell,2.693e-05,430.0,0.0115799
NXS/BTC,1614618008377,2021-03-01T17:00:08.377Z,sell,2.691e-05,17.0,0.00045747
NXS/BTC,1614618008377,2021-03-01T17:00:08.377Z,sell,2.688e-05,29.0,0.00077952
NXS/BTC,1614618008377,2021-03-01T17:00:08.377Z,sell,2.686e-05,19.0,0.00051034
NXS/BTC,1614618008377,2021-03-01T17:00:08.377Z,sell,2.685e-05,10.0,0.00026849999999999997
NXS/BTC,1614618008377,2021-03-01T17:00:08.377Z,sell,2.684e-05,27.0,0.00072468
NXS/BTC,1614618008377,2021-03-01T17:00:08.377Z,sell,2.681e-05,148.0,0.00396788
NXS/BTC,1614618008377,2021-03-01T17:00:08.377Z,sell,2.679e-05,5.0,0.00013395
NXS/BTC,1614618008377,2021-03-01T17:00:08.377Z,sell,2.677e-05,8.0,0.00021416
NXS/BTC,1614618008377,2021-03-01T17:00:08.377Z,sell,2.673e-05,64.0,0.00171072
NXS/BTC,1614618008377,2021-03-01T17:00:08.377Z,sell,2.672e-05,135.0,0.0036072
NXS/BTC,1614618008377,2021-03-01T17:00:08.377Z,sell,2.67e-05,36.0,0.0009611999999999999
NXS/BTC,1614618008377,2021-03-01T17:00:08.377Z,sell,2.668e-05,9.0,0.00024012
NXS/BTC,1614618008377,2021-03-01T17:00:08.377Z,sell,2.666e-05,13.0,0.00034658
NXS/BTC,1614618008377,2021-03-01T17:00:08.377Z,sell,2.665e-05,3124.0,0.0832546
NXS/BTC,1614618008377,2021-03-01T17:00:08.377Z,sell,2.662e-05,38.0,0.0010115599999999999
NXS/BTC,1614618008377,2021-03-01T17:00:08.377Z,sell,2.661e-05,10.0,0.0002661
NXS/BTC,1614618008377,2021-03-01T17:00:08.377Z,sell,2.66e-05,148.0,0.0039368
NXS/BTC,1614618008377,2021-03-01T17:00:08.377Z,sell,2.658e-05,76.0,0.00202008
NXS/BTC,1614618008377,2021-03-01T17:00:08.377Z,sell,2.656e-05,18.0,0.00047808
NXS/BTC,1614618008377,2021-03-01T17:00:08.377Z,sell,2.655e-05,90.0,0.0023895
NXS/BTC,1614618008377,2021-03-01T17:00:08.377Z,sell,2.654e-05,5.0,0.0001327
NXS/BTC,1614618008377,2021-03-01T17:00:08.377Z,sell,2.651e-05,753.0,0.01996203
NXS/BTC,1614618008377,2021-03-01T17:00:08.377Z,sell,2.65e-05,444.0,0.011766
NXS/BTC,1614618008377,2021-03-01T17:00:08.377Z,sell,2.649e-05,59.0,0.0015629099999999998
NXS/BTC,1614618008377,2021-03-01T17:00:08.377Z,sell,2.647e-05,30.0,0.0007941
NXS/BTC,1614618008377,2021-03-01T17:00:08.377Z,sell,2.645e-05,29.0,0.00076705
NXS/BTC,1614618008377,2021-03-01T17:00:08.377Z,sell,2.642e-05,162.0,0.004280040000000001
NXS/BTC,1614618008377,2021-03-01T17:00:08.377Z,sell,2.639e-05,356.0,0.00939484
NXS/BTC,1614618008377,2021-03-01T17:00:08.377Z,sell,2.638e-05,388.0,0.01023544
NXS/BTC,1614618008377,2021-03-01T17:00:08.377Z,sell,2.632e-05,8.0,0.00021056
NXS/BTC,1614618008377,2021-03-01T17:00:08.377Z,sell,2.63e-05,90.0,0.0023669999999999997
NXS/BTC,1614618008377,2021-03-01T17:00:08.377Z,sell,2.628e-05,150.0,0.003942
NXS/BTC,1614618008377,2021-03-01T17:00:08.377Z,sell,2.62e-05,134.0,0.0035108
NXS/BTC,1614618008377,2021-03-01T17:00:08.377Z,sell,2.619e-05,7584.0,0.19862496000000002
NXS/BTC,1614618008405,2021-03-01T17:00:08.405Z,sell,2.75e-05,25.0,0.0006875000000000001
NXS/BTC,1614618008408,2021-03-01T17:00:08.408Z,sell,2.75e-05,30.0,0.000825
NXS/BTC,1614618008470,2021-03-01T17:00:08.470Z,sell,2.751e-05,30.0,0.0008253
NXS/BTC,1614618008488,2021-03-01T17:00:08.488Z,sell,2.751e-05,30.0,0.0008253
NXS/BTC,1614618008558,2021-03-01T17:00:08.558Z,sell,2.751e-05,12.0,0.00033012
NXS/BTC,1614618008560,2021-03-01T17:00:08.560Z,sell,2.751e-05,25.0,0.00068775
NXS/BTC,1614618008560,2021-03-01T17:00:08.560Z,sell,2.751e-05,5.0,0.00013755
NXS/BTC,1614618008564,2021-03-01T17:00:08.564Z,sell,2.751e-05,17.0,0.00046767
NXS/BTC,1614618008565,2021-03-01T17:00:08.565Z,sell,2.751e-05,42.0,0.0011554199999999999
NXS/BTC,1614618008568,2021-03-01T17:00:08.568Z,sell,2.751e-05,2.0,5.502e-05
NXS/BTC,1614618008568,2021-03-01T17:00:08.568Z,sell,2.75e-05,3.0,8.25e-05
NXS/BTC,1614618008577,2021-03-01T17:00:08.577Z,sell,2.687e-05,26.0,0.00069862
NXS/BTC,1614618008846,2021-03-01T17:00:08.846Z,sell,2.688e-05,29.0,0.00077952
NXS/BTC,1614618008846,2021-03-01T17:00:08.846Z,sell,2.687e-05,11.0,0.00029557
NXS/BTC,1614618008846,2021-03-01T17:00:08.846Z,sell,2.686e-05,77.0,0.00206822
NXS/BTC,1614618008846,2021-03-01T17:00:08.846Z,sell,2.68e-05,260.0,0.006968
NXS/BTC,1614618008846,2021-03-01T17:00:08.846Z,sell,2.679e-05,40.0,0.0010716
NXS/BTC,1614618008846,2021-03-01T17:00:08.846Z,sell,2.676e-05,44.0,0.00117744
NXS/BTC,1614618008846,2021-03-01T17:00:08.846Z,sell,2.67e-05,23.0,0.0006141
NXS/BTC,1614618008846,2021-03-01T17:00:08.846Z,sell,2.646e-05,188.0,0.00497448
NXS/BTC,1614618008846,2021-03-01T17:00:08.846Z,sell,2.645e-05,377.0,0.00997165
NXS/BTC,1614618008846,2021-03-01T17:00:08.846Z,sell,2.641e-05,94.0,0.00248254
NXS/BTC,1614618008846,2021-03-01T17:00:08.846Z,sell,2.634e-05,265.0,0.0069800999999999995
NXS/BTC,1614618008846,2021-03-01T17:00:08.846Z,sell,2.633e-05,41.0,0.00107953
NXS/BTC,1614618008846,2021-03-01T17:00:08.846Z,sell,2.627e-05,559.0,0.01468493
NXS/BTC,1614618008846,2021-03-01T17:00:08.846Z,sell,2.619e-05,1988.0,0.05206572
NXS/BTC,1614618009291,2021-03-01T17:00:09.291Z,sell,2.647e-05,14.0,0.00037057999999999997
NXS/BTC,1614618009291,2021-03-01T17:00:09.291Z,sell,2.635e-05,77.0,0.00202895
NXS/BTC,1614618009450,2021-03-01T17:00:09.450Z,buy,2.689e-05,120.0,0.0032267999999999997
NXS/BTC,1614618009450,2021-03-01T17:00:09.450Z,buy,2.69e-05,65.0,0.0017485
NXS/BTC,1614618009523,2021-03-01T17:00:09.523Z,buy,2.647e-05,8.0,0.00021176
NXS/BTC,1614618009630,2021-03-01T17:00:09.630Z,sell,2.639e-05,5.0,0.00013195
NXS/BTC,1614618009744,2021-03-01T17:00:09.744Z,sell,2.637e-05,7.0,0.00018459
NXS/BTC,1614618009744,2021-03-01T17:00:09.744Z,sell,2.636e-05,7.0,0.00018451999999999997
NXS/BTC,1614618009744,2021-03-01T17:00:09.744Z,sell,2.624e-05,4.0,0.00010496
NXS/BTC,1614618009744,2021-03-01T17:00:09.744Z,sell,2.619e-05,232.0,0.00607608
NXS/BTC,1614618009840,2021-03-01T17:00:09.840Z,buy,2.646e-05,7.0,0.00018522
NXS/BTC,1614618009840,2021-03-01T17:00:09.840Z,buy,2.647e-05,18.0,0.00047646
NXS/BTC,1614618009844,2021-03-01T17:00:09.844Z,sell,2.64e-05,8.0,0.0002112
NXS/BTC,1614618009844,2021-03-01T17:00:09.844Z,sell,2.62e-05,7.0,0.0001834
NXS/BTC,1614618009844,2021-03-01T17:00:09.844Z,sell,2.619e-05,85.0,0.00222615
NXS/BTC,1614618010092,2021-03-01T17:00:10.092Z,sell,2.624e-05,7.0,0.00018368
NXS/BTC,1614618010092,2021-03-01T17:00:10.092Z,sell,2.623e-05,38.0,0.00099674
NXS/BTC,1614618010092,2021-03-01T17:00:10.092Z,sell,2.619e-05,540.0,0.014142600000000002
NXS/BTC,1614618010132,2021-03-01T17:00:10.132Z,buy,2.634e-05,7.0,0.00018438
NXS/BTC,1614618010132,2021-03-01T17:00:10.132Z,buy,2.635e-05,220.0,0.005797
NXS/BTC,1614618010195,2021-03-01T17:00:10.195Z,buy,2.634e-05,7.0,0.00018438
NXS/BTC,1614618010195,2021-03-01T17:00:10.195Z,buy,2.635e-05,23.0,0.00060605
NXS/BTC,1614618010214,2021-03-01T17:00:10.214Z,sell,2.62e-05,7.0,0.0001834
NXS/BTC,1614618010214,2021-03-01T17:00:10.214Z,sell,2.619e-05,20.0,0.0005238
NXS/BTC,1614618010293,2021-03-01T17:00:10.293Z,sell,2.62e-05,7.0,0.0001834
NXS/BTC,1614618010293,2021-03-01T17:00:10.293Z,sell,2.619e-05,323.0,0.00845937
NXS/BTC,1614618010327,2021-03-01T17:00:10.327Z,buy,2.634e-05,7.0,0.00018438
NXS/BTC,1614618010327,2021-03-01T17:00:10.327Z,buy,2.635e-05,79.0,0.00208165
NXS/BTC,1614618010327,2021-03-01T17:00:10.327Z,buy,2.647e-05,90.0,0.0023823
NXS/BTC,1614618010327,2021-03-01T17:00:10.327Z,buy,2.655e-05,3.0,7.965000000000001e-05
NXS/BTC,1614618010499,2021-03-01T17:00:10.499Z,buy,2.623e-05,30.0,0.0007869
NXS/BTC,1614618010641,2021-03-01T17:00:10.641Z,buy,2.623e-05,151.0,0.00396073
NXS/BTC,1614618010661,2021-03-01T17:00:10.661Z,buy,2.623e-05,76.0,0.00199348
NXS/BTC,1614618010961,2021-03-01T17:00:10.961Z,buy,2.623e-05,35.0,0.00091805
NXS/BTC,1614618010978,2021-03-01T17:00:10.978Z,sell,2.62e-05,17.0,0.0004454
NXS/BTC,1614618010978,2021-03-01T17:00:10.978Z,sell,2.619e-05,516.0,0.013514040000000001
NXS/BTC,1614618010983,2021-03-01T17:00:10.983Z,sell,2.619e-05,105.0,0.00274995
NXS/BTC,1614618011081,2021-03-01T17:00:11.081Z,buy,2.623e-05,30.0,0.0007869
NXS/BTC,1614618011081,2021-03-01T17:00:11.081Z,buy,2.624e-05,26.0,0.00068224
NXS/BTC,1614618011190,2021-03-01T17:00:11.190Z,buy,2.624e-05,234.0,0.0061401599999999995
NXS/BTC,1614618011190,2021-03-01T17:00:11.190Z,buy,2.63e-05,23.0,0.0006049
NXS/BTC,1614618011190,2021-03-01T17:00:11.190Z,buy,2.642e-05,6.0,0.00015852
NXS/BTC,1614618011190,2021-03-01T17:00:11.190Z,buy,2.646e-05,30.0,0.0007938
NXS/BTC,1614618011572,2021-03-01T17:00:11.572Z,buy,2.654e-05,7.0,0.00018578
NXS/BTC,1614618011679,2021-03-01T17:00:11.679Z,sell,2.654e-05,73.0,0.00193742
NXS/BTC,1614618011679,2021-03-01T17:00:11.679Z,sell,2.649e-05,457.0,0.012105929999999999
NXS/BTC,1614618012307,2021-03-01T17:00:12.307Z,buy,2.655e-05,7.0,0.00018585000000000002
NXS/BTC,1614618012325,2021-03-01T17:00:12.325Z,buy,2.655e-05,28.0,0.0007434000000000001
NXS/BTC,1614618012325,2021-03-01T17:00:12.325Z,buy,2.657e-05,33.0,0.00087681
NXS/BTC,1614618012459,2021-03-01T17:00:12.459Z,sell,2.65e-05,7.0,0.0001855
NXS/BTC,1614618012459,2021-03-01T17:00:12.459Z,sell,2.649e-05,36.0,0.00095364
NXS/BTC,1614618012849,2021-03-01T17:00:12.849Z,sell,2.649e-05,6.0,0.00015894
NXS/BTC,1614618013071,2021-03-01T17:00:13.071Z,buy,2.651e-05,30.0,0.0007953
NXS/BTC,1614618013632,2021-03-01T17:00:13.632Z,sell,2.649e-05,54.0,0.00143046
NXS/BTC,1614618013808,2021-03-01T17:00:13.808Z,sell,2.649e-05,235.0,0.00622515
NXS/BTC,1614618014270,2021-03-01T17:00:14.270Z,sell,2.649e-05,551.0,0.01459599
NXS/BTC,1614618014545,2021-03-01T17:00:14.545Z,buy,2.65e-05,38.0,0.001007
NXS/BTC,1614618014808,2021-03-01T17:00:14.808Z,sell,2.649e-05,338.0,0.008953619999999999
NXS/BTC,1614618014855,2021-03-01T17:00:14.855Z,sell,2.649e-05,29.0,0.00076821
NXS/BTC,1614618014855,2021-03-01T17:00:14.855Z,sell,2.623e-05,25.0,0.0006557500000000001
NXS/BTC,1614618014855,2021-03-01T17:00:14.855Z,sell,2.619e-05,1499.0,0.039258810000000005
NXS/BTC,1614618015823,2021-03-01T17:00:15.823Z,sell,2.619e-05,1106.0,0.02896614
NXS/BTC,1614618015823,2021-03-01T17:00:15.823Z,sell,2.617e-05,299.0,0.00782483
NXS/BTC,1614618015823,2021-03-01T17:00:15.823Z,sell,2.614e-05,31.0,0.00081034
NXS/BTC,1614618015823,2021-03-01T17:00:15.823Z,sell,2.613e-05,10.0,0.0002613
NXS/BTC,1614618015823,2021-03-01T17:00:15.823Z,sell,2.611e-05,31.0,0.00080941
NXS/BTC,1614618015823,2021-03-01T17:00:15.823Z,sell,2.605e-05,9.0,0.00023445
NXS/BTC,1614618016208,2021-03-01T17:00:16.208Z,sell,2.605e-05,17.0,0.00044285
NXS/BTC,1614618016235,2021-03-01T17:00:16.235Z,buy,2.608e-05,26.0,0.0006780800000000001
NXS/BTC,1614618016395,2021-03-01T17:00:16.395Z,sell,2.605e-05,43.0,0.0011201499999999999
NXS/BTC,1614618016395,2021-03-01T17:00:16.395Z,sell,2.604e-05,21.0,0.00054684
NXS/BTC,1614618016541,2021-03-01T17:00:16.541Z,sell,2.604e-05,29.0,0.0007551600000000001
NXS/BTC,1614618016549,2021-03-01T17:00:16.549Z,sell,2.604e-05,12.0,0.00031248
NXS/BTC,1614618016853,2021-03-01T17:00:16.853Z,buy,2.608e-05,215.0,0.0056072000000000006
NXS/BTC,1614618017130,2021-03-01T17:00:17.130Z,buy,2.608e-05,88.0,0.00229504
NXS/BTC,1614618017130,2021-03-01T17:00:17.130Z,buy,2.617e-05,58.0,0.00151786
NXS/BTC,1614618017190,2021-03-01T17:00:17.190Z,sell,2.619e-05,6.0,0.00015714
NXS/BTC,1614618017190,2021-03-01T17:00:17.190Z,sell,2.604e-05,28.0,0.00072912
NXS/BTC,1614618017190,2021-03-01T17:00:17.190Z,sell,2.602e-05,3.0,7.806000000000001e-05
NXS/BTC,1614618017609,2021-03-01T17:00:17.609Z,sell,2.603e-05,30.0,0.0007809
NXS/BTC,1614618017801,2021-03-01T17:00:17.801Z,sell,2.601e-05,134.0,0.00348534
NXS/BTC,1614618017801,2021-03-01T17:00:17.801Z,sell,2.6e-05,22.0,0.0005719999999999999
NXS/BTC,1614618017996,2021-03-01T17:00:17.996Z,sell,2.601e-05,5.0,0.00013005
NXS/BTC,1614618018000,2021-03-01T17:00:18.000Z,sell,2.601e-05,124.0,0.00322524
NXS/BTC,1614618018000,2021-03-01T17:00:18.000Z,sell,2.6e-05,27.0,0.0007019999999999999
NXS/BTC,1614618018331,2021-03-01T17:00:18.331Z,buy,2.615e-05,7.0,0.00018304999999999998
NXS/BTC,1614618018331,2021-03-01T17:00:18.331Z,buy,2.616e-05,29.0,0.00075864
NXS/BTC,1614618018331,2021-03-01T17:00:18.331Z,buy,2.617e-05,13.0,0.00034020999999999997
NXS/BTC,1614618018439,2021-03-01T17:00:18.439Z,sell,2.602e-05,7.0,0.00018214000000000001
NXS/BTC,1614618018439,2021-03-01T17:00:18.439Z,sell,2.601e-05,236.0,0.00613836
NXS/BTC,1614618018439,2021-03-01T17:00:18.439Z,sell,2.6e-05,57.0,0.0014819999999999998
NXS/BTC,1614618018628,2021-03-01T17:00:18.628Z,sell,2.6e-05,29.0,0.000754
NXS/BTC,1614618020332,2021-03-01T17:00:20.332Z,buy,2.616e-05,6.0,0.00015696
NXS/BTC,1614618020572,2021-03-01T17:00:20.572Z,buy,2.616e-05,1.0,2.616e-05
NXS/BTC,1614618020572,2021-03-01T17:00:20.572Z,buy,2.617e-05,45.0,0.00117765
NXS/BTC,1614618020572,2021-03-01T17:00:20.572Z,buy,2.618e-05,44.0,0.00115192
NXS/BTC,1614618020657,2021-03-01T17:00:20.657Z,sell,2.613e-05,19.0,0.0004964699999999999
NXS/BTC,1614618021454,2021-03-01T17:00:21.454Z,buy,2.617e-05,7.0,0.00018318999999999999
NXS/BTC,1614618021454,2021-03-01T17:00:21.454Z,buy,2.618e-05,67.0,0.00175406
NXS/BTC,1614618021454,2021-03-01T17:00:21.454Z,buy,2.619e-05,2.0,5.238e-05
NXS/BTC,1614618021461,2021-03-01T17:00:21.461Z,sell,2.613e-05,7.0,0.00018291
NXS/BTC,1614618021461,2021-03-01T17:00:21.461Z,sell,2.603e-05,7.0,0.00018221
NXS/BTC,1614618021461,2021-03-01T17:00:21.461Z,sell,2.602e-05,28.0,0.0007285600000000001
NXS/BTC,1614618021993,2021-03-01T17:00:21.993Z,sell,2.603e-05,7.0,0.00018221
NXS/BTC,1614618021993,2021-03-01T17:00:21.993Z,sell,2.602e-05,741.0,0.01928082
NXS/BTC,1614618021993,2021-03-01T17:00:21.993Z,sell,2.6e-05,3726.0,0.09687599999999999
NXS/BTC,1614618021993,2021-03-01T17:00:21.993Z,sell,2.598e-05,8.0,0.00020784
NXS/BTC,1614618021993,2021-03-01T17:00:21.993Z,sell,2.594e-05,114.0,0.00295716
NXS/BTC,1614618022330,2021-03-01T17:00:22.330Z,buy,2.606e-05,7.0,0.00018242
NXS/BTC,1614618022330,2021-03-01T17:00:22.330Z,buy,2.607e-05,18.0,0.00046926
NXS/BTC,1614618022542,2021-03-01T17:00:22.542Z,sell,2.594e-05,7.0,0.00018157999999999998
NXS/BTC,1614618022542,2021-03-01T17:00:22.542Z,sell,2.593e-05,23.0,0.00059639
NXS/BTC,1614618022813,2021-03-01T17:00:22.813Z,buy,2.604e-05,37.0,0.0009634800000000001
NXS/BTC,1614618022813,2021-03-01T17:00:22.813Z,buy,2.605e-05,75.0,0.0019537499999999998
NXS/BTC,1614618023745,2021-03-01T17:00:23.745Z,sell,2.594e-05,7.0,0.00018157999999999998
NXS/BTC,1614618023745,2021-03-01T17:00:23.745Z,sell,2.593e-05,10.0,0.0002593
NXS/BTC,1614618023876,2021-03-01T17:00:23.876Z,sell,2.593e-05,24.0,0.00062232
NXS/BTC,1614618023876,2021-03-01T17:00:23.876Z,sell,2.591e-05,6.0,0.00015546
NXS/BTC,1614618024037,2021-03-01T17:00:24.037Z,buy,2.604e-05,222.0,0.00578088
NXS/BTC,1614618024037,2021-03-01T17:00:24.037Z,buy,2.605e-05,21.0,0.00054705
NXS/BTC,1614618024037,2021-03-01T17:00:24.037Z,buy,2.607e-05,106.0,0.00276342
NXS/BTC,1614618024037,2021-03-01T17:00:24.037Z,buy,2.608e-05,39.0,0.00101712
NXS/BTC,1614618024288,2021-03-01T17:00:24.288Z,sell,2.594e-05,7.0,0.00018157999999999998
NXS/BTC,1614618024288,2021-03-01T17:00:24.288Z,sell,2.593e-05,17.0,0.00044081000000000003
NXS/BTC,1614618024385,2021-03-01T17:00:24.385Z,buy,2.605e-05,7.0,0.00018235
NXS/BTC,1614618024385,2021-03-01T17:00:24.385Z,buy,2.606e-05,17.0,0.00044302
NXS/BTC,1614618024385,2021-03-01T17:00:24.385Z,buy,2.608e-05,31.0,0.00080848
NXS/BTC,1614618024385,2021-03-01T17:00:24.385Z,buy,2.619e-05,427.0,0.011183130000000001
NXS/BTC,1614618024653,2021-03-01T17:00:24.653Z,buy,2.601e-05,100.0,0.002601
NXS/BTC,1614618025293,2021-03-01T17:00:25.293Z,sell,2.592e-05,7.0,0.00018144
NXS/BTC,1614618025293,2021-03-01T17:00:25.293Z,sell,2.591e-05,84.0,0.00217644
NXS/BTC,1614618025293,2021-03-01T17:00:25.293Z,sell,2.589e-05,10.0,0.0002589
NXS/BTC,1614618025293,2021-03-01T17:00:25.293Z,sell,2.587e-05,60.0,0.0015522
NXS/BTC,1614618025293,2021-03-01T17:00:25.293Z,sell,2.584e-05,13.0,0.00033592
NXS/BTC,1614618025293,2021-03-01T17:00:25.293Z,sell,2.581e-05,15.0,0.00038714999999999995
NXS/BTC,1614618025293,2021-03-01T17:00:25.293Z,sell,2.578e-05,87.0,0.00224286
NXS/BTC,1614618026332,2021-03-01T17:00:26.332Z,buy,2.587e-05,5.0,0.00012935
NXS/BTC,1614618026473,2021-03-01T17:00:26.473Z,buy,2.587e-05,9.0,0.00023283
NXS/BTC,1614618026473,2021-03-01T17:00:26.473Z,buy,2.592e-05,7.0,0.00018144
NXS/BTC,1614618026473,2021-03-01T17:00:26.473Z,buy,2.593e-05,163.0,0.0042265900000000006
NXS/BTC,1614618026494,2021-03-01T17:00:26.494Z,sell,2.579e-05,7.0,0.00018052999999999998
NXS/BTC,1614618026494,2021-03-01T17:00:26.494Z,sell,2.578e-05,3.0,7.734e-05
NXS/BTC,1614618026494,2021-03-01T17:00:26.494Z,sell,2.575e-05,13.0,0.00033475
NXS/BTC,1614618026494,2021-03-01T17:00:26.494Z,sell,2.574e-05,62.0,0.00159588
NXS/BTC,1614618026494,2021-03-01T17:00:26.494Z,sell,2.573e-05,31.0,0.00079763
NXS/BTC,1614618026494,2021-03-01T17:00:26.494Z,sell,2.572e-05,170.0,0.0043724
NXS/BTC,1614618026494,2021-03-01T17:00:26.494Z,sell,2.567e-05,18.0,0.00046206
NXS/BTC,1614618026494,2021-03-01T17:00:26.494Z,sell,2.566e-05,10.0,0.0002566
NXS/BTC,1614618026494,2021-03-01T17:00:26.494Z,sell,2.565e-05,90.0,0.0023085
NXS/BTC,1614618026494,2021-03-01T17:00:26.494Z,sell,2.557e-05,13.0,0.00033241
NXS/BTC,1614618026494,2021-03-01T17:00:26.494Z,sell,2.556e-05,409.0,0.01045404
NXS/BTC,1614618026494,2021-03-01T17:00:26.494Z,sell,2.552e-05,90.0,0.0022968
NXS/BTC,1614618026494,2021-03-01T17:00:26.494Z,sell,2.551e-05,160.0,0.0040816
NXS/BTC,1614618026494,2021-03-01T17:00:26.494Z,sell,2.549e-05,31.0,0.0007901900000000001
NXS/BTC,1614618026494,2021-03-01T17:00:26.494Z,sell,2.548e-05,2552.0,0.06502496
NXS/BTC,1614618026494,2021-03-01T17:00:26.494Z,sell,2.548e-05,27.0,0.00068796
