symbol,timestamp,datetime,side,price,amount,btc_volume
OAX/BTC,1602871570761,2020-10-16T18:06:10.761Z,sell,5.73e-06,37.0,0.00021201
OAX/BTC,1602871807258,2020-10-16T18:10:07.258Z,buy,5.78e-06,139.0,0.00080342
OAX/BTC,1602871807258,2020-10-16T18:10:07.258Z,buy,5.79e-06,1506.0,0.00871974
OAX/BTC,1602871807258,2020-10-16T18:10:07.258Z,buy,5.8e-06,2733.0,0.0158514
OAX/BTC,1602871807258,2020-10-16T18:10:07.258Z,buy,5.81e-06,11006.0,0.06394486
OAX/BTC,1602871807258,2020-10-16T18:10:07.258Z,buy,5.82e-06,11717.0,0.06819294000000001
OAX/BTC,1602871810678,2020-10-16T18:10:10.678Z,buy,5.82e-06,13601.0,0.07915782
OAX/BTC,1602871812969,2020-10-16T18:10:12.969Z,buy,5.82e-06,82.0,0.00047724000000000003
OAX/BTC,1602871812969,2020-10-16T18:10:12.969Z,buy,5.83e-06,344.0,0.0020055200000000002
OAX/BTC,1602871812969,2020-10-16T18:10:12.969Z,buy,5.84e-06,2645.0,0.0154468
OAX/BTC,1602871812969,2020-10-16T18:10:12.969Z,buy,5.85e-06,5096.0,0.0298116
OAX/BTC,1602871831682,2020-10-16T18:10:31.682Z,buy,5.86e-06,37.0,0.00021682
OAX/BTC,1602871901188,2020-10-16T18:11:41.188Z,sell,5.8e-06,280.0,0.001624
OAX/BTC,1602872150846,2020-10-16T18:15:50.846Z,buy,5.85e-06,26.0,0.0001521
OAX/BTC,1602872441001,2020-10-16T18:20:41.001Z,buy,5.85e-06,1255.0,0.00734175
OAX/BTC,1602872441001,2020-10-16T18:20:41.001Z,buy,5.86e-06,2897.0,0.01697642
OAX/BTC,1602872441080,2020-10-16T18:20:41.080Z,sell,5.86e-06,808.0,0.0047348799999999995
OAX/BTC,1602872906934,2020-10-16T18:28:26.934Z,buy,5.86e-06,930.0,0.0054497999999999994
OAX/BTC,1602872906952,2020-10-16T18:28:26.952Z,sell,5.86e-06,577.0,0.00338122
OAX/BTC,1602872907039,2020-10-16T18:28:27.039Z,sell,5.86e-06,790.0,0.0046294
OAX/BTC,1602872907135,2020-10-16T18:28:27.135Z,sell,5.86e-06,394.0,0.00230884
OAX/BTC,1602872907742,2020-10-16T18:28:27.742Z,sell,5.86e-06,196.0,0.0011485599999999999
OAX/BTC,1602872916616,2020-10-16T18:28:36.616Z,buy,5.87e-06,338.0,0.0019840599999999997
OAX/BTC,1602872916628,2020-10-16T18:28:36.628Z,sell,5.86e-06,260.0,0.0015236
OAX/BTC,1602872954291,2020-10-16T18:29:14.291Z,sell,5.86e-06,1266.0,0.00741876
OAX/BTC,1602872958708,2020-10-16T18:29:18.708Z,sell,5.82e-06,70.0,0.00040740000000000004
OAX/BTC,1602872975047,2020-10-16T18:29:35.047Z,buy,5.87e-06,69.0,0.00040502999999999996
OAX/BTC,1602873009147,2020-10-16T18:30:09.147Z,buy,5.87e-06,43.0,0.00025241
OAX/BTC,1602873087421,2020-10-16T18:31:27.421Z,sell,5.82e-06,77.0,0.00044814000000000003
OAX/BTC,1602873392976,2020-10-16T18:36:32.976Z,buy,5.86e-06,19.0,0.00011134
OAX/BTC,1602873392976,2020-10-16T18:36:32.976Z,buy,5.87e-06,10138.0,0.05951006
OAX/BTC,1602873535703,2020-10-16T18:38:55.703Z,sell,5.82e-06,14321.0,0.08334822
OAX/BTC,1602873535703,2020-10-16T18:38:55.703Z,sell,5.81e-06,87.0,0.00050547
OAX/BTC,1602873535703,2020-10-16T18:38:55.703Z,sell,5.79e-06,3875.0,0.022436249999999998
OAX/BTC,1602873535703,2020-10-16T18:38:55.703Z,sell,5.78e-06,9010.0,0.0520778
OAX/BTC,1602873535703,2020-10-16T18:38:55.703Z,sell,5.77e-06,8075.0,0.046592749999999995
OAX/BTC,1602873535703,2020-10-16T18:38:55.703Z,sell,5.76e-06,2884.0,0.01661184
OAX/BTC,1602873535798,2020-10-16T18:38:55.798Z,buy,5.77e-06,1632.0,0.00941664
OAX/BTC,1602873551111,2020-10-16T18:39:11.111Z,buy,5.81e-06,60.0,0.0003486
OAX/BTC,1602873564570,2020-10-16T18:39:24.570Z,buy,5.81e-06,323.0,0.00187663
OAX/BTC,1602873569278,2020-10-16T18:39:29.278Z,buy,5.81e-06,332.0,0.0019289200000000002
OAX/BTC,1602873594960,2020-10-16T18:39:54.960Z,buy,5.82e-06,480.0,0.0027936000000000002
OAX/BTC,1602873605521,2020-10-16T18:40:05.521Z,buy,5.82e-06,130.0,0.0007566000000000001
OAX/BTC,1602873659612,2020-10-16T18:40:59.612Z,buy,5.83e-06,29.0,0.00016907
OAX/BTC,1602873955656,2020-10-16T18:45:55.656Z,sell,5.77e-06,823.0,0.00474871
OAX/BTC,1602873955656,2020-10-16T18:45:55.656Z,sell,5.76e-06,226.0,0.00130176
OAX/BTC,1602873957808,2020-10-16T18:45:57.808Z,buy,5.83e-06,268.0,0.00156244
OAX/BTC,1602874129478,2020-10-16T18:48:49.478Z,buy,5.8e-06,24.0,0.00013920000000000002
OAX/BTC,1602874148284,2020-10-16T18:49:08.284Z,buy,5.8e-06,34.0,0.00019720000000000002
OAX/BTC,1602874280700,2020-10-16T18:51:20.700Z,buy,5.79e-06,21.0,0.00012158999999999999
OAX/BTC,1602874296734,2020-10-16T18:51:36.734Z,buy,5.79e-06,26.0,0.00015053999999999998
OAX/BTC,1602874296734,2020-10-16T18:51:36.734Z,buy,5.79e-06,26.0,0.00015053999999999998
OAX/BTC,1602874964126,2020-10-16T19:02:44.126Z,sell,5.76e-06,37.0,0.00021312
OAX/BTC,1602875230787,2020-10-16T19:07:10.787Z,buy,5.79e-06,1779.0,0.01030041
OAX/BTC,1602875230787,2020-10-16T19:07:10.787Z,buy,5.81e-06,791.0,0.00459571
OAX/BTC,1602875230787,2020-10-16T19:07:10.787Z,buy,5.82e-06,414.0,0.00240948
OAX/BTC,1602875230787,2020-10-16T19:07:10.787Z,buy,5.83e-06,5047.0,0.02942401
OAX/BTC,1602875230787,2020-10-16T19:07:10.787Z,buy,5.84e-06,2249.0,0.01313416
OAX/BTC,1602875465600,2020-10-16T19:11:05.600Z,sell,5.79e-06,98.0,0.00056742
OAX/BTC,1602875475952,2020-10-16T19:11:15.952Z,buy,5.84e-06,18.0,0.00010512
OAX/BTC,1602875805013,2020-10-16T19:16:45.013Z,sell,5.79e-06,200.0,0.001158
OAX/BTC,1602876726453,2020-10-16T19:32:06.453Z,sell,5.79e-06,46.0,0.00026634
OAX/BTC,1602876789495,2020-10-16T19:33:09.495Z,buy,5.79e-06,68.0,0.00039371999999999996
OAX/BTC,1602877497948,2020-10-16T19:44:57.948Z,sell,5.78e-06,21.0,0.00012137999999999999
OAX/BTC,1602877569263,2020-10-16T19:46:09.263Z,buy,5.78e-06,35.0,0.00020229999999999998
OAX/BTC,1602877569263,2020-10-16T19:46:09.263Z,buy,5.78e-06,35.0,0.00020229999999999998
OAX/BTC,1602877907900,2020-10-16T19:51:47.900Z,buy,5.78e-06,194.0,0.0011213199999999999
OAX/BTC,1602878011562,2020-10-16T19:53:31.562Z,buy,5.79e-06,392.0,0.00226968
OAX/BTC,1602878280373,2020-10-16T19:58:00.373Z,buy,5.79e-06,106.0,0.00061374
OAX/BTC,1602878400586,2020-10-16T20:00:00.586Z,sell,5.79e-06,494.0,0.00286026
OAX/BTC,1602878799796,2020-10-16T20:06:39.796Z,sell,5.8e-06,800.0,0.00464
OAX/BTC,1602878799810,2020-10-16T20:06:39.810Z,sell,5.8e-06,409.0,0.0023722
OAX/BTC,1602878800201,2020-10-16T20:06:40.201Z,sell,5.8e-06,204.0,0.0011832000000000001
OAX/BTC,1602878829879,2020-10-16T20:07:09.879Z,sell,5.8e-06,35.0,0.000203
OAX/BTC,1602878927664,2020-10-16T20:08:47.664Z,sell,5.8e-06,300.0,0.00174
OAX/BTC,1602878927677,2020-10-16T20:08:47.677Z,sell,5.8e-06,193.0,0.0011194
OAX/BTC,1602879221463,2020-10-16T20:13:41.463Z,buy,5.81e-06,26.0,0.00015106
OAX/BTC,1602879257228,2020-10-16T20:14:17.228Z,buy,5.82e-06,21.0,0.00012222
OAX/BTC,1602879281114,2020-10-16T20:14:41.114Z,buy,5.83e-06,1040.0,0.0060632
OAX/BTC,1602879282465,2020-10-16T20:14:42.465Z,sell,5.83e-06,535.0,0.00311905
OAX/BTC,1602879283265,2020-10-16T20:14:43.265Z,sell,5.83e-06,266.0,0.00155078
OAX/BTC,1602879308352,2020-10-16T20:15:08.352Z,sell,5.83e-06,34.0,0.00019822
OAX/BTC,1602879321307,2020-10-16T20:15:21.307Z,buy,5.84e-06,413.0,0.00241192
OAX/BTC,1602879321392,2020-10-16T20:15:21.392Z,sell,5.84e-06,318.0,0.00185712
OAX/BTC,1602879345887,2020-10-16T20:15:45.887Z,buy,5.85e-06,2102.0,0.012296699999999999
OAX/BTC,1602879345905,2020-10-16T20:15:45.905Z,sell,5.84e-06,1181.0,0.00689704
OAX/BTC,1602879346002,2020-10-16T20:15:46.002Z,sell,5.84e-06,590.0,0.0034456
OAX/BTC,1602879346103,2020-10-16T20:15:46.103Z,sell,5.84e-06,295.0,0.0017228
OAX/BTC,1602879362252,2020-10-16T20:16:02.252Z,sell,5.84e-06,642.0,0.00374928
OAX/BTC,1602879489115,2020-10-16T20:18:09.115Z,sell,5.81e-06,91.0,0.00052871
OAX/BTC,1602879489124,2020-10-16T20:18:09.124Z,sell,5.81e-06,201.0,0.00116781
OAX/BTC,1602879661669,2020-10-16T20:21:01.669Z,buy,5.84e-06,100.0,0.000584
OAX/BTC,1602879686472,2020-10-16T20:21:26.472Z,buy,5.84e-06,51.0,0.00029784
OAX/BTC,1602879869298,2020-10-16T20:24:29.298Z,buy,5.84e-06,68.0,0.00039712
OAX/BTC,1602880458825,2020-10-16T20:34:18.825Z,sell,5.81e-06,23.0,0.00013363
OAX/BTC,1602880548730,2020-10-16T20:35:48.730Z,sell,5.81e-06,454.0,0.00263774
OAX/BTC,1602880548730,2020-10-16T20:35:48.730Z,sell,5.79e-06,12530.0,0.0725487
OAX/BTC,1602880548730,2020-10-16T20:35:48.730Z,sell,5.78e-06,498.0,0.00287844
OAX/BTC,1602880548730,2020-10-16T20:35:48.730Z,sell,5.76e-06,5075.0,0.029232
OAX/BTC,1602880548730,2020-10-16T20:35:48.730Z,sell,5.75e-06,106.0,0.0006095
OAX/BTC,1602880548730,2020-10-16T20:35:48.730Z,sell,5.74e-06,1563.0,0.00897162
OAX/BTC,1602880548730,2020-10-16T20:35:48.730Z,sell,5.73e-06,12821.0,0.07346433000000001
OAX/BTC,1602880548730,2020-10-16T20:35:48.730Z,sell,5.72e-06,13945.0,0.0797654
OAX/BTC,1602880548730,2020-10-16T20:35:48.730Z,sell,5.71e-06,12279.0,0.07011309
OAX/BTC,1602880584098,2020-10-16T20:36:24.098Z,buy,5.79e-06,68.0,0.00039371999999999996
OAX/BTC,1602880868638,2020-10-16T20:41:08.638Z,sell,5.74e-06,200.0,0.001148
OAX/BTC,1602881106405,2020-10-16T20:45:06.405Z,buy,5.79e-06,34.0,0.00019685999999999998
OAX/BTC,1602881115260,2020-10-16T20:45:15.260Z,sell,5.74e-06,2099.0,0.01204826
OAX/BTC,1602881115260,2020-10-16T20:45:15.260Z,sell,5.74e-06,2099.0,0.01204826
OAX/BTC,1602882135888,2020-10-16T21:02:15.888Z,sell,5.74e-06,35.0,0.0002009
OAX/BTC,1602882146779,2020-10-16T21:02:26.779Z,sell,5.72e-06,1346.0,0.00769912
OAX/BTC,1602882154429,2020-10-16T21:02:34.429Z,buy,5.74e-06,63.0,0.00036162
OAX/BTC,1602882262412,2020-10-16T21:04:22.412Z,sell,5.72e-06,3102.0,0.01774344
OAX/BTC,1602882343561,2020-10-16T21:05:43.561Z,sell,5.72e-06,796.0,0.00455312
OAX/BTC,1602882411997,2020-10-16T21:06:51.997Z,buy,5.72e-06,42.0,0.00024024000000000002
OAX/BTC,1602883229525,2020-10-16T21:20:29.525Z,sell,5.72e-06,35.0,0.00020020000000000001
OAX/BTC,1602883231309,2020-10-16T21:20:31.309Z,sell,5.71e-06,5235.0,0.02989185
OAX/BTC,1602883231320,2020-10-16T21:20:31.320Z,sell,5.71e-06,2635.0,0.015045850000000001
OAX/BTC,1602883231919,2020-10-16T21:20:31.919Z,sell,5.71e-06,1311.0,0.007485810000000001
OAX/BTC,1602883232324,2020-10-16T21:20:32.324Z,sell,5.71e-06,653.0,0.00372863
OAX/BTC,1602883232424,2020-10-16T21:20:32.424Z,sell,5.71e-06,327.0,0.00186717
OAX/BTC,1602883255013,2020-10-16T21:20:55.013Z,sell,5.71e-06,147.0,0.0008393700000000001
OAX/BTC,1602883255013,2020-10-16T21:20:55.013Z,sell,5.7e-06,671.0,0.0038247
OAX/BTC,1602883387734,2020-10-16T21:23:07.734Z,sell,5.7e-06,250.0,0.0014249999999999998
OAX/BTC,1602883446799,2020-10-16T21:24:06.799Z,sell,5.7e-06,1000.0,0.005699999999999999
OAX/BTC,1602883687501,2020-10-16T21:28:07.501Z,buy,5.74e-06,365.0,0.0020951
OAX/BTC,1602883687501,2020-10-16T21:28:07.501Z,buy,5.75e-06,21.0,0.00012075
OAX/BTC,1602883687501,2020-10-16T21:28:07.501Z,buy,5.77e-06,5489.0,0.031671529999999996
OAX/BTC,1602883687501,2020-10-16T21:28:07.501Z,buy,5.78e-06,21.0,0.00012137999999999999
OAX/BTC,1602883687501,2020-10-16T21:28:07.501Z,buy,5.79e-06,637.0,0.00368823
OAX/BTC,1602883687501,2020-10-16T21:28:07.501Z,buy,5.8e-06,4675.0,0.027115
OAX/BTC,1602883687586,2020-10-16T21:28:07.586Z,sell,5.8e-06,5693.0,0.033019400000000004
OAX/BTC,1602883689280,2020-10-16T21:28:09.280Z,sell,5.8e-06,752.0,0.0043616
OAX/BTC,1602883703579,2020-10-16T21:28:23.579Z,buy,5.81e-06,1133.0,0.00658273
OAX/BTC,1602883808400,2020-10-16T21:30:08.400Z,sell,5.81e-06,35.0,0.00020335
OAX/BTC,1602883868301,2020-10-16T21:31:08.301Z,sell,5.81e-06,35.0,0.00020335
OAX/BTC,1602883897144,2020-10-16T21:31:37.144Z,sell,5.81e-06,812.0,0.00471772
OAX/BTC,1602883999937,2020-10-16T21:33:19.937Z,buy,5.82e-06,1239.0,0.0072109800000000005
OAX/BTC,1602883999937,2020-10-16T21:33:19.937Z,buy,5.83e-06,9288.0,0.05414904
OAX/BTC,1602883999937,2020-10-16T21:33:19.937Z,buy,5.84e-06,9244.0,0.05398496
OAX/BTC,1602883999937,2020-10-16T21:33:19.937Z,buy,5.85e-06,54.0,0.0003159
OAX/BTC,1602884000243,2020-10-16T21:33:20.243Z,sell,5.85e-06,19.0,0.00011114999999999999
OAX/BTC,1602884228388,2020-10-16T21:37:08.388Z,sell,5.85e-06,34.0,0.0001989
OAX/BTC,1602884317710,2020-10-16T21:38:37.710Z,buy,5.86e-06,552.0,0.00323472
OAX/BTC,1602884401648,2020-10-16T21:40:01.648Z,buy,5.86e-06,1154.0,0.00676244
OAX/BTC,1602884494191,2020-10-16T21:41:34.191Z,sell,5.85e-06,1152.0,0.0067392
OAX/BTC,1602884513015,2020-10-16T21:41:53.015Z,buy,5.86e-06,611.0,0.0035804599999999997
OAX/BTC,1602884513015,2020-10-16T21:41:53.015Z,buy,5.87e-06,2232.0,0.01310184
OAX/BTC,1602884513015,2020-10-16T21:41:53.015Z,buy,5.88e-06,365.0,0.0021462
OAX/BTC,1602884513015,2020-10-16T21:41:53.015Z,buy,5.89e-06,17.0,0.00010013
OAX/BTC,1602884513015,2020-10-16T21:41:53.015Z,buy,5.9e-06,5448.0,0.032143200000000004
OAX/BTC,1602884674759,2020-10-16T21:44:34.759Z,sell,5.9e-06,42857.0,0.25285630000000003
OAX/BTC,1602884674759,2020-10-16T21:44:34.759Z,sell,5.9e-06,42857.0,0.25285630000000003
OAX/BTC,1602884768317,2020-10-16T21:46:08.317Z,sell,5.9e-06,34.0,0.0002006
OAX/BTC,1602884850754,2020-10-16T21:47:30.754Z,sell,5.9e-06,30593.0,0.1804987
OAX/BTC,1602884895753,2020-10-16T21:48:15.753Z,buy,5.91e-06,18.0,0.00010638000000000001
OAX/BTC,1602884948984,2020-10-16T21:49:08.984Z,sell,5.9e-06,1000.0,0.0059
OAX/BTC,1602884949966,2020-10-16T21:49:09.966Z,sell,5.9e-06,42669.0,0.2517471
OAX/BTC,1602884958864,2020-10-16T21:49:18.864Z,sell,5.9e-06,1000.0,0.0059
OAX/BTC,1602884989258,2020-10-16T21:49:49.258Z,sell,5.9e-06,3600.0,0.021240000000000002
OAX/BTC,1602885006208,2020-10-16T21:50:06.208Z,sell,5.9e-06,82.0,0.0004838
OAX/BTC,1602885038631,2020-10-16T21:50:38.631Z,sell,5.85e-06,3466.0,0.0202761
OAX/BTC,1602885080141,2020-10-16T21:51:20.141Z,sell,5.87e-06,34.0,0.00019957999999999998
OAX/BTC,1602885080141,2020-10-16T21:51:20.141Z,sell,5.83e-06,228.0,0.00132924
OAX/BTC,1602885124849,2020-10-16T21:52:04.849Z,buy,5.9e-06,990.0,0.005841
OAX/BTC,1602885146672,2020-10-16T21:52:26.672Z,sell,5.85e-06,870.0,0.0050895
OAX/BTC,1602885185483,2020-10-16T21:53:05.483Z,sell,5.85e-06,359.0,0.00210015
OAX/BTC,1602885210992,2020-10-16T21:53:30.992Z,sell,5.83e-06,3834.0,0.02235222
OAX/BTC,1602885306461,2020-10-16T21:55:06.461Z,buy,5.87e-06,4539.0,0.02664393
OAX/BTC,1602885306461,2020-10-16T21:55:06.461Z,buy,5.88e-06,344.0,0.00202272
OAX/BTC,1602885306461,2020-10-16T21:55:06.461Z,buy,5.9e-06,3033.0,0.0178947
OAX/BTC,1602885306461,2020-10-16T21:55:06.461Z,buy,5.91e-06,22882.0,0.13523262
OAX/BTC,1602885431061,2020-10-16T21:57:11.061Z,sell,5.91e-06,2356.0,0.01392396
OAX/BTC,1602885477069,2020-10-16T21:57:57.069Z,buy,5.92e-06,253.0,0.00149776
OAX/BTC,1602885545874,2020-10-16T21:59:05.874Z,buy,5.92e-06,108.0,0.0006393600000000001
OAX/BTC,1602885551057,2020-10-16T21:59:11.057Z,buy,5.93e-06,278.0,0.00164854
OAX/BTC,1602885562066,2020-10-16T21:59:22.066Z,buy,5.93e-06,177.0,0.00104961
OAX/BTC,1602885562066,2020-10-16T21:59:22.066Z,buy,5.94e-06,658.0,0.0039085199999999995
OAX/BTC,1602885592913,2020-10-16T21:59:52.913Z,sell,5.92e-06,6000.0,0.03552
OAX/BTC,1602885654731,2020-10-16T22:00:54.731Z,sell,5.92e-06,556.0,0.00329152
OAX/BTC,1602885657739,2020-10-16T22:00:57.739Z,sell,5.92e-06,63.0,0.00037296
OAX/BTC,1602885664696,2020-10-16T22:01:04.696Z,sell,5.91e-06,493.0,0.00291363
OAX/BTC,1602885702387,2020-10-16T22:01:42.387Z,sell,5.91e-06,16870.0,0.0997017
OAX/BTC,1602885721676,2020-10-16T22:02:01.676Z,sell,5.91e-06,4606.0,0.02722146
OAX/BTC,1602885724126,2020-10-16T22:02:04.126Z,sell,5.91e-06,170.0,0.0010047
OAX/BTC,1602885737074,2020-10-16T22:02:17.074Z,sell,5.91e-06,111.0,0.0006560100000000001
OAX/BTC,1602885750592,2020-10-16T22:02:30.592Z,sell,5.91e-06,6770.0,0.0400107
OAX/BTC,1602885958514,2020-10-16T22:05:58.514Z,sell,5.91e-06,612.0,0.00361692
OAX/BTC,1602885975001,2020-10-16T22:06:15.001Z,sell,5.91e-06,4000.0,0.02364
OAX/BTC,1602885991108,2020-10-16T22:06:31.108Z,sell,5.91e-06,56.0,0.00033096
OAX/BTC,1602886010228,2020-10-16T22:06:50.228Z,sell,5.91e-06,3000.0,0.01773
OAX/BTC,1602886514113,2020-10-16T22:15:14.113Z,buy,5.92e-06,121.0,0.00071632
OAX/BTC,1602886568375,2020-10-16T22:16:08.375Z,sell,5.92e-06,34.0,0.00020128
OAX/BTC,1602886585551,2020-10-16T22:16:25.551Z,buy,5.94e-06,183.0,0.00108702
OAX/BTC,1602886621952,2020-10-16T22:17:01.952Z,buy,5.94e-06,368.0,0.00218592
OAX/BTC,1602886639900,2020-10-16T22:17:19.900Z,buy,5.94e-06,312.0,0.00185328
OAX/BTC,1602886641083,2020-10-16T22:17:21.083Z,buy,5.94e-06,156.0,0.00092664
OAX/BTC,1602886643172,2020-10-16T22:17:23.172Z,buy,5.94e-06,156.0,0.00092664
OAX/BTC,1602886671740,2020-10-16T22:17:51.740Z,buy,5.94e-06,2040.0,0.0121176
OAX/BTC,1602886696293,2020-10-16T22:18:16.293Z,buy,5.94e-06,38.0,0.00022572
OAX/BTC,1602886841200,2020-10-16T22:20:41.200Z,buy,5.94e-06,1669.0,0.00991386
OAX/BTC,1602886841992,2020-10-16T22:20:41.992Z,sell,5.94e-06,949.0,0.00563706
OAX/BTC,1602886867524,2020-10-16T22:21:07.524Z,buy,5.95e-06,6732.0,0.0400554
OAX/BTC,1602886867524,2020-10-16T22:21:07.524Z,buy,5.96e-06,25970.0,0.15478119999999998
OAX/BTC,1602886867524,2020-10-16T22:21:07.524Z,buy,5.97e-06,7338.0,0.04380786
OAX/BTC,1602886867524,2020-10-16T22:21:07.524Z,buy,5.98e-06,49352.0,0.29512496
OAX/BTC,1602886871476,2020-10-16T22:21:11.476Z,sell,5.94e-06,38.0,0.00022572
OAX/BTC,1602886892007,2020-10-16T22:21:32.007Z,buy,5.98e-06,21850.0,0.130663
OAX/BTC,1602886903912,2020-10-16T22:21:43.912Z,sell,5.94e-06,13710.0,0.0814374
OAX/BTC,1602886903912,2020-10-16T22:21:43.912Z,sell,5.92e-06,344.0,0.0020364800000000002
OAX/BTC,1602886903912,2020-10-16T22:21:43.912Z,sell,5.91e-06,45.0,0.00026595
OAX/BTC,1602886903940,2020-10-16T22:21:43.940Z,buy,5.92e-06,8343.0,0.04939056
OAX/BTC,1602886904576,2020-10-16T22:21:44.576Z,buy,5.98e-06,2208.0,0.013203840000000001
OAX/BTC,1602886904746,2020-10-16T22:21:44.746Z,buy,5.98e-06,7200.0,0.043056000000000004
OAX/BTC,1602886912100,2020-10-16T22:21:52.100Z,buy,5.97e-06,38.0,0.00022685999999999998
OAX/BTC,1602886913077,2020-10-16T22:21:53.077Z,buy,5.97e-06,306.0,0.0018268199999999998
OAX/BTC,1602886913150,2020-10-16T22:21:53.150Z,sell,5.97e-06,168.0,0.00100296
OAX/BTC,1602886915485,2020-10-16T22:21:55.485Z,sell,5.92e-06,106.0,0.00062752
OAX/BTC,1602886941130,2020-10-16T22:22:21.130Z,buy,5.97e-06,106.0,0.00063282
OAX/BTC,1602886941130,2020-10-16T22:22:21.130Z,buy,5.98e-06,393.0,0.00235014
OAX/BTC,1602886941164,2020-10-16T22:22:21.164Z,buy,5.98e-06,83.0,0.0004963400000000001
OAX/BTC,1602886942219,2020-10-16T22:22:22.219Z,buy,5.98e-06,59.0,0.00035282
OAX/BTC,1602886942286,2020-10-16T22:22:22.286Z,buy,5.98e-06,116.0,0.00069368
OAX/BTC,1602886981496,2020-10-16T22:23:01.496Z,buy,5.98e-06,4358.0,0.026060840000000002
OAX/BTC,1602886981592,2020-10-16T22:23:01.592Z,sell,5.98e-06,3923.0,0.02345954
OAX/BTC,1602886981592,2020-10-16T22:23:01.592Z,sell,5.97e-06,87.0,0.00051939
OAX/BTC,1602886986016,2020-10-16T22:23:06.016Z,sell,5.94e-06,339.0,0.00201366
OAX/BTC,1602887049015,2020-10-16T22:24:09.015Z,sell,5.94e-06,38.0,0.00022572
OAX/BTC,1602887073913,2020-10-16T22:24:33.913Z,sell,5.95e-06,1363.0,0.00810985
OAX/BTC,1602887073913,2020-10-16T22:24:33.913Z,sell,5.94e-06,3020.0,0.0179388
OAX/BTC,1602887081970,2020-10-16T22:24:41.970Z,sell,5.92e-06,682.0,0.00403744
OAX/BTC,1602887081970,2020-10-16T22:24:41.970Z,sell,5.91e-06,3207.0,0.01895337
OAX/BTC,1602887081970,2020-10-16T22:24:41.970Z,sell,5.91e-06,18.0,0.00010638000000000001
OAX/BTC,1602887081970,2020-10-16T22:24:41.970Z,sell,5.91e-06,35.0,0.00020685
OAX/BTC,1602887165610,2020-10-16T22:26:05.610Z,buy,5.96e-06,17.0,0.00010132
OAX/BTC,1602887208235,2020-10-16T22:26:48.235Z,buy,5.96e-06,38.0,0.00022648
OAX/BTC,1602887262102,2020-10-16T22:27:42.102Z,sell,5.92e-06,623.0,0.0036881600000000002
OAX/BTC,1602887305443,2020-10-16T22:28:25.443Z,buy,5.96e-06,744.0,0.00443424
OAX/BTC,1602887328126,2020-10-16T22:28:48.126Z,sell,5.92e-06,1337.0,0.00791504
OAX/BTC,1602887411981,2020-10-16T22:30:11.981Z,sell,5.92e-06,93.0,0.00055056
OAX/BTC,1602887431769,2020-10-16T22:30:31.769Z,sell,5.92e-06,811.0,0.00480112
OAX/BTC,1602887647863,2020-10-16T22:34:07.863Z,sell,5.92e-06,52.0,0.00030784
OAX/BTC,1602887647863,2020-10-16T22:34:07.863Z,sell,5.91e-06,148.0,0.0008746800000000001
OAX/BTC,1602887668551,2020-10-16T22:34:28.551Z,buy,5.94e-06,17.0,0.00010098
OAX/BTC,1602887697474,2020-10-16T22:34:57.474Z,buy,5.94e-06,56.0,0.00033264
OAX/BTC,1602887698109,2020-10-16T22:34:58.109Z,buy,5.94e-06,84.0,0.00049896
OAX/BTC,1602887938064,2020-10-16T22:38:58.064Z,buy,5.94e-06,692.0,0.00411048
OAX/BTC,1602887938064,2020-10-16T22:38:58.064Z,buy,5.95e-06,1755.0,0.01044225
OAX/BTC,1602887938135,2020-10-16T22:38:58.135Z,sell,5.95e-06,1268.0,0.007544599999999999
OAX/BTC,1602887938241,2020-10-16T22:38:58.241Z,sell,5.95e-06,610.0,0.0036295
OAX/BTC,1602888089895,2020-10-16T22:41:29.895Z,sell,5.92e-06,1084.0,0.00641728
OAX/BTC,1602888089895,2020-10-16T22:41:29.895Z,sell,5.91e-06,2187.0,0.01292517
OAX/BTC,1602888089895,2020-10-16T22:41:29.895Z,sell,5.91e-06,128.0,0.00075648
OAX/BTC,1602888163454,2020-10-16T22:42:43.454Z,sell,5.91e-06,2037.0,0.01203867
OAX/BTC,1602888209486,2020-10-16T22:43:29.486Z,sell,5.91e-06,2040.0,0.0120564
OAX/BTC,1602888209486,2020-10-16T22:43:29.486Z,sell,5.9e-06,2280.0,0.013452
OAX/BTC,1602888209486,2020-10-16T22:43:29.486Z,sell,5.91e-06,2040.0,0.0120564
OAX/BTC,1602888209486,2020-10-16T22:43:29.486Z,sell,5.9e-06,2280.0,0.013452
OAX/BTC,1602888287136,2020-10-16T22:44:47.136Z,sell,5.89e-06,38.0,0.00022382
OAX/BTC,1602888290745,2020-10-16T22:44:50.745Z,sell,5.89e-06,35.0,0.00020615000000000002
OAX/BTC,1602888295079,2020-10-16T22:44:55.079Z,sell,5.89e-06,737.0,0.004340930000000001
OAX/BTC,1602888501377,2020-10-16T22:48:21.377Z,buy,5.93e-06,17.0,0.00010081
OAX/BTC,1602889085700,2020-10-16T22:58:05.700Z,buy,5.93e-06,20.0,0.0001186
OAX/BTC,1602890358294,2020-10-16T23:19:18.294Z,buy,5.93e-06,783.0,0.00464319
OAX/BTC,1602890358338,2020-10-16T23:19:18.338Z,sell,5.93e-06,391.0,0.00231863
OAX/BTC,1602890358439,2020-10-16T23:19:18.439Z,sell,5.93e-06,195.0,0.00115635
OAX/BTC,1602890374109,2020-10-16T23:19:34.109Z,buy,5.94e-06,68.0,0.00040392
OAX/BTC,1602890679716,2020-10-16T23:24:39.716Z,buy,5.94e-06,1383.0,0.00821502
OAX/BTC,1602890683121,2020-10-16T23:24:43.121Z,sell,5.93e-06,681.0,0.00403833
OAX/BTC,1602890683521,2020-10-16T23:24:43.521Z,sell,5.93e-06,339.0,0.00201027
OAX/BTC,1602890683616,2020-10-16T23:24:43.616Z,sell,5.93e-06,170.0,0.0010081
OAX/BTC,1602890738004,2020-10-16T23:25:38.004Z,buy,5.94e-06,619.0,0.00367686
OAX/BTC,1602890738012,2020-10-16T23:25:38.012Z,sell,5.94e-06,142.0,0.00084348
OAX/BTC,1602890738012,2020-10-16T23:25:38.012Z,sell,5.93e-06,221.0,0.00131053
OAX/BTC,1602890764273,2020-10-16T23:26:04.273Z,buy,5.95e-06,50.0,0.00029749999999999997
OAX/BTC,1602890764273,2020-10-16T23:26:04.273Z,buy,5.96e-06,17.0,0.00010132
OAX/BTC,1602890764273,2020-10-16T23:26:04.273Z,buy,5.97e-06,35.0,0.00020894999999999998
OAX/BTC,1602890837015,2020-10-16T23:27:17.015Z,buy,5.97e-06,242.0,0.00144474
OAX/BTC,1602891066232,2020-10-16T23:31:06.232Z,buy,5.97e-06,363.0,0.00216711
OAX/BTC,1602891208656,2020-10-16T23:33:28.656Z,buy,5.97e-06,18.0,0.00010745999999999999
OAX/BTC,1602891350273,2020-10-16T23:35:50.273Z,buy,5.97e-06,2316.0,0.013826519999999998
OAX/BTC,1602891536364,2020-10-16T23:38:56.364Z,buy,5.97e-06,1927.0,0.01150419
OAX/BTC,1602891701425,2020-10-16T23:41:41.425Z,buy,5.97e-06,75.0,0.00044774999999999996
OAX/BTC,1602891701425,2020-10-16T23:41:41.425Z,buy,5.97e-06,75.0,0.00044774999999999996
OAX/BTC,1602891817746,2020-10-16T23:43:37.746Z,sell,5.94e-06,3891.0,0.02311254
OAX/BTC,1602891934147,2020-10-16T23:45:34.147Z,sell,5.94e-06,1926.0,0.01144044
OAX/BTC,1602892115886,2020-10-16T23:48:35.886Z,sell,5.94e-06,242.0,0.0014374799999999999
OAX/BTC,1602892149872,2020-10-16T23:49:09.872Z,sell,5.94e-06,500.0,0.00297
OAX/BTC,1602893030939,2020-10-17T00:03:50.939Z,buy,5.97e-06,369.0,0.0022029299999999996
OAX/BTC,1602893086668,2020-10-17T00:04:46.668Z,buy,5.97e-06,39.0,0.00023282999999999998
OAX/BTC,1602893218809,2020-10-17T00:06:58.809Z,sell,5.95e-06,7641.0,0.045463949999999996
OAX/BTC,1602893218809,2020-10-17T00:06:58.809Z,sell,5.94e-06,32.0,0.00019008
OAX/BTC,1602893289380,2020-10-17T00:08:09.380Z,sell,5.94e-06,6566.0,0.03900204
OAX/BTC,1602893312406,2020-10-17T00:08:32.406Z,sell,5.94e-06,1746.0,0.01037124
OAX/BTC,1602893326635,2020-10-17T00:08:46.635Z,buy,5.97e-06,3176.0,0.01896072
OAX/BTC,1602893773604,2020-10-17T00:16:13.604Z,buy,5.97e-06,1051.0,0.00627447
OAX/BTC,1602894037108,2020-10-17T00:20:37.108Z,buy,5.97e-06,4308.0,0.025718759999999997
OAX/BTC,1602894741554,2020-10-17T00:32:21.554Z,sell,5.94e-06,2275.0,0.0135135
OAX/BTC,1602894845596,2020-10-17T00:34:05.596Z,sell,5.95e-06,262.0,0.0015589
OAX/BTC,1602895259821,2020-10-17T00:40:59.821Z,sell,5.94e-06,5693.0,0.03381642
OAX/BTC,1602895259821,2020-10-17T00:40:59.821Z,sell,5.94e-06,5693.0,0.03381642
OAX/BTC,1602895331074,2020-10-17T00:42:11.074Z,sell,5.94e-06,17.0,0.00010098
OAX/BTC,1602895359568,2020-10-17T00:42:39.568Z,sell,5.94e-06,262.0,0.00155628
OAX/BTC,1602895594716,2020-10-17T00:46:34.716Z,sell,5.94e-06,4308.0,0.02558952
OAX/BTC,1602895978432,2020-10-17T00:52:58.432Z,buy,5.97e-06,1108.0,0.00661476
OAX/BTC,1602895978432,2020-10-17T00:52:58.432Z,buy,5.98e-06,4357.0,0.026054860000000003
OAX/BTC,1602896102547,2020-10-17T00:55:02.547Z,buy,5.98e-06,2580.0,0.0154284
OAX/BTC,1602896140322,2020-10-17T00:55:40.322Z,sell,5.98e-06,1027.0,0.0061414600000000005
OAX/BTC,1602896140349,2020-10-17T00:55:40.349Z,sell,5.98e-06,170.0,0.0010166
OAX/BTC,1602896140463,2020-10-17T00:55:40.463Z,sell,5.98e-06,853.0,0.00510094
OAX/BTC,1602896140869,2020-10-17T00:55:40.869Z,sell,5.98e-06,24.0,0.00014352
OAX/BTC,1602896142558,2020-10-17T00:55:42.558Z,sell,5.98e-06,427.0,0.00255346
OAX/BTC,1602896161497,2020-10-17T00:56:01.497Z,buy,5.99e-06,334.0,0.00200066
OAX/BTC,1602896246944,2020-10-17T00:57:26.944Z,buy,5.99e-06,79.0,0.00047321
OAX/BTC,1602896251103,2020-10-17T00:57:31.103Z,buy,5.99e-06,3157.0,0.018910430000000002
OAX/BTC,1602896251121,2020-10-17T00:57:31.121Z,sell,5.98e-06,20.0,0.00011960000000000001
OAX/BTC,1602896251121,2020-10-17T00:57:31.121Z,sell,5.95e-06,151.0,0.00089845
OAX/BTC,1602897078856,2020-10-17T01:11:18.856Z,sell,5.95e-06,1217.0,0.00724115
OAX/BTC,1602897078856,2020-10-17T01:11:18.856Z,sell,5.94e-06,27393.0,0.16271442
OAX/BTC,1602897268809,2020-10-17T01:14:28.809Z,sell,5.94e-06,34.0,0.00020196
OAX/BTC,1602897288265,2020-10-17T01:14:48.265Z,sell,5.93e-06,2220.0,0.0131646
OAX/BTC,1602897656133,2020-10-17T01:20:56.133Z,buy,5.93e-06,51.0,0.00030243
OAX/BTC,1602897656514,2020-10-17T01:20:56.514Z,sell,5.92e-06,78.0,0.00046176
OAX/BTC,1602897709596,2020-10-17T01:21:49.596Z,buy,5.93e-06,5.0,2.965e-05
OAX/BTC,1602897775939,2020-10-17T01:22:55.939Z,sell,5.93e-06,1060.0,0.0062858
OAX/BTC,1602897799903,2020-10-17T01:23:19.903Z,buy,5.93e-06,569.0,0.00337417
OAX/BTC,1602897841291,2020-10-17T01:24:01.291Z,buy,5.93e-06,7700.0,0.045661
OAX/BTC,1602897841291,2020-10-17T01:24:01.291Z,buy,5.93e-06,7700.0,0.045661
OAX/BTC,1602899234889,2020-10-17T01:47:14.889Z,sell,5.92e-06,266.0,0.00157472
OAX/BTC,1602899279798,2020-10-17T01:47:59.798Z,buy,5.92e-06,17.0,0.00010064
OAX/BTC,1602899288414,2020-10-17T01:48:08.414Z,buy,5.92e-06,34.0,0.00020128
OAX/BTC,1602900778010,2020-10-17T02:12:58.010Z,sell,5.91e-06,238.0,0.00140658
OAX/BTC,1602900894125,2020-10-17T02:14:54.125Z,sell,5.91e-06,688.0,0.00406608
OAX/BTC,1602900894125,2020-10-17T02:14:54.125Z,sell,5.9e-06,881.0,0.0051979
OAX/BTC,1602900894125,2020-10-17T02:14:54.125Z,sell,5.89e-06,431.0,0.0025385900000000003
OAX/BTC,1602900942274,2020-10-17T02:15:42.274Z,buy,5.92e-06,26.0,0.00015392
OAX/BTC,1602900942274,2020-10-17T02:15:42.274Z,buy,5.92e-06,26.0,0.00015392
OAX/BTC,1602901764569,2020-10-17T02:29:24.569Z,sell,5.89e-06,50.0,0.0002945
OAX/BTC,1602901764569,2020-10-17T02:29:24.569Z,sell,5.88e-06,2155.0,0.0126714
OAX/BTC,1602901813873,2020-10-17T02:30:13.873Z,buy,5.92e-06,29.0,0.00017168
OAX/BTC,1602902226277,2020-10-17T02:37:06.277Z,sell,5.89e-06,143.0,0.00084227
OAX/BTC,1602902226277,2020-10-17T02:37:06.277Z,sell,5.88e-06,1662.0,0.00977256
OAX/BTC,1602902226277,2020-10-17T02:37:06.277Z,sell,5.87e-06,1875.0,0.011006249999999999
OAX/BTC,1602902275749,2020-10-17T02:37:55.749Z,buy,5.92e-06,317.0,0.00187664
OAX/BTC,1602902275749,2020-10-17T02:37:55.749Z,buy,5.92e-06,317.0,0.00187664
OAX/BTC,1602904775592,2020-10-17T03:19:35.592Z,buy,5.92e-06,98.0,0.00058016
OAX/BTC,1602904775592,2020-10-17T03:19:35.592Z,buy,5.94e-06,214.0,0.00127116
OAX/BTC,1602905372388,2020-10-17T03:29:32.388Z,buy,5.93e-06,34.0,0.00020162
OAX/BTC,1602905386588,2020-10-17T03:29:46.588Z,buy,5.94e-06,407.0,0.00241758
OAX/BTC,1602905399875,2020-10-17T03:29:59.875Z,buy,5.95e-06,4137.0,0.02461515
OAX/BTC,1602905422230,2020-10-17T03:30:22.230Z,buy,5.95e-06,22.0,0.00013089999999999998
OAX/BTC,1602905471175,2020-10-17T03:31:11.175Z,buy,5.95e-06,357.0,0.00212415
OAX/BTC,1602905676021,2020-10-17T03:34:36.021Z,buy,5.94e-06,100.0,0.000594
OAX/BTC,1602905676021,2020-10-17T03:34:36.021Z,buy,5.94e-06,100.0,0.000594
OAX/BTC,1602905967302,2020-10-17T03:39:27.302Z,buy,5.92e-06,34.0,0.00020128
OAX/BTC,1602906280042,2020-10-17T03:44:40.042Z,sell,5.89e-06,144.0,0.00084816
OAX/BTC,1602906280042,2020-10-17T03:44:40.042Z,sell,5.88e-06,488.0,0.00286944
OAX/BTC,1602906280042,2020-10-17T03:44:40.042Z,sell,5.87e-06,1775.0,0.01041925
OAX/BTC,1602906280042,2020-10-17T03:44:40.042Z,sell,5.86e-06,5408.0,0.03169088
OAX/BTC,1602906280042,2020-10-17T03:44:40.042Z,sell,5.85e-06,6895.0,0.04033575
OAX/BTC,1602906280042,2020-10-17T03:44:40.042Z,sell,5.84e-06,3144.0,0.01836096
OAX/BTC,1602906345920,2020-10-17T03:45:45.920Z,buy,5.9e-06,17.0,0.0001003
OAX/BTC,1602906364192,2020-10-17T03:46:04.192Z,sell,5.86e-06,1623.0,0.00951078
OAX/BTC,1602906844424,2020-10-17T03:54:04.424Z,sell,5.86e-06,1502.0,0.008801719999999999
OAX/BTC,1602906846183,2020-10-17T03:54:06.183Z,buy,5.86e-06,834.0,0.00488724
OAX/BTC,1602906846388,2020-10-17T03:54:06.388Z,buy,5.86e-06,416.0,0.0024377599999999998
OAX/BTC,1602906846591,2020-10-17T03:54:06.591Z,buy,5.86e-06,208.0,0.0012188799999999999
OAX/BTC,1602906857591,2020-10-17T03:54:17.591Z,sell,5.84e-06,5934.0,0.03465456
OAX/BTC,1602906971358,2020-10-17T03:56:11.358Z,sell,5.86e-06,3442.0,0.02017012
OAX/BTC,1602907439225,2020-10-17T04:03:59.225Z,sell,5.86e-06,42.0,0.00024612
OAX/BTC,1602907940440,2020-10-17T04:12:20.440Z,sell,5.86e-06,972.0,0.00569592
OAX/BTC,1602908171285,2020-10-17T04:16:11.285Z,buy,5.89e-06,20.0,0.0001178
OAX/BTC,1602908652215,2020-10-17T04:24:12.215Z,buy,5.9e-06,16.0,9.44e-05
OAX/BTC,1602908652215,2020-10-17T04:24:12.215Z,buy,5.91e-06,3719.0,0.021979290000000002
OAX/BTC,1602908652215,2020-10-17T04:24:12.215Z,buy,5.92e-06,3324.0,0.01967808
OAX/BTC,1602908652215,2020-10-17T04:24:12.215Z,buy,5.93e-06,5075.0,0.03009475
OAX/BTC,1602908652215,2020-10-17T04:24:12.215Z,buy,5.94e-06,17.0,0.00010098
OAX/BTC,1602908652215,2020-10-17T04:24:12.215Z,buy,5.95e-06,3073.0,0.018284349999999998
OAX/BTC,1602908652215,2020-10-17T04:24:12.215Z,buy,5.96e-06,4853.0,0.02892388
OAX/BTC,1602908652215,2020-10-17T04:24:12.215Z,buy,5.97e-06,4743.0,0.028315709999999997
OAX/BTC,1602908652215,2020-10-17T04:24:12.215Z,buy,5.98e-06,22213.0,0.13283374
OAX/BTC,1602908652215,2020-10-17T04:24:12.215Z,buy,5.99e-06,7402.0,0.04433798
OAX/BTC,1602908652215,2020-10-17T04:24:12.215Z,buy,6e-06,56010.0,0.33606
OAX/BTC,1602908652228,2020-10-17T04:24:12.228Z,buy,6.01e-06,3109.0,0.01868509
OAX/BTC,1602908652228,2020-10-17T04:24:12.228Z,buy,6.02e-06,3300.0,0.019865999999999998
OAX/BTC,1602908652525,2020-10-17T04:24:12.525Z,buy,6.02e-06,333.0,0.00200466
OAX/BTC,1602908652598,2020-10-17T04:24:12.598Z,buy,6.02e-06,9.0,5.418e-05
OAX/BTC,1602908652598,2020-10-17T04:24:12.598Z,buy,6.03e-06,3000.0,0.01809
OAX/BTC,1602908652598,2020-10-17T04:24:12.598Z,buy,6.04e-06,2700.0,0.016308
OAX/BTC,1602908652803,2020-10-17T04:24:12.803Z,sell,6.03e-06,333.0,0.00200799
OAX/BTC,1602908662560,2020-10-17T04:24:22.560Z,buy,6.04e-06,14283.0,0.08626932
OAX/BTC,1602908662560,2020-10-17T04:24:22.560Z,buy,6.05e-06,50978.0,0.3084169
OAX/BTC,1602908662560,2020-10-17T04:24:22.560Z,buy,6.06e-06,32637.0,0.19778021999999998
OAX/BTC,1602908671850,2020-10-17T04:24:31.850Z,buy,6.07e-06,3175.0,0.01927225
OAX/BTC,1602908671850,2020-10-17T04:24:31.850Z,buy,6.08e-06,16596.0,0.10090368000000001
OAX/BTC,1602908671850,2020-10-17T04:24:31.850Z,buy,6.09e-06,537.0,0.00327033
OAX/BTC,1602908671850,2020-10-17T04:24:31.850Z,buy,6.1e-06,46538.0,0.2838818
OAX/BTC,1602908671867,2020-10-17T04:24:31.867Z,sell,6.1e-06,3109.0,0.0189649
OAX/BTC,1602908672329,2020-10-17T04:24:32.329Z,sell,6.1e-06,26.0,0.0001586
OAX/BTC,1602908679355,2020-10-17T04:24:39.355Z,buy,6.11e-06,1565.0,0.00956215
OAX/BTC,1602908679355,2020-10-17T04:24:39.355Z,buy,6.12e-06,5249.0,0.03212388
OAX/BTC,1602908682105,2020-10-17T04:24:42.105Z,sell,6.12e-06,73.0,0.00044676
OAX/BTC,1602908683614,2020-10-17T04:24:43.614Z,sell,6.12e-06,40.0,0.0002448
OAX/BTC,1602908687234,2020-10-17T04:24:47.234Z,sell,6.12e-06,49.0,0.00029988
OAX/BTC,1602908688295,2020-10-17T04:24:48.295Z,buy,6.14e-06,300.0,0.0018419999999999999
OAX/BTC,1602908688295,2020-10-17T04:24:48.295Z,buy,6.15e-06,761.0,0.00468015
OAX/BTC,1602908688295,2020-10-17T04:24:48.295Z,buy,6.16e-06,3612.0,0.02224992
OAX/BTC,1602908688295,2020-10-17T04:24:48.295Z,buy,6.17e-06,16870.0,0.1040879
OAX/BTC,1602908688295,2020-10-17T04:24:48.295Z,buy,6.18e-06,3857.0,0.02383626
OAX/BTC,1602908688295,2020-10-17T04:24:48.295Z,buy,6.19e-06,5610.0,0.0347259
OAX/BTC,1602908688295,2020-10-17T04:24:48.295Z,buy,6.2e-06,48378.0,0.2999436
OAX/BTC,1602908688421,2020-10-17T04:24:48.421Z,sell,6.2e-06,1273.0,0.0078926
OAX/BTC,1602908700960,2020-10-17T04:25:00.960Z,buy,6.21e-06,4560.0,0.0283176
OAX/BTC,1602908700960,2020-10-17T04:25:00.960Z,buy,6.22e-06,271.0,0.0016856199999999999
OAX/BTC,1602908700960,2020-10-17T04:25:00.960Z,buy,6.23e-06,533.0,0.00332059
OAX/BTC,1602908700960,2020-10-17T04:25:00.960Z,buy,6.24e-06,1733.0,0.010813920000000001
OAX/BTC,1602908700960,2020-10-17T04:25:00.960Z,buy,6.25e-06,8739.0,0.05461875
OAX/BTC,1602908700960,2020-10-17T04:25:00.960Z,buy,6.26e-06,118.0,0.00073868
OAX/BTC,1602908700960,2020-10-17T04:25:00.960Z,buy,6.27e-06,632.0,0.00396264
OAX/BTC,1602908701123,2020-10-17T04:25:01.123Z,buy,6.22e-06,919.0,0.0057161799999999995
OAX/BTC,1602908704088,2020-10-17T04:25:04.088Z,buy,6.28e-06,479.0,0.00300812
OAX/BTC,1602908704254,2020-10-17T04:25:04.254Z,sell,6.22e-06,34.0,0.00021148
OAX/BTC,1602908704607,2020-10-17T04:25:04.607Z,sell,6.22e-06,333.0,0.00207126
OAX/BTC,1602908704697,2020-10-17T04:25:04.697Z,buy,6.28e-06,890.0,0.0055892
OAX/BTC,1602908704697,2020-10-17T04:25:04.697Z,buy,6.29e-06,886.0,0.00557294
OAX/BTC,1602908704697,2020-10-17T04:25:04.697Z,buy,6.3e-06,7547.0,0.0475461
OAX/BTC,1602908706058,2020-10-17T04:25:06.058Z,sell,6.24e-06,53.0,0.00033072
OAX/BTC,1602908706058,2020-10-17T04:25:06.058Z,sell,6.23e-06,160.0,0.0009968
OAX/BTC,1602908706058,2020-10-17T04:25:06.058Z,sell,6.21e-06,120.0,0.0007452
OAX/BTC,1602908706058,2020-10-17T04:25:06.058Z,sell,6.21e-06,57.0,0.00035397
OAX/BTC,1602908706319,2020-10-17T04:25:06.319Z,buy,6.28e-06,177.0,0.00111156
OAX/BTC,1602908706319,2020-10-17T04:25:06.319Z,buy,6.29e-06,367.0,0.0023084299999999998
OAX/BTC,1602908706319,2020-10-17T04:25:06.319Z,buy,6.3e-06,8236.0,0.0518868
OAX/BTC,1602908706319,2020-10-17T04:25:06.319Z,buy,6.31e-06,68.0,0.00042908
OAX/BTC,1602908706319,2020-10-17T04:25:06.319Z,buy,6.33e-06,927.0,0.0058679100000000005
OAX/BTC,1602908706319,2020-10-17T04:25:06.319Z,buy,6.34e-06,1242.0,0.00787428
OAX/BTC,1602908706319,2020-10-17T04:25:06.319Z,buy,6.35e-06,585.0,0.00371475
OAX/BTC,1602908706428,2020-10-17T04:25:06.428Z,sell,6.35e-06,919.0,0.00583565
OAX/BTC,1602908707327,2020-10-17T04:25:07.327Z,sell,6.35e-06,28.0,0.0001778
OAX/BTC,1602908710197,2020-10-17T04:25:10.197Z,buy,6.36e-06,16.0,0.00010176
OAX/BTC,1602908714168,2020-10-17T04:25:14.168Z,sell,6.35e-06,30.0,0.0001905
OAX/BTC,1602908717568,2020-10-17T04:25:17.568Z,buy,6.36e-06,24.0,0.00015264
OAX/BTC,1602908717568,2020-10-17T04:25:17.568Z,buy,6.37e-06,1614.0,0.01028118
OAX/BTC,1602908717568,2020-10-17T04:25:17.568Z,buy,6.38e-06,682.0,0.00435116
OAX/BTC,1602908717568,2020-10-17T04:25:17.568Z,buy,6.39e-06,1866.0,0.01192374
OAX/BTC,1602908717568,2020-10-17T04:25:17.568Z,buy,6.4e-06,3320.0,0.021248
OAX/BTC,1602908717568,2020-10-17T04:25:17.568Z,buy,6.42e-06,848.0,0.00544416
OAX/BTC,1602908717568,2020-10-17T04:25:17.568Z,sell,6.35e-06,8281.0,0.05258435
OAX/BTC,1602908717568,2020-10-17T04:25:17.568Z,sell,6.3e-06,20.0,0.000126
OAX/BTC,1602908719193,2020-10-17T04:25:19.193Z,sell,6.28e-06,68.0,0.00042704
OAX/BTC,1602908719194,2020-10-17T04:25:19.194Z,sell,6.28e-06,68.0,0.00042704
OAX/BTC,1602908719194,2020-10-17T04:25:19.194Z,sell,6.28e-06,208.0,0.00130624
OAX/BTC,1602908719194,2020-10-17T04:25:19.194Z,sell,6.24e-06,681.0,0.00424944
OAX/BTC,1602908719194,2020-10-17T04:25:19.194Z,sell,6.24e-06,18.0,0.00011232000000000001
OAX/BTC,1602908719210,2020-10-17T04:25:19.210Z,sell,6.24e-06,161.0,0.00100464
OAX/BTC,1602908719213,2020-10-17T04:25:19.213Z,sell,6.24e-06,1046.0,0.0065270400000000004
OAX/BTC,1602908719213,2020-10-17T04:25:19.213Z,sell,6.23e-06,134.0,0.00083482
OAX/BTC,1602908719229,2020-10-17T04:25:19.229Z,sell,6.23e-06,497.0,0.0030963099999999997
OAX/BTC,1602908719241,2020-10-17T04:25:19.241Z,sell,6.23e-06,138.0,0.0008597399999999999
OAX/BTC,1602908719601,2020-10-17T04:25:19.601Z,sell,6.23e-06,250.0,0.0015574999999999999
OAX/BTC,1602908719670,2020-10-17T04:25:19.670Z,sell,6.23e-06,333.0,0.00207459
OAX/BTC,1602908720079,2020-10-17T04:25:20.079Z,sell,6.23e-06,891.0,0.00555093
OAX/BTC,1602908720140,2020-10-17T04:25:20.140Z,buy,6.23e-06,944.0,0.00588112
OAX/BTC,1602908720480,2020-10-17T04:25:20.480Z,buy,6.28e-06,33.0,0.00020724
OAX/BTC,1602908721623,2020-10-17T04:25:21.623Z,buy,6.27e-06,16.0,0.00010032
OAX/BTC,1602908721623,2020-10-17T04:25:21.623Z,buy,6.28e-06,328.0,0.00205984
OAX/BTC,1602908738873,2020-10-17T04:25:38.873Z,buy,6.27e-06,157.0,0.00098439
OAX/BTC,1602908743648,2020-10-17T04:25:43.648Z,sell,6.24e-06,344.0,0.00214656
OAX/BTC,1602908747160,2020-10-17T04:25:47.160Z,sell,6.23e-06,24.0,0.00014952
OAX/BTC,1602908747160,2020-10-17T04:25:47.160Z,sell,6.22e-06,49.0,0.00030478
OAX/BTC,1602908747160,2020-10-17T04:25:47.160Z,sell,6.22e-06,171.0,0.00106362
OAX/BTC,1602908749118,2020-10-17T04:25:49.118Z,sell,6.23e-06,532.0,0.0033143599999999997
OAX/BTC,1602908749118,2020-10-17T04:25:49.118Z,sell,6.22e-06,795.0,0.0049448999999999995
OAX/BTC,1602908749118,2020-10-17T04:25:49.118Z,sell,6.21e-06,5930.0,0.0368253
OAX/BTC,1602908749118,2020-10-17T04:25:49.118Z,sell,6.2e-06,113335.0,0.702677
OAX/BTC,1602908749255,2020-10-17T04:25:49.255Z,sell,6.19e-06,344.0,0.00212936
OAX/BTC,1602908750192,2020-10-17T04:25:50.192Z,buy,6.2e-06,19.0,0.0001178
OAX/BTC,1602908752288,2020-10-17T04:25:52.288Z,sell,6.17e-06,62.0,0.00038254
OAX/BTC,1602908771493,2020-10-17T04:26:11.493Z,buy,6.16e-06,2013.0,0.01240008
OAX/BTC,1602908771493,2020-10-17T04:26:11.493Z,buy,6.18e-06,479.0,0.00296022
OAX/BTC,1602908771493,2020-10-17T04:26:11.493Z,buy,6.19e-06,1776.0,0.01099344
OAX/BTC,1602908772448,2020-10-17T04:26:12.448Z,sell,6.15e-06,344.0,0.0021156
OAX/BTC,1602908776758,2020-10-17T04:26:16.758Z,buy,6.15e-06,4551.0,0.02798865
OAX/BTC,1602908776758,2020-10-17T04:26:16.758Z,buy,6.19e-06,775.0,0.00479725
OAX/BTC,1602908776758,2020-10-17T04:26:16.758Z,buy,6.2e-06,3999.0,0.0247938
OAX/BTC,1602908780371,2020-10-17T04:26:20.371Z,sell,6.15e-06,68.0,0.00041820000000000003
OAX/BTC,1602908780807,2020-10-17T04:26:20.807Z,buy,6.2e-06,856.0,0.0053072
OAX/BTC,1602908780875,2020-10-17T04:26:20.875Z,buy,6.2e-06,242.0,0.0015004
OAX/BTC,1602908789638,2020-10-17T04:26:29.638Z,buy,6.2e-06,29450.0,0.18259
OAX/BTC,1602908789638,2020-10-17T04:26:29.638Z,buy,6.23e-06,33.0,0.00020559
OAX/BTC,1602908789638,2020-10-17T04:26:29.638Z,buy,6.24e-06,344.0,0.00214656
OAX/BTC,1602908789638,2020-10-17T04:26:29.638Z,buy,6.25e-06,107.0,0.0006687500000000001
OAX/BTC,1602908789638,2020-10-17T04:26:29.638Z,buy,6.28e-06,377.0,0.00236756
OAX/BTC,1602908793888,2020-10-17T04:26:33.888Z,buy,6.33e-06,344.0,0.00217752
OAX/BTC,1602908793888,2020-10-17T04:26:33.888Z,buy,6.34e-06,1015.0,0.0064351
OAX/BTC,1602908793888,2020-10-17T04:26:33.888Z,buy,6.37e-06,504.0,0.00321048
OAX/BTC,1602908793888,2020-10-17T04:26:33.888Z,buy,6.4e-06,33.0,0.00021119999999999998
OAX/BTC,1602908793888,2020-10-17T04:26:33.888Z,buy,6.42e-06,504.0,0.0032356800000000003
OAX/BTC,1602908795983,2020-10-17T04:26:35.983Z,sell,6.37e-06,256.0,0.00163072
OAX/BTC,1602908796744,2020-10-17T04:26:36.744Z,buy,6.43e-06,16.0,0.00010288
OAX/BTC,1602908796944,2020-10-17T04:26:36.944Z,sell,6.37e-06,21.0,0.00013377
OAX/BTC,1602908797904,2020-10-17T04:26:37.904Z,sell,6.37e-06,32.0,0.00020384
OAX/BTC,1602908805872,2020-10-17T04:26:45.872Z,buy,6.38e-06,280.0,0.0017864
OAX/BTC,1602908807518,2020-10-17T04:26:47.518Z,sell,6.37e-06,54.0,0.00034398
OAX/BTC,1602908807518,2020-10-17T04:26:47.518Z,sell,6.34e-06,33.0,0.00020922
OAX/BTC,1602908807518,2020-10-17T04:26:47.518Z,sell,6.33e-06,344.0,0.00217752
OAX/BTC,1602908807518,2020-10-17T04:26:47.518Z,sell,6.29e-06,153.0,0.0009623699999999999
OAX/BTC,1602908808737,2020-10-17T04:26:48.737Z,sell,6.29e-06,242.0,0.00152218
OAX/BTC,1602908808739,2020-10-17T04:26:48.739Z,sell,6.29e-06,1168.0,0.00734672
OAX/BTC,1602908808739,2020-10-17T04:26:48.739Z,sell,6.28e-06,344.0,0.00216032
OAX/BTC,1602908808739,2020-10-17T04:26:48.739Z,sell,6.27e-06,196.0,0.00122892
OAX/BTC,1602908812721,2020-10-17T04:26:52.721Z,sell,6.28e-06,468.0,0.00293904
OAX/BTC,1602908812721,2020-10-17T04:26:52.721Z,sell,6.27e-06,25518.0,0.15999786
OAX/BTC,1602908817327,2020-10-17T04:26:57.327Z,sell,6.25e-06,50.0,0.0003125
OAX/BTC,1602908832252,2020-10-17T04:27:12.252Z,sell,6.24e-06,344.0,0.00214656
OAX/BTC,1602908835624,2020-10-17T04:27:15.624Z,buy,6.24e-06,241.0,0.00150384
OAX/BTC,1602908837416,2020-10-17T04:27:17.416Z,buy,6.24e-06,150.0,0.0009360000000000001
OAX/BTC,1602908843898,2020-10-17T04:27:23.898Z,buy,6.24e-06,1503.0,0.00937872
OAX/BTC,1602908849274,2020-10-17T04:27:29.274Z,buy,6.24e-06,864.0,0.00539136
OAX/BTC,1602908850956,2020-10-17T04:27:30.956Z,sell,6.24e-06,722.0,0.00450528
OAX/BTC,1602908850956,2020-10-17T04:27:30.956Z,sell,6.23e-06,241.0,0.00150143
OAX/BTC,1602908854642,2020-10-17T04:27:34.642Z,buy,6.23e-06,1443.0,0.008989889999999999
OAX/BTC,1602908860132,2020-10-17T04:27:40.132Z,buy,6.23e-06,2448.0,0.015251039999999999
OAX/BTC,1602908869604,2020-10-17T04:27:49.604Z,sell,6.22e-06,1015.0,0.0063133
OAX/BTC,1602908869604,2020-10-17T04:27:49.604Z,sell,6.2e-06,14260.0,0.088412
OAX/BTC,1602908870044,2020-10-17T04:27:50.044Z,buy,6.23e-06,18.0,0.00011214
OAX/BTC,1602908878154,2020-10-17T04:27:58.154Z,sell,6.2e-06,1739.0,0.0107818
OAX/BTC,1602908901735,2020-10-17T04:28:21.735Z,sell,6.21e-06,161.0,0.00099981
OAX/BTC,1602908901735,2020-10-17T04:28:21.735Z,sell,6.2e-06,157461.0,0.9762582
OAX/BTC,1602908906528,2020-10-17T04:28:26.528Z,sell,6.2e-06,1586.0,0.0098332
OAX/BTC,1602908922726,2020-10-17T04:28:42.726Z,sell,6.2e-06,16278.0,0.1009236
OAX/BTC,1602908973262,2020-10-17T04:29:33.262Z,buy,6.23e-06,187314.0,1.16696622
OAX/BTC,1602908973262,2020-10-17T04:29:33.262Z,buy,6.25e-06,50.0,0.0003125
OAX/BTC,1602908973262,2020-10-17T04:29:33.262Z,buy,6.26e-06,426.0,0.0026667600000000002
OAX/BTC,1602908973262,2020-10-17T04:29:33.262Z,buy,6.28e-06,377.0,0.00236756
OAX/BTC,1602908973262,2020-10-17T04:29:33.262Z,buy,6.29e-06,424.0,0.00266696
OAX/BTC,1602908973262,2020-10-17T04:29:33.262Z,buy,6.31e-06,16.0,0.00010096
OAX/BTC,1602908973262,2020-10-17T04:29:33.262Z,buy,6.32e-06,5148.0,0.03253536
OAX/BTC,1602908973262,2020-10-17T04:29:33.262Z,buy,6.33e-06,1770.0,0.0112041
OAX/BTC,1602908973262,2020-10-17T04:29:33.262Z,buy,6.34e-06,1015.0,0.0064351
OAX/BTC,1602908973262,2020-10-17T04:29:33.262Z,buy,6.35e-06,522.0,0.0033147000000000003
OAX/BTC,1602908973262,2020-10-17T04:29:33.262Z,buy,6.36e-06,16.0,0.00010176
OAX/BTC,1602908973262,2020-10-17T04:29:33.262Z,buy,6.37e-06,15426.0,0.09826362
OAX/BTC,1602908979319,2020-10-17T04:29:39.319Z,buy,6.37e-06,60.0,0.0003822
OAX/BTC,1602908979319,2020-10-17T04:29:39.319Z,buy,6.38e-06,16.0,0.00010208
OAX/BTC,1602908979319,2020-10-17T04:29:39.319Z,buy,6.39e-06,65.0,0.00041535
OAX/BTC,1602908979319,2020-10-17T04:29:39.319Z,buy,6.4e-06,1550.0,0.00992
OAX/BTC,1602908979319,2020-10-17T04:29:39.319Z,buy,6.41e-06,3361.0,0.02154401
OAX/BTC,1602908979319,2020-10-17T04:29:39.319Z,buy,6.42e-06,49.0,0.00031458
OAX/BTC,1602908991563,2020-10-17T04:29:51.563Z,buy,6.42e-06,329.0,0.00211218
OAX/BTC,1602908991563,2020-10-17T04:29:51.563Z,buy,6.43e-06,92.0,0.00059156
OAX/BTC,1602908991563,2020-10-17T04:29:51.563Z,buy,6.44e-06,14963.0,0.09636172
OAX/BTC,1602908994536,2020-10-17T04:29:54.536Z,sell,6.37e-06,18.0,0.00011466
OAX/BTC,1602908996328,2020-10-17T04:29:56.328Z,buy,6.44e-06,21538.0,0.13870472
OAX/BTC,1602909001395,2020-10-17T04:30:01.395Z,buy,6.44e-06,3423.0,0.02204412
OAX/BTC,1602909001395,2020-10-17T04:30:01.395Z,buy,6.45e-06,24696.0,0.1592892
OAX/BTC,1602909001395,2020-10-17T04:30:01.395Z,buy,6.46e-06,1304.0,0.00842384
OAX/BTC,1602909001395,2020-10-17T04:30:01.395Z,buy,6.47e-06,67.0,0.00043348999999999997
OAX/BTC,1602909001395,2020-10-17T04:30:01.395Z,buy,6.48e-06,7050.0,0.045683999999999995
OAX/BTC,1602909001395,2020-10-17T04:30:01.395Z,buy,6.49e-06,6707.0,0.04352843
OAX/BTC,1602909001395,2020-10-17T04:30:01.395Z,buy,6.5e-06,10599.0,0.0688935
OAX/BTC,1602909001696,2020-10-17T04:30:01.696Z,sell,6.38e-06,34.0,0.00021692
OAX/BTC,1602909006108,2020-10-17T04:30:06.108Z,buy,6.49e-06,35.0,0.00022715
OAX/BTC,1602909006108,2020-10-17T04:30:06.108Z,buy,6.5e-06,38426.0,0.249769
OAX/BTC,1602909014949,2020-10-17T04:30:14.949Z,sell,6.49e-06,170.0,0.0011033
OAX/BTC,1602909016182,2020-10-17T04:30:16.182Z,buy,6.5e-06,9597.0,0.0623805
OAX/BTC,1602909017236,2020-10-17T04:30:17.236Z,buy,6.5e-06,122511.0,0.7963214999999999
OAX/BTC,1602909017504,2020-10-17T04:30:17.504Z,sell,6.49e-06,513.0,0.00332937
OAX/BTC,1602909018969,2020-10-17T04:30:18.969Z,buy,6.49e-06,377.0,0.00244673
OAX/BTC,1602909024037,2020-10-17T04:30:24.037Z,sell,6.42e-06,65.0,0.0004173
OAX/BTC,1602909024037,2020-10-17T04:30:24.037Z,sell,6.42e-06,27.0,0.00017334000000000002
OAX/BTC,1602909024108,2020-10-17T04:30:24.108Z,sell,6.42e-06,241.0,0.0015472200000000002
OAX/BTC,1602909024324,2020-10-17T04:30:24.324Z,sell,6.42e-06,11.0,7.062e-05
OAX/BTC,1602909029113,2020-10-17T04:30:29.113Z,sell,6.4e-06,33.0,0.00021119999999999998
OAX/BTC,1602909029113,2020-10-17T04:30:29.113Z,sell,6.37e-06,326.0,0.00207662
OAX/BTC,1602909029113,2020-10-17T04:30:29.113Z,sell,6.35e-06,1565.0,0.00993775
OAX/BTC,1602909029113,2020-10-17T04:30:29.113Z,sell,6.34e-06,11164.0,0.07077976
OAX/BTC,1602909032495,2020-10-17T04:30:32.495Z,sell,6.34e-06,1629.0,0.010327860000000001
OAX/BTC,1602909032495,2020-10-17T04:30:32.495Z,sell,6.33e-06,5536.0,0.035042880000000005
OAX/BTC,1602909032495,2020-10-17T04:30:32.495Z,sell,6.32e-06,3479.0,0.021987279999999998
OAX/BTC,1602909032495,2020-10-17T04:30:32.495Z,sell,6.31e-06,3940.0,0.0248614
OAX/BTC,1602909040254,2020-10-17T04:30:40.254Z,sell,6.32e-06,3000.0,0.018959999999999998
OAX/BTC,1602909040254,2020-10-17T04:30:40.254Z,sell,6.31e-06,3811.0,0.024047409999999998
OAX/BTC,1602909043016,2020-10-17T04:30:43.016Z,sell,6.3e-06,479.0,0.0030177
OAX/BTC,1602909043289,2020-10-17T04:30:43.289Z,sell,6.3e-06,48.0,0.0003024
OAX/BTC,1602909043982,2020-10-17T04:30:43.982Z,buy,6.31e-06,648.0,0.00408888
OAX/BTC,1602909047510,2020-10-17T04:30:47.510Z,buy,6.31e-06,8388.0,0.05292828
OAX/BTC,1602909050430,2020-10-17T04:30:50.430Z,sell,6.31e-06,14170.0,0.0894127
OAX/BTC,1602909064551,2020-10-17T04:31:04.551Z,sell,6.3e-06,168057.0,1.0587591
OAX/BTC,1602909068126,2020-10-17T04:31:08.126Z,buy,6.29e-06,158.0,0.00099382
OAX/BTC,1602909075373,2020-10-17T04:31:15.373Z,buy,6.29e-06,239.0,0.0015033099999999999
OAX/BTC,1602909076554,2020-10-17T04:31:16.554Z,buy,6.29e-06,143.0,0.00089947
OAX/BTC,1602909077550,2020-10-17T04:31:17.550Z,buy,6.29e-06,224.0,0.00140896
OAX/BTC,1602909077550,2020-10-17T04:31:17.550Z,buy,6.31e-06,1677.0,0.01058187
OAX/BTC,1602909077550,2020-10-17T04:31:17.550Z,buy,6.32e-06,67.0,0.00042343999999999997
OAX/BTC,1602909077550,2020-10-17T04:31:17.550Z,buy,6.36e-06,1751.0,0.01113636
OAX/BTC,1602909077550,2020-10-17T04:31:17.550Z,buy,6.37e-06,70.0,0.0004459
OAX/BTC,1602909079103,2020-10-17T04:31:19.103Z,buy,6.37e-06,274.0,0.00174538
OAX/BTC,1602909079103,2020-10-17T04:31:19.103Z,buy,6.39e-06,660.0,0.0042174
OAX/BTC,1602909079106,2020-10-17T04:31:19.106Z,sell,6.29e-06,1309.0,0.00823361
OAX/BTC,1602909079106,2020-10-17T04:31:19.106Z,sell,6.28e-06,8301.0,0.05213028
OAX/BTC,1602909079106,2020-10-17T04:31:19.106Z,sell,6.25e-06,3000.0,0.01875
OAX/BTC,1602909079106,2020-10-17T04:31:19.106Z,sell,6.24e-06,3344.0,0.020866560000000003
OAX/BTC,1602909079106,2020-10-17T04:31:19.106Z,sell,6.23e-06,2081.0,0.01296463
OAX/BTC,1602909080376,2020-10-17T04:31:20.376Z,sell,6.33e-06,34.0,0.00021522000000000002
OAX/BTC,1602909081469,2020-10-17T04:31:21.469Z,sell,6.33e-06,344.0,0.00217752
OAX/BTC,1602909081643,2020-10-17T04:31:21.643Z,sell,6.33e-06,33.0,0.00020889000000000001
OAX/BTC,1602909081650,2020-10-17T04:31:21.650Z,buy,6.35e-06,16.0,0.0001016
OAX/BTC,1602909081650,2020-10-17T04:31:21.650Z,buy,6.36e-06,204.0,0.00129744
OAX/BTC,1602909089783,2020-10-17T04:31:29.783Z,sell,6.29e-06,147.0,0.00092463
OAX/BTC,1602909114579,2020-10-17T04:31:54.579Z,buy,6.36e-06,2520.0,0.016027200000000002
OAX/BTC,1602909114579,2020-10-17T04:31:54.579Z,buy,6.37e-06,344.0,0.00219128
OAX/BTC,1602909114579,2020-10-17T04:31:54.579Z,buy,6.38e-06,16.0,0.00010208
OAX/BTC,1602909114579,2020-10-17T04:31:54.579Z,buy,6.39e-06,535.0,0.00341865
OAX/BTC,1602909114579,2020-10-17T04:31:54.579Z,buy,6.4e-06,82.0,0.0005248
OAX/BTC,1602909120702,2020-10-17T04:32:00.702Z,sell,6.4e-06,19558.0,0.12517119999999998
OAX/BTC,1602909123317,2020-10-17T04:32:03.317Z,sell,6.4e-06,19514.0,0.12488959999999999
OAX/BTC,1602909146353,2020-10-17T04:32:26.353Z,sell,6.36e-06,746.0,0.00474456
OAX/BTC,1602909146353,2020-10-17T04:32:26.353Z,sell,6.35e-06,1564.0,0.0099314
OAX/BTC,1602909146353,2020-10-17T04:32:26.353Z,sell,6.34e-06,33.0,0.00020922
OAX/BTC,1602909146353,2020-10-17T04:32:26.353Z,sell,6.33e-06,344.0,0.00217752
OAX/BTC,1602909146353,2020-10-17T04:32:26.353Z,sell,6.29e-06,543.0,0.00341547
OAX/BTC,1602909146353,2020-10-17T04:32:26.353Z,sell,6.28e-06,344.0,0.00216032
OAX/BTC,1602909146353,2020-10-17T04:32:26.353Z,sell,6.25e-06,4120.0,0.025750000000000002
OAX/BTC,1602909146353,2020-10-17T04:32:26.353Z,sell,6.24e-06,1620.0,0.010108800000000001
OAX/BTC,1602909151657,2020-10-17T04:32:31.657Z,buy,6.28e-06,61.0,0.00038308
OAX/BTC,1602909161326,2020-10-17T04:32:41.326Z,sell,6.27e-06,158.0,0.00099066
OAX/BTC,1602909177602,2020-10-17T04:32:57.602Z,buy,6.27e-06,863.0,0.00541101
OAX/BTC,1602909190987,2020-10-17T04:33:10.987Z,buy,6.28e-06,1373.0,0.00862244
OAX/BTC,1602909207374,2020-10-17T04:33:27.374Z,buy,6.32e-06,154.0,0.00097328
OAX/BTC,1602909207590,2020-10-17T04:33:27.590Z,buy,6.32e-06,147.0,0.0009290399999999999
OAX/BTC,1602909207590,2020-10-17T04:33:27.590Z,buy,6.33e-06,111.0,0.0007026300000000001
OAX/BTC,1602909207615,2020-10-17T04:33:27.615Z,buy,6.33e-06,280.0,0.0017724000000000001
OAX/BTC,1602909207615,2020-10-17T04:33:27.615Z,buy,6.35e-06,177.0,0.00112395
OAX/BTC,1602909207675,2020-10-17T04:33:27.675Z,buy,6.35e-06,60.0,0.000381
OAX/BTC,1602909207675,2020-10-17T04:33:27.675Z,buy,6.37e-06,893.0,0.00568841
OAX/BTC,1602909207768,2020-10-17T04:33:27.768Z,buy,6.37e-06,154.0,0.00098098
OAX/BTC,1602909207778,2020-10-17T04:33:27.778Z,buy,6.37e-06,652.0,0.00415324
OAX/BTC,1602909207795,2020-10-17T04:33:27.795Z,buy,6.37e-06,103.0,0.00065611
OAX/BTC,1602909207795,2020-10-17T04:33:27.795Z,buy,6.4e-06,151.0,0.0009664
OAX/BTC,1602909207951,2020-10-17T04:33:27.951Z,buy,6.4e-06,293.0,0.0018751999999999998
OAX/BTC,1602909207951,2020-10-17T04:33:27.951Z,buy,6.42e-06,165.0,0.0010593
OAX/BTC,1602909207954,2020-10-17T04:33:27.954Z,buy,6.42e-06,179.0,0.00114918
OAX/BTC,1602909207954,2020-10-17T04:33:27.954Z,buy,6.43e-06,296.0,0.00190328
OAX/BTC,1602909217325,2020-10-17T04:33:37.325Z,buy,6.42e-06,538.0,0.0034539600000000003
OAX/BTC,1602909219155,2020-10-17T04:33:39.155Z,buy,6.42e-06,61.0,0.00039162
OAX/BTC,1602909220486,2020-10-17T04:33:40.486Z,buy,6.42e-06,1545.0,0.009918900000000001
OAX/BTC,1602909221062,2020-10-17T04:33:41.062Z,buy,6.43e-06,862.0,0.0055426600000000005
OAX/BTC,1602909221062,2020-10-17T04:33:41.062Z,buy,6.44e-06,167.0,0.00107548
OAX/BTC,1602909221062,2020-10-17T04:33:41.062Z,buy,6.45e-06,3557.0,0.022942650000000002
OAX/BTC,1602909221067,2020-10-17T04:33:41.067Z,buy,6.45e-06,1922.0,0.0123969
OAX/BTC,1602909221067,2020-10-17T04:33:41.067Z,buy,6.46e-06,1663.0,0.01074298
OAX/BTC,1602909221092,2020-10-17T04:33:41.092Z,buy,6.46e-06,1681.0,0.01085926
OAX/BTC,1602909221092,2020-10-17T04:33:41.092Z,buy,6.47e-06,906.0,0.00586182
OAX/BTC,1602909221152,2020-10-17T04:33:41.152Z,buy,6.47e-06,2545.0,0.01646615
OAX/BTC,1602909223150,2020-10-17T04:33:43.150Z,buy,6.47e-06,1545.0,0.00999615
OAX/BTC,1602909223407,2020-10-17T04:33:43.407Z,buy,6.47e-06,1004.0,0.00649588
OAX/BTC,1602909223407,2020-10-17T04:33:43.407Z,buy,6.48e-06,2581.0,0.01672488
OAX/BTC,1602909224245,2020-10-17T04:33:44.245Z,buy,6.46e-06,2545.0,0.0164407
OAX/BTC,1602909224494,2020-10-17T04:33:44.494Z,buy,6.46e-06,455.0,0.0029393
OAX/BTC,1602909224494,2020-10-17T04:33:44.494Z,buy,6.48e-06,2022.0,0.01310256
OAX/BTC,1602909225357,2020-10-17T04:33:45.357Z,buy,6.48e-06,2587.0,0.01676376
OAX/BTC,1602909225606,2020-10-17T04:33:45.606Z,buy,6.48e-06,4586.0,0.02971728
OAX/BTC,1602909225875,2020-10-17T04:33:45.875Z,buy,6.48e-06,836.0,0.00541728
OAX/BTC,1602909225875,2020-10-17T04:33:45.875Z,buy,6.49e-06,1709.0,0.01109141
OAX/BTC,1602909226720,2020-10-17T04:33:46.720Z,buy,6.49e-06,3585.0,0.02326665
OAX/BTC,1602909226980,2020-10-17T04:33:46.980Z,buy,6.49e-06,2587.0,0.01678963
OAX/BTC,1602909227810,2020-10-17T04:33:47.810Z,buy,6.49e-06,2477.0,0.01607573
OAX/BTC,1602909228581,2020-10-17T04:33:48.581Z,buy,6.49e-06,1545.0,0.01002705
OAX/BTC,1602909228587,2020-10-17T04:33:48.587Z,buy,6.49e-06,7951.0,0.05160199
OAX/BTC,1602909228901,2020-10-17T04:33:48.901Z,buy,6.49e-06,4586.0,0.029763139999999997
OAX/BTC,1602909228941,2020-10-17T04:33:48.941Z,buy,6.49e-06,2587.0,0.01678963
OAX/BTC,1602909229776,2020-10-17T04:33:49.776Z,buy,6.48e-06,162.0,0.00104976
OAX/BTC,1602909229999,2020-10-17T04:33:49.999Z,buy,6.48e-06,3585.0,0.0232308
OAX/BTC,1602909230056,2020-10-17T04:33:50.056Z,buy,6.48e-06,1545.0,0.010011599999999999
OAX/BTC,1602909230286,2020-10-17T04:33:50.286Z,buy,6.48e-06,2587.0,0.01676376
OAX/BTC,1602909231364,2020-10-17T04:33:51.364Z,buy,6.48e-06,1545.0,0.010011599999999999
OAX/BTC,1602909231415,2020-10-17T04:33:51.415Z,buy,6.48e-06,1803.0,0.01168344
OAX/BTC,1602909231415,2020-10-17T04:33:51.415Z,buy,6.49e-06,674.0,0.00437426
OAX/BTC,1602909231653,2020-10-17T04:33:51.653Z,buy,6.49e-06,3585.0,0.02326665
OAX/BTC,1602909232483,2020-10-17T04:33:52.483Z,buy,6.49e-06,2545.0,0.01651705
OAX/BTC,1602909232826,2020-10-17T04:33:52.826Z,buy,6.49e-06,2477.0,0.01607573
OAX/BTC,1602909234155,2020-10-17T04:33:54.155Z,buy,6.49e-06,4586.0,0.029763139999999997
OAX/BTC,1602909236072,2020-10-17T04:33:56.072Z,buy,6.49e-06,2477.0,0.01607573
OAX/BTC,1602909236856,2020-10-17T04:33:56.856Z,buy,6.49e-06,2587.0,0.01678963
OAX/BTC,1602909237119,2020-10-17T04:33:57.119Z,buy,6.49e-06,1545.0,0.01002705
OAX/BTC,1602909237511,2020-10-17T04:33:57.511Z,buy,6.49e-06,4586.0,0.029763139999999997
OAX/BTC,1602909238819,2020-10-17T04:33:58.819Z,buy,6.49e-06,2587.0,0.01678963
OAX/BTC,1602909238824,2020-10-17T04:33:58.824Z,buy,6.49e-06,4586.0,0.029763139999999997
OAX/BTC,1602909239055,2020-10-17T04:33:59.055Z,buy,6.49e-06,2545.0,0.01651705
OAX/BTC,1602909240156,2020-10-17T04:34:00.156Z,buy,6.49e-06,2587.0,0.01678963
OAX/BTC,1602909240185,2020-10-17T04:34:00.185Z,buy,6.49e-06,3585.0,0.02326665
OAX/BTC,1602909240761,2020-10-17T04:34:00.761Z,buy,6.49e-06,4586.0,0.029763139999999997
OAX/BTC,1602909241286,2020-10-17T04:34:01.286Z,buy,6.49e-06,2477.0,0.01607573
OAX/BTC,1602909241544,2020-10-17T04:34:01.544Z,buy,6.49e-06,1317.0,0.008547329999999999
OAX/BTC,1602909241544,2020-10-17T04:34:01.544Z,buy,6.5e-06,2268.0,0.014742
OAX/BTC,1602909242360,2020-10-17T04:34:02.360Z,buy,6.5e-06,2545.0,0.016542499999999998
OAX/BTC,1602909242948,2020-10-17T04:34:02.948Z,buy,6.49e-06,2477.0,0.01607573
OAX/BTC,1602909243681,2020-10-17T04:34:03.681Z,buy,6.49e-06,3585.0,0.02326665
OAX/BTC,1602909244044,2020-10-17T04:34:04.044Z,buy,6.49e-06,3902.0,0.02532398
OAX/BTC,1602909244044,2020-10-17T04:34:04.044Z,buy,6.5e-06,684.0,0.004445999999999999
OAX/BTC,1602909244317,2020-10-17T04:34:04.317Z,buy,6.5e-06,2545.0,0.016542499999999998
OAX/BTC,1602909245098,2020-10-17T04:34:05.098Z,buy,6.5e-06,2587.0,0.0168155
OAX/BTC,1602909245377,2020-10-17T04:34:05.377Z,buy,6.5e-06,4586.0,0.029809
OAX/BTC,1602909246210,2020-10-17T04:34:06.210Z,buy,6.5e-06,1545.0,0.0100425
OAX/BTC,1602909246790,2020-10-17T04:34:06.790Z,buy,6.5e-06,3585.0,0.0233025
OAX/BTC,1602909247021,2020-10-17T04:34:07.021Z,buy,6.5e-06,4586.0,0.029809
OAX/BTC,1602909248168,2020-10-17T04:34:08.168Z,buy,6.5e-06,1545.0,0.0100425
OAX/BTC,1602909248403,2020-10-17T04:34:08.403Z,buy,6.5e-06,2587.0,0.0168155
OAX/BTC,1602909248539,2020-10-17T04:34:08.539Z,buy,6.5e-06,3585.0,0.0233025
OAX/BTC,1602909249493,2020-10-17T04:34:09.493Z,buy,6.5e-06,1545.0,0.0100425
OAX/BTC,1602909250094,2020-10-17T04:34:10.094Z,buy,6.5e-06,3585.0,0.0233025
OAX/BTC,1602909250652,2020-10-17T04:34:10.652Z,buy,6.5e-06,4586.0,0.029809
OAX/BTC,1602909250877,2020-10-17T04:34:10.877Z,buy,6.5e-06,2477.0,0.0161005
OAX/BTC,1602909251698,2020-10-17T04:34:11.698Z,buy,6.5e-06,2587.0,0.0168155
OAX/BTC,1602909252009,2020-10-17T04:34:12.009Z,buy,6.5e-06,4586.0,0.029809
OAX/BTC,1602909252803,2020-10-17T04:34:12.803Z,buy,6.5e-06,1545.0,0.0100425
OAX/BTC,1602909253060,2020-10-17T04:34:13.060Z,buy,6.5e-06,3585.0,0.0233025
OAX/BTC,1602909254177,2020-10-17T04:34:14.177Z,buy,6.5e-06,2477.0,0.0161005
OAX/BTC,1602909254205,2020-10-17T04:34:14.205Z,buy,6.5e-06,2545.0,0.016542499999999998
OAX/BTC,1602909254444,2020-10-17T04:34:14.444Z,buy,6.5e-06,1545.0,0.0100425
OAX/BTC,1602909255584,2020-10-17T04:34:15.584Z,buy,6.5e-06,4586.0,0.029809
OAX/BTC,1602909255857,2020-10-17T04:34:15.857Z,buy,6.5e-06,2545.0,0.016542499999999998
OAX/BTC,1602909256091,2020-10-17T04:34:16.091Z,buy,6.5e-06,1545.0,0.0100425
OAX/BTC,1602909256147,2020-10-17T04:34:16.147Z,buy,6.5e-06,2477.0,0.0161005
OAX/BTC,1602909257190,2020-10-17T04:34:17.190Z,buy,6.5e-06,2545.0,0.016542499999999998
OAX/BTC,1602909257245,2020-10-17T04:34:17.245Z,buy,6.5e-06,4586.0,0.029809
OAX/BTC,1602909257462,2020-10-17T04:34:17.462Z,buy,6.5e-06,2477.0,0.0161005
OAX/BTC,1602909258605,2020-10-17T04:34:18.605Z,buy,6.5e-06,2587.0,0.0168155
OAX/BTC,1602909258910,2020-10-17T04:34:18.910Z,buy,6.5e-06,4586.0,0.029809
OAX/BTC,1602909259179,2020-10-17T04:34:19.179Z,buy,6.5e-06,2545.0,0.016542499999999998
OAX/BTC,1602909259930,2020-10-17T04:34:19.930Z,buy,6.5e-06,2587.0,0.0168155
OAX/BTC,1602909260218,2020-10-17T04:34:20.218Z,buy,6.5e-06,4586.0,0.029809
OAX/BTC,1602909261049,2020-10-17T04:34:21.049Z,buy,6.5e-06,1545.0,0.0100425
OAX/BTC,1602909261303,2020-10-17T04:34:21.303Z,buy,6.5e-06,3585.0,0.0233025
OAX/BTC,1602909262135,2020-10-17T04:34:22.135Z,buy,6.5e-06,2545.0,0.016542499999999998
OAX/BTC,1602909262406,2020-10-17T04:34:22.406Z,buy,6.5e-06,2477.0,0.0161005
OAX/BTC,1602909263245,2020-10-17T04:34:23.245Z,buy,6.5e-06,2587.0,0.0168155
OAX/BTC,1602909263515,2020-10-17T04:34:23.515Z,buy,6.5e-06,4586.0,0.029809
OAX/BTC,1602909264337,2020-10-17T04:34:24.337Z,buy,6.5e-06,1545.0,0.0100425
OAX/BTC,1602909264612,2020-10-17T04:34:24.612Z,buy,6.5e-06,3585.0,0.0233025
OAX/BTC,1602909265426,2020-10-17T04:34:25.426Z,buy,6.5e-06,2545.0,0.016542499999999998
OAX/BTC,1602909265717,2020-10-17T04:34:25.717Z,buy,6.5e-06,2477.0,0.0161005
OAX/BTC,1602909266580,2020-10-17T04:34:26.580Z,buy,6.5e-06,2587.0,0.0168155
OAX/BTC,1602909266837,2020-10-17T04:34:26.837Z,buy,6.5e-06,4586.0,0.029809
OAX/BTC,1602909267905,2020-10-17T04:34:27.905Z,buy,6.5e-06,3585.0,0.0233025
OAX/BTC,1602909267985,2020-10-17T04:34:27.985Z,buy,6.5e-06,1545.0,0.0100425
OAX/BTC,1602909268566,2020-10-17T04:34:28.566Z,buy,6.5e-06,2587.0,0.0168155
OAX/BTC,1602909270002,2020-10-17T04:34:30.002Z,sell,6.44e-06,699.0,0.00450156
OAX/BTC,1602909271547,2020-10-17T04:34:31.547Z,buy,6.49e-06,699.0,0.00453651
OAX/BTC,1602909271547,2020-10-17T04:34:31.547Z,buy,6.5e-06,2886.0,0.018758999999999998
OAX/BTC,1602909271826,2020-10-17T04:34:31.826Z,buy,6.5e-06,2587.0,0.0168155
OAX/BTC,1602909272028,2020-10-17T04:34:32.028Z,buy,6.5e-06,4586.0,0.029809
OAX/BTC,1602909272766,2020-10-17T04:34:32.766Z,buy,6.5e-06,48715.0,0.31664749999999997
OAX/BTC,1602909274508,2020-10-17T04:34:34.508Z,buy,6.5e-06,134981.0,0.8773764999999999
OAX/BTC,1602909274508,2020-10-17T04:34:34.508Z,buy,6.5e-06,134981.0,0.8773764999999999
OAX/BTC,1602909277414,2020-10-17T04:34:37.414Z,buy,6.5e-06,2545.0,0.016542499999999998
OAX/BTC,1602909277414,2020-10-17T04:34:37.414Z,buy,6.5e-06,2100.0,0.013649999999999999
OAX/BTC,1602909277607,2020-10-17T04:34:37.607Z,buy,6.5e-06,2477.0,0.0161005
OAX/BTC,1602909277862,2020-10-17T04:34:37.862Z,buy,6.5e-06,1545.0,0.0100425
OAX/BTC,1602909278355,2020-10-17T04:34:38.355Z,buy,6.5e-06,24480.0,0.15911999999999998
OAX/BTC,1602909278485,2020-10-17T04:34:38.485Z,buy,6.5e-06,34285.0,0.22285249999999998
OAX/BTC,1602909278978,2020-10-17T04:34:38.978Z,buy,6.5e-06,5905.0,0.0383825
OAX/BTC,1602909279164,2020-10-17T04:34:39.164Z,buy,6.5e-06,1545.0,0.0100425
OAX/BTC,1602909279453,2020-10-17T04:34:39.453Z,buy,6.5e-06,3585.0,0.0233025
OAX/BTC,1602909280278,2020-10-17T04:34:40.278Z,buy,6.5e-06,2545.0,0.016542499999999998
OAX/BTC,1602909280542,2020-10-17T04:34:40.542Z,buy,6.5e-06,2477.0,0.0161005
OAX/BTC,1602909281362,2020-10-17T04:34:41.362Z,buy,6.5e-06,2587.0,0.0168155
OAX/BTC,1602909281640,2020-10-17T04:34:41.640Z,buy,6.5e-06,4586.0,0.029809
OAX/BTC,1602909282458,2020-10-17T04:34:42.458Z,buy,6.5e-06,1545.0,0.0100425
OAX/BTC,1602909282756,2020-10-17T04:34:42.756Z,buy,6.5e-06,3585.0,0.0233025
OAX/BTC,1602909283546,2020-10-17T04:34:43.546Z,buy,6.5e-06,2545.0,0.016542499999999998
OAX/BTC,1602909283873,2020-10-17T04:34:43.873Z,buy,6.5e-06,2477.0,0.0161005
OAX/BTC,1602909284675,2020-10-17T04:34:44.675Z,buy,6.5e-06,2587.0,0.0168155
OAX/BTC,1602909284940,2020-10-17T04:34:44.940Z,buy,6.5e-06,1988.0,0.012922
OAX/BTC,1602909284940,2020-10-17T04:34:44.940Z,buy,6.51e-06,2521.0,0.01641171
OAX/BTC,1602909284940,2020-10-17T04:34:44.940Z,buy,6.52e-06,77.0,0.00050204
OAX/BTC,1602909285765,2020-10-17T04:34:45.765Z,buy,6.52e-06,1317.0,0.00858684
OAX/BTC,1602909285765,2020-10-17T04:34:45.765Z,buy,6.53e-06,228.0,0.00148884
OAX/BTC,1602909286351,2020-10-17T04:34:46.351Z,buy,6.53e-06,126.0,0.0008227800000000001
OAX/BTC,1602909286351,2020-10-17T04:34:46.351Z,buy,6.54e-06,73.0,0.00047742
OAX/BTC,1602909286351,2020-10-17T04:34:46.351Z,buy,6.55e-06,3386.0,0.0221783
OAX/BTC,1602909286580,2020-10-17T04:34:46.580Z,buy,6.55e-06,12.0,7.86e-05
OAX/BTC,1602909286580,2020-10-17T04:34:46.580Z,buy,6.56e-06,391.0,0.00256496
OAX/BTC,1602909286580,2020-10-17T04:34:46.580Z,buy,6.57e-06,4183.0,0.02748231
OAX/BTC,1602909287738,2020-10-17T04:34:47.738Z,buy,6.57e-06,1020.0,0.0067014
OAX/BTC,1602909287738,2020-10-17T04:34:47.738Z,buy,6.58e-06,2565.0,0.0168777
OAX/BTC,1602909287744,2020-10-17T04:34:47.744Z,buy,6.58e-06,1545.0,0.010166099999999999
OAX/BTC,1602909288469,2020-10-17T04:34:48.469Z,buy,6.58e-06,1488.0,0.009791039999999999
OAX/BTC,1602909288469,2020-10-17T04:34:48.469Z,buy,6.59e-06,660.0,0.0043494
OAX/BTC,1602909288469,2020-10-17T04:34:48.469Z,buy,6.6e-06,439.0,0.0028974
OAX/BTC,1602909289129,2020-10-17T04:34:49.129Z,buy,6.57e-06,357.0,0.00234549
OAX/BTC,1602909289129,2020-10-17T04:34:49.129Z,buy,6.6e-06,2120.0,0.013992000000000001
OAX/BTC,1602909289339,2020-10-17T04:34:49.339Z,buy,6.6e-06,3585.0,0.023661
OAX/BTC,1602909290615,2020-10-17T04:34:50.615Z,sell,6.55e-06,18.0,0.00011789999999999999
OAX/BTC,1602909290661,2020-10-17T04:34:50.661Z,sell,6.55e-06,326.0,0.0021353
OAX/BTC,1602909290661,2020-10-17T04:34:50.661Z,sell,6.53e-06,1528.0,0.00997784
OAX/BTC,1602909290661,2020-10-17T04:34:50.661Z,sell,6.51e-06,3794.0,0.024698940000000003
OAX/BTC,1602909290661,2020-10-17T04:34:50.661Z,sell,6.5e-06,2731.0,0.0177515
OAX/BTC,1602909292170,2020-10-17T04:34:52.170Z,sell,6.55e-06,344.0,0.0022532
OAX/BTC,1602909292237,2020-10-17T04:34:52.237Z,sell,6.55e-06,54.0,0.0003537
OAX/BTC,1602909292237,2020-10-17T04:34:52.237Z,sell,6.5e-06,359.0,0.0023335
OAX/BTC,1602909292237,2020-10-17T04:34:52.237Z,sell,6.48e-06,1293.0,0.00837864
OAX/BTC,1602909292608,2020-10-17T04:34:52.608Z,sell,6.48e-06,239.0,0.00154872
OAX/BTC,1602909295386,2020-10-17T04:34:55.386Z,buy,6.56e-06,1516.0,0.00994496
OAX/BTC,1602909295386,2020-10-17T04:34:55.386Z,buy,6.57e-06,3450.0,0.0226665
OAX/BTC,1602909295386,2020-10-17T04:34:55.386Z,buy,6.59e-06,16.0,0.00010544
OAX/BTC,1602909295386,2020-10-17T04:34:55.386Z,buy,6.6e-06,4567.0,0.0301422
OAX/BTC,1602909295903,2020-10-17T04:34:55.903Z,buy,6.6e-06,1545.0,0.010197000000000001
OAX/BTC,1602909296534,2020-10-17T04:34:56.534Z,buy,6.6e-06,3585.0,0.023661
OAX/BTC,1602909297037,2020-10-17T04:34:57.037Z,buy,6.6e-06,4586.0,0.030267600000000002
OAX/BTC,1602909300085,2020-10-17T04:35:00.085Z,buy,6.6e-06,1415.0,0.009339
OAX/BTC,1602909300147,2020-10-17T04:35:00.147Z,buy,6.6e-06,2587.0,0.0170742
OAX/BTC,1602909300536,2020-10-17T04:35:00.536Z,buy,6.6e-06,4586.0,0.030267600000000002
OAX/BTC,1602909300629,2020-10-17T04:35:00.629Z,buy,6.6e-06,266.0,0.0017556000000000002
OAX/BTC,1602909300809,2020-10-17T04:35:00.809Z,sell,6.55e-06,33.0,0.00021615
OAX/BTC,1602909300976,2020-10-17T04:35:00.976Z,buy,6.6e-06,2545.0,0.016797
OAX/BTC,1602909301963,2020-10-17T04:35:01.963Z,buy,6.6e-06,2545.0,0.016797
OAX/BTC,1602909302224,2020-10-17T04:35:02.224Z,buy,6.6e-06,2477.0,0.0163482
OAX/BTC,1602909302600,2020-10-17T04:35:02.600Z,buy,6.6e-06,354.0,0.0023364
OAX/BTC,1602909303063,2020-10-17T04:35:03.063Z,buy,6.6e-06,2587.0,0.0170742
OAX/BTC,1602909303688,2020-10-17T04:35:03.688Z,buy,6.6e-06,4586.0,0.030267600000000002
OAX/BTC,1602909303883,2020-10-17T04:35:03.883Z,buy,6.6e-06,2477.0,0.0163482
OAX/BTC,1602909304698,2020-10-17T04:35:04.698Z,buy,6.6e-06,2587.0,0.0170742
OAX/BTC,1602909304965,2020-10-17T04:35:04.965Z,buy,6.6e-06,4586.0,0.030267600000000002
OAX/BTC,1602909305797,2020-10-17T04:35:05.797Z,buy,6.6e-06,1545.0,0.010197000000000001
OAX/BTC,1602909306075,2020-10-17T04:35:06.075Z,buy,6.6e-06,3585.0,0.023661
OAX/BTC,1602909306606,2020-10-17T04:35:06.606Z,buy,6.6e-06,88.0,0.0005808
OAX/BTC,1602909307168,2020-10-17T04:35:07.168Z,buy,6.6e-06,2477.0,0.0163482
OAX/BTC,1602909307270,2020-10-17T04:35:07.270Z,buy,6.6e-06,2545.0,0.016797
OAX/BTC,1602909307931,2020-10-17T04:35:07.931Z,buy,6.6e-06,1545.0,0.010197000000000001
OAX/BTC,1602909308762,2020-10-17T04:35:08.762Z,buy,6.6e-06,151.0,0.0009966
OAX/BTC,1602909309417,2020-10-17T04:35:09.417Z,buy,6.6e-06,1545.0,0.010197000000000001
OAX/BTC,1602909311131,2020-10-17T04:35:11.131Z,buy,6.6e-06,22.0,0.0001452
OAX/BTC,1602909311164,2020-10-17T04:35:11.164Z,buy,6.6e-06,228.0,0.0015048000000000001
OAX/BTC,1602909311514,2020-10-17T04:35:11.514Z,buy,6.6e-06,6426.0,0.0424116
OAX/BTC,1602909311629,2020-10-17T04:35:11.629Z,buy,6.6e-06,2587.0,0.0170742
OAX/BTC,1602909312063,2020-10-17T04:35:12.063Z,buy,6.6e-06,4586.0,0.030267600000000002
OAX/BTC,1602909312192,2020-10-17T04:35:12.192Z,buy,6.6e-06,2545.0,0.016797
OAX/BTC,1602909312721,2020-10-17T04:35:12.721Z,buy,6.6e-06,1545.0,0.010197000000000001
OAX/BTC,1602909313486,2020-10-17T04:35:13.486Z,buy,6.6e-06,2545.0,0.016797
OAX/BTC,1602909313787,2020-10-17T04:35:13.787Z,buy,6.6e-06,2072.0,0.0136752
OAX/BTC,1602909313787,2020-10-17T04:35:13.787Z,buy,6.61e-06,255.0,0.00168555
OAX/BTC,1602909313787,2020-10-17T04:35:13.787Z,buy,6.64e-06,150.0,0.000996
OAX/BTC,1602909314880,2020-10-17T04:35:14.880Z,buy,6.64e-06,1064.0,0.00706496
OAX/BTC,1602909314880,2020-10-17T04:35:14.880Z,buy,6.65e-06,3522.0,0.0234213
OAX/BTC,1602909314895,2020-10-17T04:35:14.895Z,buy,6.65e-06,2587.0,0.017203549999999998
OAX/BTC,1602909315490,2020-10-17T04:35:15.490Z,buy,6.65e-06,2545.0,0.01692425
OAX/BTC,1602909316000,2020-10-17T04:35:16.000Z,buy,6.65e-06,1545.0,0.01027425
OAX/BTC,1602909317549,2020-10-17T04:35:17.549Z,sell,6.6e-06,59.0,0.00038940000000000003
OAX/BTC,1602909318699,2020-10-17T04:35:18.699Z,buy,6.65e-06,2477.0,0.01647205
OAX/BTC,1602909319419,2020-10-17T04:35:19.419Z,sell,6.6e-06,161.0,0.0010626000000000001
OAX/BTC,1602909319540,2020-10-17T04:35:19.540Z,buy,6.65e-06,2587.0,0.017203549999999998
OAX/BTC,1602909319775,2020-10-17T04:35:19.775Z,buy,6.65e-06,1545.0,0.01027425
OAX/BTC,1602909320068,2020-10-17T04:35:20.068Z,buy,6.65e-06,4412.0,0.0293398
OAX/BTC,1602909320068,2020-10-17T04:35:20.068Z,buy,6.66e-06,174.0,0.00115884
OAX/BTC,1602909321171,2020-10-17T04:35:21.171Z,buy,6.66e-06,230.0,0.0015318
OAX/BTC,1602909321171,2020-10-17T04:35:21.171Z,buy,6.67e-06,2357.0,0.01572119
OAX/BTC,1602909321210,2020-10-17T04:35:21.210Z,buy,6.67e-06,1836.0,0.01224612
OAX/BTC,1602909321210,2020-10-17T04:35:21.210Z,buy,6.68e-06,1749.0,0.01168332
OAX/BTC,1602909321457,2020-10-17T04:35:21.457Z,buy,6.68e-06,4586.0,0.030634480000000002
OAX/BTC,1602909322531,2020-10-17T04:35:22.531Z,buy,6.68e-06,1545.0,0.010320600000000001
OAX/BTC,1602909322533,2020-10-17T04:35:22.533Z,buy,6.68e-06,3364.0,0.022471520000000002
OAX/BTC,1602909322533,2020-10-17T04:35:22.533Z,buy,6.69e-06,221.0,0.00147849
OAX/BTC,1602909322835,2020-10-17T04:35:22.835Z,buy,6.69e-06,2587.0,0.01730703
OAX/BTC,1602909323667,2020-10-17T04:35:23.667Z,buy,6.69e-06,132.0,0.0008830800000000001
OAX/BTC,1602909323667,2020-10-17T04:35:23.667Z,buy,6.7e-06,2345.0,0.0157115
OAX/BTC,1602909323914,2020-10-17T04:35:23.914Z,buy,6.7e-06,1545.0,0.0103515
OAX/BTC,1602909324742,2020-10-17T04:35:24.742Z,buy,6.7e-06,4586.0,0.030726200000000002
OAX/BTC,1602909325020,2020-10-17T04:35:25.020Z,buy,6.7e-06,2545.0,0.0170515
OAX/BTC,1602909325853,2020-10-17T04:35:25.853Z,buy,6.7e-06,3585.0,0.0240195
OAX/BTC,1602909326132,2020-10-17T04:35:26.132Z,buy,6.7e-06,2587.0,0.017332900000000002
OAX/BTC,1602909326203,2020-10-17T04:35:26.203Z,sell,6.64e-06,344.0,0.00228416
OAX/BTC,1602909327223,2020-10-17T04:35:27.223Z,buy,6.64e-06,344.0,0.00228416
OAX/BTC,1602909327223,2020-10-17T04:35:27.223Z,buy,6.7e-06,1201.0,0.0080467
OAX/BTC,1602909327266,2020-10-17T04:35:27.266Z,buy,6.7e-06,2477.0,0.0165959
OAX/BTC,1602909327866,2020-10-17T04:35:27.866Z,sell,6.61e-06,629.0,0.00415769
OAX/BTC,1602909327968,2020-10-17T04:35:27.968Z,buy,6.7e-06,3585.0,0.0240195
OAX/BTC,1602909328378,2020-10-17T04:35:28.378Z,buy,6.69e-06,629.0,0.00420801
OAX/BTC,1602909328378,2020-10-17T04:35:28.378Z,buy,6.7e-06,3957.0,0.0265119
OAX/BTC,1602909329413,2020-10-17T04:35:29.413Z,buy,6.69e-06,344.0,0.00230136
OAX/BTC,1602909329413,2020-10-17T04:35:29.413Z,buy,6.7e-06,2243.0,0.0150281
OAX/BTC,1602909329490,2020-10-17T04:35:29.490Z,buy,6.7e-06,3585.0,0.0240195
OAX/BTC,1602909329697,2020-10-17T04:35:29.697Z,buy,6.7e-06,4586.0,0.030726200000000002
OAX/BTC,1602909330517,2020-10-17T04:35:30.517Z,buy,6.7e-06,1545.0,0.0103515
OAX/BTC,1602909330790,2020-10-17T04:35:30.790Z,buy,6.7e-06,3585.0,0.0240195
OAX/BTC,1602909331063,2020-10-17T04:35:31.063Z,buy,6.7e-06,2587.0,0.017332900000000002
OAX/BTC,1602909331903,2020-10-17T04:35:31.903Z,buy,6.7e-06,2477.0,0.0165959
OAX/BTC,1602909332060,2020-10-17T04:35:32.060Z,buy,6.7e-06,2192.0,0.0146864
OAX/BTC,1602909332518,2020-10-17T04:35:32.518Z,buy,6.65e-06,1403.0,0.00932995
OAX/BTC,1602909332703,2020-10-17T04:35:32.703Z,sell,6.64e-06,344.0,0.00228416
OAX/BTC,1602909334099,2020-10-17T04:35:34.099Z,buy,6.65e-06,1197.0,0.00796005
OAX/BTC,1602909334099,2020-10-17T04:35:34.099Z,buy,6.7e-06,180729.0,1.2108843
OAX/BTC,1602909335619,2020-10-17T04:35:35.619Z,buy,6.65e-06,73.0,0.00048545
OAX/BTC,1602909335619,2020-10-17T04:35:35.619Z,buy,6.69e-06,1472.0,0.009847680000000001
OAX/BTC,1602909335982,2020-10-17T04:35:35.982Z,buy,6.69e-06,3585.0,0.023983650000000002
OAX/BTC,1602909336172,2020-10-17T04:35:36.172Z,buy,6.69e-06,2587.0,0.01730703
OAX/BTC,1602909336828,2020-10-17T04:35:36.828Z,sell,6.64e-06,210.0,0.0013944
OAX/BTC,1602909337463,2020-10-17T04:35:37.463Z,buy,6.65e-06,2587.0,0.017203549999999998
OAX/BTC,1602909337539,2020-10-17T04:35:37.539Z,buy,6.65e-06,3585.0,0.02384025
OAX/BTC,1602909337674,2020-10-17T04:35:37.674Z,sell,6.64e-06,965.0,0.0064076
OAX/BTC,1602909337731,2020-10-17T04:35:37.731Z,buy,6.65e-06,3219.0,0.02140635
OAX/BTC,1602909337731,2020-10-17T04:35:37.731Z,buy,6.68e-06,210.0,0.0014028
OAX/BTC,1602909337731,2020-10-17T04:35:37.731Z,buy,6.69e-06,1157.0,0.00774033
OAX/BTC,1602909338547,2020-10-17T04:35:38.547Z,buy,6.69e-06,1545.0,0.010336050000000001
OAX/BTC,1602909338697,2020-10-17T04:35:38.697Z,sell,6.65e-06,300.0,0.001995
OAX/BTC,1602909338818,2020-10-17T04:35:38.818Z,buy,6.69e-06,3585.0,0.023983650000000002
OAX/BTC,1602909339335,2020-10-17T04:35:39.335Z,buy,6.69e-06,449.0,0.00300381
OAX/BTC,1602909339674,2020-10-17T04:35:39.674Z,buy,6.69e-06,2545.0,0.01702605
OAX/BTC,1602909339936,2020-10-17T04:35:39.936Z,buy,6.68e-06,621.0,0.00414828
OAX/BTC,1602909339936,2020-10-17T04:35:39.936Z,buy,6.69e-06,1856.0,0.012416640000000001
OAX/BTC,1602909340787,2020-10-17T04:35:40.787Z,buy,6.69e-06,2587.0,0.01730703
OAX/BTC,1602909341028,2020-10-17T04:35:41.028Z,buy,6.69e-06,4586.0,0.03068034
OAX/BTC,1602909341854,2020-10-17T04:35:41.854Z,buy,6.69e-06,1545.0,0.010336050000000001
OAX/BTC,1602909342124,2020-10-17T04:35:42.124Z,buy,6.69e-06,3585.0,0.023983650000000002
OAX/BTC,1602909343281,2020-10-17T04:35:43.281Z,buy,6.69e-06,2545.0,0.01702605
OAX/BTC,1602909343501,2020-10-17T04:35:43.501Z,buy,6.69e-06,1545.0,0.010336050000000001
OAX/BTC,1602909343691,2020-10-17T04:35:43.691Z,buy,6.69e-06,2477.0,0.01657113
OAX/BTC,1602909344592,2020-10-17T04:35:44.592Z,buy,6.69e-06,2545.0,0.01702605
OAX/BTC,1602909344860,2020-10-17T04:35:44.860Z,buy,6.69e-06,2477.0,0.01657113
OAX/BTC,1602909345706,2020-10-17T04:35:45.706Z,buy,6.69e-06,2587.0,0.01730703
OAX/BTC,1602909345985,2020-10-17T04:35:45.985Z,buy,6.69e-06,4586.0,0.03068034
OAX/BTC,1602909347077,2020-10-17T04:35:47.077Z,buy,6.69e-06,3585.0,0.023983650000000002
OAX/BTC,1602909347148,2020-10-17T04:35:47.148Z,buy,6.69e-06,1280.0,0.0085632
OAX/BTC,1602909347148,2020-10-17T04:35:47.148Z,buy,6.7e-06,265.0,0.0017755000000000002
OAX/BTC,1602909347699,2020-10-17T04:35:47.699Z,buy,6.7e-06,2587.0,0.017332900000000002
OAX/BTC,1602909350390,2020-10-17T04:35:50.390Z,buy,6.7e-06,3585.0,0.0240195
OAX/BTC,1602909350623,2020-10-17T04:35:50.623Z,sell,6.64e-06,344.0,0.00228416
OAX/BTC,1602909351179,2020-10-17T04:35:51.179Z,buy,6.7e-06,2587.0,0.017332900000000002
OAX/BTC,1602909351187,2020-10-17T04:35:51.187Z,buy,6.7e-06,2545.0,0.0170515
OAX/BTC,1602909351759,2020-10-17T04:35:51.759Z,buy,6.7e-06,2477.0,0.0165959
OAX/BTC,1602909352353,2020-10-17T04:35:52.353Z,buy,6.7e-06,3585.0,0.0240195
OAX/BTC,1602909352608,2020-10-17T04:35:52.608Z,buy,6.68e-06,30.0,0.00020040000000000002
OAX/BTC,1602909352608,2020-10-17T04:35:52.608Z,buy,6.7e-06,4556.0,0.030525200000000002
OAX/BTC,1602909353512,2020-10-17T04:35:53.512Z,buy,6.69e-06,344.0,0.00230136
OAX/BTC,1602909353512,2020-10-17T04:35:53.512Z,buy,6.7e-06,1201.0,0.0080467
OAX/BTC,1602909353668,2020-10-17T04:35:53.668Z,buy,6.7e-06,3585.0,0.0240195
OAX/BTC,1602909354434,2020-10-17T04:35:54.434Z,buy,6.7e-06,2499.0,0.0167433
OAX/BTC,1602909354991,2020-10-17T04:35:54.991Z,sell,6.65e-06,1582.0,0.0105203
OAX/BTC,1602909355358,2020-10-17T04:35:55.358Z,buy,6.69e-06,1582.0,0.01058358
OAX/BTC,1602909355358,2020-10-17T04:35:55.358Z,buy,6.7e-06,48370.0,0.324079
OAX/BTC,1602909355994,2020-10-17T04:35:55.994Z,sell,6.64e-06,306.0,0.00203184
OAX/BTC,1602909356128,2020-10-17T04:35:56.128Z,buy,6.7e-06,2545.0,0.0170515
OAX/BTC,1602909356869,2020-10-17T04:35:56.869Z,buy,6.7e-06,2477.0,0.0165959
OAX/BTC,1602909356963,2020-10-17T04:35:56.963Z,buy,6.7e-06,3585.0,0.0240195
OAX/BTC,1602909358077,2020-10-17T04:35:58.077Z,buy,6.7e-06,2477.0,0.0165959
OAX/BTC,1602909358174,2020-10-17T04:35:58.174Z,buy,6.7e-06,2545.0,0.0170515
OAX/BTC,1602909358732,2020-10-17T04:35:58.732Z,buy,6.7e-06,1545.0,0.0103515
OAX/BTC,1602909359728,2020-10-17T04:35:59.728Z,buy,6.7e-06,2477.0,0.0165959
OAX/BTC,1602909361319,2020-10-17T04:36:01.319Z,buy,6.7e-06,54887.0,0.36774290000000004
OAX/BTC,1602909362191,2020-10-17T04:36:02.191Z,buy,6.65e-06,33.0,0.00021945
OAX/BTC,1602909362191,2020-10-17T04:36:02.191Z,buy,6.7e-06,2554.0,0.0171118
OAX/BTC,1602909362982,2020-10-17T04:36:02.982Z,buy,6.7e-06,4586.0,0.030726200000000002
OAX/BTC,1602909362992,2020-10-17T04:36:02.992Z,buy,6.7e-06,2477.0,0.0165959
OAX/BTC,1602909363689,2020-10-17T04:36:03.689Z,buy,6.7e-06,1545.0,0.0103515
OAX/BTC,1602909363826,2020-10-17T04:36:03.826Z,buy,6.7e-06,2587.0,0.017332900000000002
OAX/BTC,1602909364145,2020-10-17T04:36:04.145Z,buy,6.7e-06,4586.0,0.030726200000000002
OAX/BTC,1602909364727,2020-10-17T04:36:04.727Z,buy,6.69e-06,157.0,0.0010503300000000001
OAX/BTC,1602909364727,2020-10-17T04:36:04.727Z,buy,6.7e-06,65176.0,0.4366792
OAX/BTC,1602909365471,2020-10-17T04:36:05.471Z,buy,6.7e-06,2587.0,0.017332900000000002
OAX/BTC,1602909365789,2020-10-17T04:36:05.789Z,buy,6.7e-06,4586.0,0.030726200000000002
OAX/BTC,1602909366855,2020-10-17T04:36:06.855Z,buy,6.7e-06,3585.0,0.0240195
OAX/BTC,1602909366927,2020-10-17T04:36:06.927Z,buy,6.7e-06,1545.0,0.0103515
OAX/BTC,1602909367459,2020-10-17T04:36:07.459Z,buy,6.7e-06,2587.0,0.017332900000000002
OAX/BTC,1602909367986,2020-10-17T04:36:07.986Z,buy,6.7e-06,78995.0,0.5292665
OAX/BTC,1602909368241,2020-10-17T04:36:08.241Z,buy,6.7e-06,1545.0,0.0103515
OAX/BTC,1602909368546,2020-10-17T04:36:08.546Z,buy,6.7e-06,3585.0,0.0240195
OAX/BTC,1602909369303,2020-10-17T04:36:09.303Z,buy,6.7e-06,2545.0,0.0170515
OAX/BTC,1602909371256,2020-10-17T04:36:11.256Z,buy,6.7e-06,2477.0,0.0165959
OAX/BTC,1602909371990,2020-10-17T04:36:11.990Z,buy,6.69e-06,1545.0,0.010336050000000001
OAX/BTC,1602909372063,2020-10-17T04:36:12.063Z,buy,6.69e-06,2587.0,0.01730703
OAX/BTC,1602909373170,2020-10-17T04:36:13.170Z,buy,6.69e-06,10582.0,0.07079358000000001
OAX/BTC,1602909373172,2020-10-17T04:36:13.172Z,buy,6.69e-06,1545.0,0.010336050000000001
OAX/BTC,1602909373288,2020-10-17T04:36:13.288Z,buy,6.69e-06,2477.0,0.01657113
OAX/BTC,1602909373794,2020-10-17T04:36:13.794Z,buy,6.69e-06,3585.0,0.023983650000000002
OAX/BTC,1602909374804,2020-10-17T04:36:14.804Z,buy,6.69e-06,1545.0,0.010336050000000001
OAX/BTC,1602909375103,2020-10-17T04:36:15.103Z,buy,6.69e-06,3585.0,0.023983650000000002
OAX/BTC,1602909377989,2020-10-17T04:36:17.989Z,buy,6.69e-06,16.0,0.00010704
OAX/BTC,1602909379886,2020-10-17T04:36:19.886Z,buy,6.69e-06,1545.0,0.010336050000000001
OAX/BTC,1602909380521,2020-10-17T04:36:20.521Z,buy,6.69e-06,3585.0,0.023983650000000002
OAX/BTC,1602909380705,2020-10-17T04:36:20.705Z,buy,6.69e-06,1654.0,0.01106526
OAX/BTC,1602909380705,2020-10-17T04:36:20.705Z,buy,6.7e-06,2932.0,0.0196444
OAX/BTC,1602909381548,2020-10-17T04:36:21.548Z,buy,6.7e-06,1545.0,0.0103515
OAX/BTC,1602909381823,2020-10-17T04:36:21.823Z,buy,6.7e-06,3585.0,0.0240195
OAX/BTC,1602909382630,2020-10-17T04:36:22.630Z,buy,6.7e-06,2545.0,0.0170515
OAX/BTC,1602909382920,2020-10-17T04:36:22.920Z,buy,6.7e-06,1587.0,0.0106329
OAX/BTC,1602909382920,2020-10-17T04:36:22.920Z,buy,6.71e-06,890.0,0.0059719000000000005
OAX/BTC,1602909383741,2020-10-17T04:36:23.741Z,buy,6.71e-06,455.0,0.00305305
OAX/BTC,1602909383741,2020-10-17T04:36:23.741Z,buy,6.72e-06,2132.0,0.01432704
OAX/BTC,1602909384017,2020-10-17T04:36:24.017Z,buy,6.72e-06,1173.0,0.00788256
OAX/BTC,1602909384017,2020-10-17T04:36:24.017Z,buy,6.73e-06,1214.0,0.00817022
OAX/BTC,1602909384017,2020-10-17T04:36:24.017Z,buy,6.74e-06,2199.0,0.01482126
OAX/BTC,1602909384839,2020-10-17T04:36:24.839Z,buy,6.74e-06,1545.0,0.0104133
OAX/BTC,1602909385113,2020-10-17T04:36:25.113Z,buy,6.74e-06,1697.0,0.01143778
OAX/BTC,1602909385113,2020-10-17T04:36:25.113Z,buy,6.75e-06,1888.0,0.012744
OAX/BTC,1602909385971,2020-10-17T04:36:25.971Z,buy,6.75e-06,1780.0,0.012015
OAX/BTC,1602909385971,2020-10-17T04:36:25.971Z,buy,6.76e-06,558.0,0.0037720799999999997
OAX/BTC,1602909385971,2020-10-17T04:36:25.971Z,buy,6.78e-06,207.0,0.00140346
OAX/BTC,1602909386521,2020-10-17T04:36:26.521Z,buy,6.78e-06,137.0,0.00092886
OAX/BTC,1602909386521,2020-10-17T04:36:26.521Z,buy,6.79e-06,1382.0,0.00938378
OAX/BTC,1602909386521,2020-10-17T04:36:26.521Z,buy,6.8e-06,250.0,0.0017000000000000001
OAX/BTC,1602909386521,2020-10-17T04:36:26.521Z,buy,6.81e-06,708.0,0.00482148
OAX/BTC,1602909386745,2020-10-17T04:36:26.745Z,buy,6.81e-06,3010.0,0.020498100000000002
OAX/BTC,1602909386745,2020-10-17T04:36:26.745Z,buy,6.82e-06,575.0,0.0039215
OAX/BTC,1602909386832,2020-10-17T04:36:26.832Z,sell,6.72e-06,934.0,0.00627648
OAX/BTC,1602909387000,2020-10-17T04:36:27.000Z,sell,6.73e-06,278.0,0.00187094
OAX/BTC,1602909387297,2020-10-17T04:36:27.297Z,sell,6.73e-06,17.0,0.00011441
OAX/BTC,1602909387591,2020-10-17T04:36:27.591Z,buy,6.81e-06,295.0,0.00200895
OAX/BTC,1602909387591,2020-10-17T04:36:27.591Z,buy,6.82e-06,2250.0,0.015345
OAX/BTC,1602909387860,2020-10-17T04:36:27.860Z,buy,6.82e-06,2477.0,0.01689314
OAX/BTC,1602909388685,2020-10-17T04:36:28.685Z,buy,6.82e-06,2587.0,0.01764334
OAX/BTC,1602909389293,2020-10-17T04:36:29.293Z,buy,6.82e-06,4586.0,0.03127652
OAX/BTC,1602909389498,2020-10-17T04:36:29.498Z,buy,6.82e-06,2477.0,0.01689314
OAX/BTC,1602909390016,2020-10-17T04:36:30.016Z,sell,6.76e-06,190.0,0.0012844
OAX/BTC,1602909390321,2020-10-17T04:36:30.321Z,buy,6.82e-06,2587.0,0.01764334
OAX/BTC,1602909390914,2020-10-17T04:36:30.914Z,buy,6.82e-06,4586.0,0.03127652
OAX/BTC,1602909391494,2020-10-17T04:36:31.494Z,buy,6.82e-06,2477.0,0.01689314
OAX/BTC,1602909391710,2020-10-17T04:36:31.710Z,buy,6.82e-06,3585.0,0.0244497
OAX/BTC,1602909392427,2020-10-17T04:36:32.427Z,buy,6.82e-06,424.0,0.0028916799999999998
OAX/BTC,1602909392508,2020-10-17T04:36:32.508Z,buy,6.82e-06,2545.0,0.0173569
OAX/BTC,1602909393131,2020-10-17T04:36:33.131Z,buy,6.82e-06,1565.0,0.0106733
OAX/BTC,1602909393131,2020-10-17T04:36:33.131Z,buy,6.83e-06,367.0,0.00250661
OAX/BTC,1602909393131,2020-10-17T04:36:33.131Z,buy,6.84e-06,545.0,0.0037278
OAX/BTC,1602909393866,2020-10-17T04:36:33.866Z,buy,6.84e-06,3585.0,0.0245214
OAX/BTC,1602909393904,2020-10-17T04:36:33.904Z,buy,6.84e-06,4586.0,0.03136824
OAX/BTC,1602909394057,2020-10-17T04:36:34.057Z,sell,6.82e-06,62.0,0.00042284
OAX/BTC,1602909394057,2020-10-17T04:36:34.057Z,sell,6.79e-06,11.0,7.469e-05
OAX/BTC,1602909394208,2020-10-17T04:36:34.208Z,buy,6.84e-06,2545.0,0.0174078
OAX/BTC,1602909395025,2020-10-17T04:36:35.025Z,buy,6.84e-06,3585.0,0.0245214
OAX/BTC,1602909395594,2020-10-17T04:36:35.594Z,buy,6.84e-06,2587.0,0.01769508
OAX/BTC,1602909395760,2020-10-17T04:36:35.760Z,sell,6.79e-06,391.0,0.00265489
OAX/BTC,1602909395890,2020-10-17T04:36:35.890Z,buy,6.79e-06,2545.0,0.017280550000000002
OAX/BTC,1602909396660,2020-10-17T04:36:36.660Z,buy,6.79e-06,3585.0,0.02434215
OAX/BTC,1602909396953,2020-10-17T04:36:36.953Z,buy,6.79e-06,2587.0,0.01756573
OAX/BTC,1602909397613,2020-10-17T04:36:37.613Z,sell,6.78e-06,228.0,0.0015458400000000001
OAX/BTC,1602909397737,2020-10-17T04:36:37.737Z,buy,6.79e-06,2477.0,0.01681883
OAX/BTC,1602909398043,2020-10-17T04:36:38.043Z,buy,6.79e-06,1545.0,0.01049055
OAX/BTC,1602909399122,2020-10-17T04:36:39.122Z,buy,6.79e-06,2545.0,0.017280550000000002
OAX/BTC,1602909399228,2020-10-17T04:36:39.228Z,buy,6.79e-06,4586.0,0.03113894
OAX/BTC,1602909399845,2020-10-17T04:36:39.845Z,buy,6.79e-06,2477.0,0.01681883
OAX/BTC,1602909401047,2020-10-17T04:36:41.047Z,buy,6.79e-06,2477.0,0.01681883
OAX/BTC,1602909401121,2020-10-17T04:36:41.121Z,buy,6.79e-06,2545.0,0.017280550000000002
OAX/BTC,1602909401337,2020-10-17T04:36:41.337Z,buy,6.79e-06,1545.0,0.01049055
OAX/BTC,1602909402162,2020-10-17T04:36:42.162Z,buy,6.79e-06,4586.0,0.03113894
OAX/BTC,1602909402461,2020-10-17T04:36:42.461Z,buy,6.79e-06,2545.0,0.017280550000000002
OAX/BTC,1602909403562,2020-10-17T04:36:43.562Z,buy,6.79e-06,3559.0,0.02416561
OAX/BTC,1602909403562,2020-10-17T04:36:43.562Z,buy,6.84e-06,26.0,0.00017784
OAX/BTC,1602909403852,2020-10-17T04:36:43.852Z,buy,6.84e-06,223.0,0.00152532
OAX/BTC,1602909403852,2020-10-17T04:36:43.852Z,buy,6.85e-06,2032.0,0.0139192
OAX/BTC,1602909403852,2020-10-17T04:36:43.852Z,buy,6.86e-06,332.0,0.0022775200000000003
OAX/BTC,1602909404123,2020-10-17T04:36:44.123Z,buy,6.86e-06,4586.0,0.03145996
OAX/BTC,1602909404469,2020-10-17T04:36:44.469Z,sell,6.78e-06,116.0,0.00078648
OAX/BTC,1602909404469,2020-10-17T04:36:44.469Z,sell,6.74e-06,45.0,0.0003033
OAX/BTC,1602909404470,2020-10-17T04:36:44.470Z,sell,6.74e-06,57.0,0.00038417999999999997
OAX/BTC,1602909404470,2020-10-17T04:36:44.470Z,sell,6.74e-06,100.0,0.000674
OAX/BTC,1602909404470,2020-10-17T04:36:44.470Z,sell,6.74e-06,36.0,0.00024264
OAX/BTC,1602909404471,2020-10-17T04:36:44.471Z,sell,6.74e-06,62.0,0.00041788
OAX/BTC,1602909404474,2020-10-17T04:36:44.474Z,sell,6.74e-06,16.0,0.00010784
OAX/BTC,1602909404477,2020-10-17T04:36:44.477Z,sell,6.75e-06,245.0,0.0016537499999999998
OAX/BTC,1602909404478,2020-10-17T04:36:44.478Z,sell,6.75e-06,340.0,0.0022949999999999997
OAX/BTC,1602909404481,2020-10-17T04:36:44.481Z,sell,6.75e-06,291.0,0.00196425
OAX/BTC,1602909404483,2020-10-17T04:36:44.483Z,sell,6.75e-06,233.0,0.00157275
OAX/BTC,1602909404484,2020-10-17T04:36:44.484Z,sell,6.75e-06,234.0,0.0015795
OAX/BTC,1602909404494,2020-10-17T04:36:44.494Z,buy,6.76e-06,5006.0,0.03384056
OAX/BTC,1602909404752,2020-10-17T04:36:44.752Z,sell,6.77e-06,210.0,0.0014217000000000001
OAX/BTC,1602909404891,2020-10-17T04:36:44.891Z,buy,6.83e-06,3585.0,0.02448555
OAX/BTC,1602909405181,2020-10-17T04:36:45.181Z,buy,6.83e-06,2587.0,0.01766921
OAX/BTC,1602909406269,2020-10-17T04:36:46.269Z,buy,6.83e-06,1545.0,0.01055235
OAX/BTC,1602909406316,2020-10-17T04:36:46.316Z,buy,6.83e-06,2089.0,0.01426787
OAX/BTC,1602909406316,2020-10-17T04:36:46.316Z,buy,6.85e-06,388.0,0.0026577999999999997
OAX/BTC,1602909407047,2020-10-17T04:36:47.047Z,buy,6.84e-06,733.0,0.00501372
OAX/BTC,1602909407047,2020-10-17T04:36:47.047Z,buy,6.85e-06,138.0,0.0009452999999999999
OAX/BTC,1602909407047,2020-10-17T04:36:47.047Z,buy,6.86e-06,2714.0,0.018618040000000002
OAX/BTC,1602909407396,2020-10-17T04:36:47.396Z,buy,6.86e-06,2545.0,0.0174587
OAX/BTC,1602909409833,2020-10-17T04:36:49.833Z,buy,6.82e-06,344.0,0.00234608
OAX/BTC,1602909409833,2020-10-17T04:36:49.833Z,buy,6.86e-06,3241.0,0.02223326
OAX/BTC,1602909410509,2020-10-17T04:36:50.509Z,buy,6.85e-06,220.0,0.0015069999999999999
OAX/BTC,1602909410671,2020-10-17T04:36:50.671Z,buy,6.85e-06,2587.0,0.01772095
OAX/BTC,1602909410997,2020-10-17T04:36:50.997Z,buy,6.85e-06,2545.0,0.017433249999999997
OAX/BTC,1602909411219,2020-10-17T04:36:51.219Z,buy,6.85e-06,533.0,0.00365105
OAX/BTC,1602909411219,2020-10-17T04:36:51.219Z,buy,6.86e-06,1944.0,0.013335840000000002
OAX/BTC,1602909413492,2020-10-17T04:36:53.492Z,buy,6.84e-06,10587.0,0.07241507999999999
OAX/BTC,1602909413492,2020-10-17T04:36:53.492Z,buy,6.86e-06,2466.0,0.01691676
OAX/BTC,1602909413492,2020-10-17T04:36:53.492Z,buy,6.87e-06,344.0,0.00236328
OAX/BTC,1602909413492,2020-10-17T04:36:53.492Z,buy,6.88e-06,17835.0,0.1227048
OAX/BTC,1602909413492,2020-10-17T04:36:53.492Z,buy,6.89e-06,99.0,0.00068211
OAX/BTC,1602909413492,2020-10-17T04:36:53.492Z,buy,6.9e-06,37222.0,0.2568318
OAX/BTC,1602909413492,2020-10-17T04:36:53.492Z,buy,6.91e-06,344.0,0.00237704
OAX/BTC,1602909414202,2020-10-17T04:36:54.202Z,buy,6.92e-06,1545.0,0.0106914
OAX/BTC,1602909414688,2020-10-17T04:36:54.688Z,sell,6.79e-06,46.0,0.00031234000000000004
OAX/BTC,1602909414842,2020-10-17T04:36:54.842Z,buy,6.92e-06,800.0,0.005536
OAX/BTC,1602909414842,2020-10-17T04:36:54.842Z,buy,6.93e-06,437.0,0.00302841
OAX/BTC,1602909414842,2020-10-17T04:36:54.842Z,buy,6.94e-06,100.0,0.000694
OAX/BTC,1602909414842,2020-10-17T04:36:54.842Z,buy,6.95e-06,3578.0,0.0248671
OAX/BTC,1602909414842,2020-10-17T04:36:54.842Z,buy,6.96e-06,3413.0,0.02375448
OAX/BTC,1602909414842,2020-10-17T04:36:54.842Z,buy,6.97e-06,1251.0,0.00871947
OAX/BTC,1602909414931,2020-10-17T04:36:54.931Z,buy,6.97e-06,2371.0,0.01652587
OAX/BTC,1602909414931,2020-10-17T04:36:54.931Z,buy,6.98e-06,1214.0,0.00847372
OAX/BTC,1602909415021,2020-10-17T04:36:55.021Z,buy,6.98e-06,1519.0,0.01060262
OAX/BTC,1602909415021,2020-10-17T04:36:55.021Z,buy,6.99e-06,3067.0,0.02143833
OAX/BTC,1602909415847,2020-10-17T04:36:55.847Z,buy,6.99e-06,1545.0,0.01079955
OAX/BTC,1602909416123,2020-10-17T04:36:56.123Z,buy,6.99e-06,3585.0,0.02505915
OAX/BTC,1602909416970,2020-10-17T04:36:56.970Z,buy,6.9e-06,2545.0,0.0175605
OAX/BTC,1602909417219,2020-10-17T04:36:57.219Z,buy,6.9e-06,2477.0,0.0170913
OAX/BTC,1602909418054,2020-10-17T04:36:58.054Z,buy,6.9e-06,2587.0,0.0178503
OAX/BTC,1602909418693,2020-10-17T04:36:58.693Z,buy,6.9e-06,4586.0,0.0316434
OAX/BTC,1602909419199,2020-10-17T04:36:59.199Z,buy,6.9e-06,2477.0,0.0170913
OAX/BTC,1602909419433,2020-10-17T04:36:59.433Z,buy,6.9e-06,2587.0,0.0178503
OAX/BTC,1602909419479,2020-10-17T04:36:59.479Z,buy,6.9e-06,4586.0,0.0316434
OAX/BTC,1602909419932,2020-10-17T04:36:59.932Z,buy,6.9e-06,2545.0,0.0175605
OAX/BTC,1602909420004,2020-10-17T04:37:00.004Z,buy,6.9e-06,2477.0,0.0170913
OAX/BTC,1602909420331,2020-10-17T04:37:00.331Z,sell,6.88e-06,33.0,0.00022704
OAX/BTC,1602909421209,2020-10-17T04:37:01.209Z,buy,6.89e-06,46.0,0.00031694
OAX/BTC,1602909421209,2020-10-17T04:37:01.209Z,buy,6.9e-06,298.0,0.0020562
OAX/BTC,1602909423306,2020-10-17T04:37:03.306Z,buy,6.88e-06,5737.0,0.03947056
OAX/BTC,1602909423320,2020-10-17T04:37:03.320Z,buy,6.88e-06,1545.0,0.0106296
OAX/BTC,1602909423594,2020-10-17T04:37:03.594Z,buy,6.88e-06,3585.0,0.0246648
OAX/BTC,1602909423786,2020-10-17T04:37:03.786Z,buy,6.88e-06,283.0,0.0019470400000000001
OAX/BTC,1602909423793,2020-10-17T04:37:03.793Z,buy,6.88e-06,2587.0,0.01779856
OAX/BTC,1602909424624,2020-10-17T04:37:04.624Z,buy,6.88e-06,1545.0,0.0106296
OAX/BTC,1602909424876,2020-10-17T04:37:04.876Z,buy,6.88e-06,3585.0,0.0246648
OAX/BTC,1602909425168,2020-10-17T04:37:05.168Z,sell,6.87e-06,344.0,0.00236328
OAX/BTC,1602909425168,2020-10-17T04:37:05.168Z,sell,6.84e-06,291.0,0.00199044
OAX/BTC,1602909425168,2020-10-17T04:37:05.168Z,sell,6.82e-06,823.0,0.00561286
OAX/BTC,1602909425168,2020-10-17T04:37:05.168Z,sell,6.79e-06,2100.0,0.014259
OAX/BTC,1602909425709,2020-10-17T04:37:05.709Z,buy,6.88e-06,2545.0,0.0175096
OAX/BTC,1602909425991,2020-10-17T04:37:05.991Z,buy,6.88e-06,2477.0,0.01704176
OAX/BTC,1602909426825,2020-10-17T04:37:06.825Z,buy,6.87e-06,1128.0,0.00774936
OAX/BTC,1602909426825,2020-10-17T04:37:06.825Z,buy,6.88e-06,1459.0,0.01003792
OAX/BTC,1602909426859,2020-10-17T04:37:06.859Z,sell,6.78e-06,62.0,0.00042036
OAX/BTC,1602909427071,2020-10-17T04:37:07.071Z,buy,6.88e-06,4586.0,0.03155168
OAX/BTC,1602909427267,2020-10-17T04:37:07.267Z,buy,6.88e-06,911.0,0.00626768
OAX/BTC,1602909427914,2020-10-17T04:37:07.914Z,buy,6.88e-06,1545.0,0.0106296
OAX/BTC,1602909428172,2020-10-17T04:37:08.172Z,buy,6.88e-06,3585.0,0.0246648
OAX/BTC,1602909428694,2020-10-17T04:37:08.694Z,buy,6.87e-06,344.0,0.00236328
OAX/BTC,1602909428694,2020-10-17T04:37:08.694Z,buy,6.88e-06,381.0,0.00262128
OAX/BTC,1602909429001,2020-10-17T04:37:09.001Z,buy,6.88e-06,2545.0,0.0175096
OAX/BTC,1602909429589,2020-10-17T04:37:09.589Z,buy,6.88e-06,2477.0,0.01704176
OAX/BTC,1602909429999,2020-10-17T04:37:09.999Z,buy,6.88e-06,15.0,0.0001032
OAX/BTC,1602909430149,2020-10-17T04:37:10.149Z,buy,6.88e-06,3585.0,0.0246648
OAX/BTC,1602909430379,2020-10-17T04:37:10.379Z,buy,6.88e-06,4586.0,0.03155168
OAX/BTC,1602909431235,2020-10-17T04:37:11.235Z,buy,6.88e-06,1545.0,0.0106296
OAX/BTC,1602909431460,2020-10-17T04:37:11.460Z,buy,6.88e-06,3585.0,0.0246648
OAX/BTC,1602909431831,2020-10-17T04:37:11.831Z,sell,6.78e-06,62.0,0.00042036
OAX/BTC,1602909432277,2020-10-17T04:37:12.277Z,buy,6.88e-06,2545.0,0.0175096
OAX/BTC,1602909432602,2020-10-17T04:37:12.602Z,buy,6.88e-06,2477.0,0.01704176
OAX/BTC,1602909433384,2020-10-17T04:37:13.384Z,buy,6.88e-06,2587.0,0.01779856
OAX/BTC,1602909434155,2020-10-17T04:37:14.155Z,buy,6.88e-06,4586.0,0.03155168
OAX/BTC,1602909434537,2020-10-17T04:37:14.537Z,buy,6.88e-06,2477.0,0.01704176
OAX/BTC,1602909435356,2020-10-17T04:37:15.356Z,buy,6.88e-06,4586.0,0.03155168
OAX/BTC,1602909435594,2020-10-17T04:37:15.594Z,buy,6.87e-06,1373.0,0.00943251
OAX/BTC,1602909435594,2020-10-17T04:37:15.594Z,buy,6.88e-06,1172.0,0.00806336
OAX/BTC,1602909436436,2020-10-17T04:37:16.436Z,buy,6.88e-06,3585.0,0.0246648
OAX/BTC,1602909436683,2020-10-17T04:37:16.683Z,buy,6.88e-06,2587.0,0.01779856
OAX/BTC,1602909437510,2020-10-17T04:37:17.510Z,buy,6.88e-06,2477.0,0.01704176
OAX/BTC,1602909439961,2020-10-17T04:37:19.961Z,buy,6.88e-06,167050.0,1.149304
OAX/BTC,1602909439961,2020-10-17T04:37:19.961Z,buy,6.89e-06,43.0,0.00029627
OAX/BTC,1602909439961,2020-10-17T04:37:19.961Z,buy,6.9e-06,23559.0,0.1625571
OAX/BTC,1602909440559,2020-10-17T04:37:20.559Z,buy,6.9e-06,431.0,0.0029739
OAX/BTC,1602909440559,2020-10-17T04:37:20.559Z,buy,6.91e-06,344.0,0.00237704
OAX/BTC,1602909440559,2020-10-17T04:37:20.559Z,buy,6.92e-06,770.0,0.0053284
OAX/BTC,1602909441340,2020-10-17T04:37:21.340Z,buy,6.92e-06,159.0,0.00110028
OAX/BTC,1602909441340,2020-10-17T04:37:21.340Z,buy,6.95e-06,257.0,0.00178615
OAX/BTC,1602909441340,2020-10-17T04:37:21.340Z,buy,6.96e-06,344.0,0.00239424
OAX/BTC,1602909441340,2020-10-17T04:37:21.340Z,buy,6.99e-06,2825.0,0.01974675
OAX/BTC,1602909441364,2020-10-17T04:37:21.364Z,buy,6.99e-06,4586.0,0.03205614
OAX/BTC,1602909442004,2020-10-17T04:37:22.004Z,buy,6.96e-06,57.0,0.00039672000000000004
OAX/BTC,1602909442004,2020-10-17T04:37:22.004Z,buy,6.99e-06,2488.0,0.01739112
OAX/BTC,1602909442505,2020-10-17T04:37:22.505Z,buy,6.99e-06,1545.0,0.01079955
OAX/BTC,1602909443299,2020-10-17T04:37:23.299Z,buy,6.99e-06,2545.0,0.01778955
OAX/BTC,1602909443580,2020-10-17T04:37:23.580Z,buy,6.99e-06,2477.0,0.01731423
OAX/BTC,1602909443883,2020-10-17T04:37:23.883Z,sell,6.91e-06,17.0,0.00011747
OAX/BTC,1602909443930,2020-10-17T04:37:23.930Z,sell,6.91e-06,692.0,0.00478172
OAX/BTC,1602909443930,2020-10-17T04:37:23.930Z,sell,6.9e-06,1544.0,0.0106536
OAX/BTC,1602909443930,2020-10-17T04:37:23.930Z,sell,6.89e-06,7333.0,0.05052437
OAX/BTC,1602909444380,2020-10-17T04:37:24.380Z,buy,6.96e-06,2587.0,0.01800552
OAX/BTC,1602909444667,2020-10-17T04:37:24.667Z,buy,6.96e-06,3917.0,0.02726232
OAX/BTC,1602909444667,2020-10-17T04:37:24.667Z,buy,6.98e-06,669.0,0.00466962
OAX/BTC,1602909445686,2020-10-17T04:37:25.686Z,sell,6.91e-06,73.0,0.0005044299999999999
OAX/BTC,1602909445775,2020-10-17T04:37:25.775Z,buy,6.97e-06,709.0,0.00494173
OAX/BTC,1602909445775,2020-10-17T04:37:25.775Z,buy,6.98e-06,875.0,0.0061075
OAX/BTC,1602909445775,2020-10-17T04:37:25.775Z,buy,6.99e-06,2001.0,0.01398699
OAX/BTC,1602909445799,2020-10-17T04:37:25.799Z,buy,6.99e-06,1545.0,0.01079955
OAX/BTC,1602909446545,2020-10-17T04:37:26.545Z,buy,6.99e-06,2587.0,0.01808313
OAX/BTC,1602909446597,2020-10-17T04:37:26.597Z,buy,6.99e-06,2545.0,0.01778955
OAX/BTC,1602909446863,2020-10-17T04:37:26.863Z,buy,6.99e-06,2477.0,0.01731423
OAX/BTC,1602909447957,2020-10-17T04:37:27.957Z,buy,6.99e-06,4586.0,0.03205614
OAX/BTC,1602909448006,2020-10-17T04:37:28.006Z,buy,6.99e-06,2587.0,0.01808313
OAX/BTC,1602909448227,2020-10-17T04:37:28.227Z,buy,6.98e-06,2545.0,0.0177641
OAX/BTC,1602909451517,2020-10-17T04:37:31.517Z,buy,6.96e-06,341.0,0.00237336
OAX/BTC,1602909452254,2020-10-17T04:37:32.254Z,buy,6.96e-06,1514.0,0.01053744
OAX/BTC,1602909452254,2020-10-17T04:37:32.254Z,buy,6.98e-06,2305.0,0.0160889
OAX/BTC,1602909452718,2020-10-17T04:37:32.718Z,buy,6.98e-06,1545.0,0.0107841
OAX/BTC,1602909452861,2020-10-17T04:37:32.861Z,buy,6.98e-06,3585.0,0.025023300000000002
OAX/BTC,1602909453148,2020-10-17T04:37:33.148Z,buy,6.98e-06,2587.0,0.01805726
OAX/BTC,1602909457738,2020-10-17T04:37:37.738Z,buy,6.98e-06,9091.0,0.06345518
OAX/BTC,1602909458076,2020-10-17T04:37:38.076Z,buy,6.98e-06,1545.0,0.0107841
OAX/BTC,1602909458100,2020-10-17T04:37:38.100Z,buy,6.98e-06,3585.0,0.025023300000000002
OAX/BTC,1602909458414,2020-10-17T04:37:38.414Z,buy,6.98e-06,2545.0,0.0177641
OAX/BTC,1602909458461,2020-10-17T04:37:38.461Z,buy,6.98e-06,2587.0,0.01805726
OAX/BTC,1602909458464,2020-10-17T04:37:38.464Z,buy,6.98e-06,4586.0,0.03201028
OAX/BTC,1602909458500,2020-10-17T04:37:38.500Z,buy,6.98e-06,2477.0,0.01728946
OAX/BTC,1602909460983,2020-10-17T04:37:40.983Z,sell,6.93e-06,1537.0,0.01065141
OAX/BTC,1602909460983,2020-10-17T04:37:40.983Z,sell,6.92e-06,2567.0,0.01776364
OAX/BTC,1602909460983,2020-10-17T04:37:40.983Z,sell,6.91e-06,4971.0,0.03434961
OAX/BTC,1602909461852,2020-10-17T04:37:41.852Z,buy,6.97e-06,399.0,0.00278103
OAX/BTC,1602909462560,2020-10-17T04:37:42.560Z,buy,6.97e-06,1138.0,0.00793186
OAX/BTC,1602909462560,2020-10-17T04:37:42.560Z,buy,6.98e-06,40012.0,0.27928376
OAX/BTC,1602909462560,2020-10-17T04:37:42.560Z,buy,6.99e-06,240481.0,1.68096219
OAX/BTC,1602909462560,2020-10-17T04:37:42.560Z,buy,7e-06,232389.0,1.626723
OAX/BTC,1602909464005,2020-10-17T04:37:44.005Z,buy,7e-06,1545.0,0.010815
OAX/BTC,1602909464181,2020-10-17T04:37:44.181Z,buy,7e-06,2587.0,0.018109
OAX/BTC,1602909464246,2020-10-17T04:37:44.246Z,buy,7e-06,3585.0,0.025095
OAX/BTC,1602909464627,2020-10-17T04:37:44.627Z,sell,6.92e-06,74.0,0.0005120799999999999
OAX/BTC,1602909465010,2020-10-17T04:37:45.010Z,buy,7e-06,2477.0,0.017339
OAX/BTC,1602909465287,2020-10-17T04:37:45.287Z,buy,6.99e-06,74.0,0.00051726
OAX/BTC,1602909465287,2020-10-17T04:37:45.287Z,buy,7e-06,1471.0,0.010297
OAX/BTC,1602909466119,2020-10-17T04:37:46.119Z,buy,7e-06,4586.0,0.032102
OAX/BTC,1602909466380,2020-10-17T04:37:46.380Z,buy,7e-06,2545.0,0.017815
OAX/BTC,1602909466623,2020-10-17T04:37:46.623Z,sell,6.93e-06,721.0,0.00499653
OAX/BTC,1602909466623,2020-10-17T04:37:46.623Z,sell,6.92e-06,347.0,0.00240124
OAX/BTC,1602909466623,2020-10-17T04:37:46.623Z,sell,6.91e-06,5753.0,0.03975323
OAX/BTC,1602909466623,2020-10-17T04:37:46.623Z,sell,6.87e-06,377.0,0.00258999
OAX/BTC,1602909466623,2020-10-17T04:37:46.623Z,sell,6.86e-06,767.0,0.005261620000000001
OAX/BTC,1602909466623,2020-10-17T04:37:46.623Z,sell,6.83e-06,43.0,0.00029369
OAX/BTC,1602909466623,2020-10-17T04:37:46.623Z,sell,6.82e-06,1304.0,0.00889328
OAX/BTC,1602909466623,2020-10-17T04:37:46.623Z,sell,6.81e-06,33.0,0.00022473
OAX/BTC,1602909466623,2020-10-17T04:37:46.623Z,sell,6.79e-06,1106.0,0.00750974
OAX/BTC,1602909466623,2020-10-17T04:37:46.623Z,sell,6.78e-06,1084.0,0.00734952
OAX/BTC,1602909466623,2020-10-17T04:37:46.623Z,sell,6.77e-06,1256.0,0.008503120000000001
OAX/BTC,1602909466623,2020-10-17T04:37:46.623Z,sell,6.76e-06,1171.0,0.00791596
OAX/BTC,1602909466623,2020-10-17T04:37:46.623Z,sell,6.75e-06,33.0,0.00022275
OAX/BTC,1602909466623,2020-10-17T04:37:46.623Z,sell,6.73e-06,1605.0,0.01080165
OAX/BTC,1602909467215,2020-10-17T04:37:47.215Z,buy,6.83e-06,1171.0,0.00799793
OAX/BTC,1602909467215,2020-10-17T04:37:47.215Z,buy,6.86e-06,743.0,0.00509698
OAX/BTC,1602909467215,2020-10-17T04:37:47.215Z,buy,6.93e-06,43.0,0.00029799
OAX/BTC,1602909467215,2020-10-17T04:37:47.215Z,buy,6.97e-06,1298.0,0.00904706
OAX/BTC,1602909467215,2020-10-17T04:37:47.215Z,buy,6.99e-06,330.0,0.0023067
OAX/BTC,1602909467498,2020-10-17T04:37:47.498Z,buy,6.94e-06,145.0,0.0010063
OAX/BTC,1602909467498,2020-10-17T04:37:47.498Z,buy,6.98e-06,476.0,0.00332248
OAX/BTC,1602909467498,2020-10-17T04:37:47.498Z,buy,6.99e-06,748.0,0.00522852
OAX/BTC,1602909467498,2020-10-17T04:37:47.498Z,buy,7e-06,1218.0,0.008526
OAX/BTC,1602909468313,2020-10-17T04:37:48.313Z,buy,7e-06,2477.0,0.017339
OAX/BTC,1602909468722,2020-10-17T04:37:48.722Z,sell,6.83e-06,291.0,0.00198753
OAX/BTC,1602909468919,2020-10-17T04:37:48.919Z,buy,6.91e-06,1545.0,0.01067595
OAX/BTC,1602909469139,2020-10-17T04:37:49.139Z,buy,6.91e-06,2587.0,0.01787617
OAX/BTC,1602909469680,2020-10-17T04:37:49.680Z,sell,6.81e-06,33.0,0.00022473
OAX/BTC,1602909469958,2020-10-17T04:37:49.958Z,buy,6.87e-06,33.0,0.00022671
OAX/BTC,1602909469958,2020-10-17T04:37:49.958Z,buy,6.9e-06,33.0,0.0002277
OAX/BTC,1602909469958,2020-10-17T04:37:49.958Z,buy,6.91e-06,2411.0,0.01666001
OAX/BTC,1602909470469,2020-10-17T04:37:50.469Z,sell,6.81e-06,344.0,0.00234264
OAX/BTC,1602909470756,2020-10-17T04:37:50.756Z,buy,6.82e-06,344.0,0.00234608
OAX/BTC,1602909470756,2020-10-17T04:37:50.756Z,buy,6.91e-06,1201.0,0.00829891
OAX/BTC,1602909471067,2020-10-17T04:37:51.067Z,buy,6.87e-06,344.0,0.00236328
OAX/BTC,1602909471067,2020-10-17T04:37:51.067Z,buy,6.91e-06,4242.0,0.02931222
OAX/BTC,1602909471067,2020-10-17T04:37:51.067Z,buy,6.87e-06,344.0,0.00236328
OAX/BTC,1602909471067,2020-10-17T04:37:51.067Z,buy,6.91e-06,4242.0,0.02931222
OAX/BTC,1602909471121,2020-10-17T04:37:51.121Z,buy,6.9e-06,344.0,0.0023736
OAX/BTC,1602909471121,2020-10-17T04:37:51.121Z,buy,6.91e-06,2243.0,0.01549913
