symbol,timestamp,datetime,side,price,amount,btc_volume
ONG/BTC,1610208023595,2021-01-09T16:00:23.595Z,buy,5.47e-06,373.0,0.00204031
ONG/BTC,1610208024386,2021-01-09T16:00:24.386Z,buy,5.46e-06,185.0,0.0010101
ONG/BTC,1610208026882,2021-01-09T16:00:26.882Z,sell,5.45e-06,3315.0,0.01806675
ONG/BTC,1610208037289,2021-01-09T16:00:37.289Z,buy,5.47e-06,650.0,0.0035555
ONG/BTC,1610208038996,2021-01-09T16:00:38.996Z,sell,5.46e-06,96.0,0.0005241600000000001
ONG/BTC,1610208039025,2021-01-09T16:00:39.025Z,sell,5.46e-06,96.0,0.0005241600000000001
ONG/BTC,1610208039052,2021-01-09T16:00:39.052Z,sell,5.46e-06,96.0,0.0005241600000000001
ONG/BTC,1610208039067,2021-01-09T16:00:39.067Z,sell,5.46e-06,85.0,0.0004641
ONG/BTC,1610208039091,2021-01-09T16:00:39.091Z,sell,5.45e-06,96.0,0.0005232
ONG/BTC,1610208111746,2021-01-09T16:01:51.746Z,sell,5.46e-06,463.0,0.00252798
ONG/BTC,1610208117875,2021-01-09T16:01:57.875Z,buy,5.47e-06,96.0,0.00052512
ONG/BTC,1610208134492,2021-01-09T16:02:14.492Z,buy,5.47e-06,96.0,0.00052512
ONG/BTC,1610208134509,2021-01-09T16:02:14.509Z,buy,5.47e-06,96.0,0.00052512
ONG/BTC,1610208179653,2021-01-09T16:02:59.653Z,sell,5.47e-06,689.0,0.00376883
ONG/BTC,1610208184592,2021-01-09T16:03:04.592Z,buy,5.48e-06,84.0,0.00046032
ONG/BTC,1610208186457,2021-01-09T16:03:06.457Z,sell,5.47e-06,367.0,0.0020074900000000002
ONG/BTC,1610208186558,2021-01-09T16:03:06.558Z,sell,5.47e-06,183.0,0.00100101
ONG/BTC,1610208210504,2021-01-09T16:03:30.504Z,buy,5.48e-06,70.0,0.0003836
ONG/BTC,1610208228968,2021-01-09T16:03:48.968Z,buy,5.48e-06,1683.0,0.00922284
ONG/BTC,1610208229104,2021-01-09T16:03:49.104Z,sell,5.48e-06,935.0,0.0051238
ONG/BTC,1610208230132,2021-01-09T16:03:50.132Z,sell,5.48e-06,913.0,0.00500324
ONG/BTC,1610208230146,2021-01-09T16:03:50.146Z,sell,5.48e-06,920.0,0.0050416
ONG/BTC,1610208230151,2021-01-09T16:03:50.151Z,sell,5.48e-06,913.0,0.00500324
ONG/BTC,1610208230181,2021-01-09T16:03:50.181Z,sell,5.48e-06,913.0,0.00500324
ONG/BTC,1610208230275,2021-01-09T16:03:50.275Z,sell,5.48e-06,1372.0,0.00751856
ONG/BTC,1610208230576,2021-01-09T16:03:50.576Z,sell,5.48e-06,409.0,0.00224132
ONG/BTC,1610208230675,2021-01-09T16:03:50.675Z,sell,5.47e-06,479.0,0.00262013
ONG/BTC,1610208230778,2021-01-09T16:03:50.778Z,sell,5.47e-06,239.0,0.00130733
ONG/BTC,1610208277455,2021-01-09T16:04:37.455Z,buy,5.48e-06,548.0,0.0030030400000000002
ONG/BTC,1610208277461,2021-01-09T16:04:37.461Z,sell,5.48e-06,121.0,0.00066308
ONG/BTC,1610208277465,2021-01-09T16:04:37.465Z,sell,5.48e-06,545.0,0.0029866
ONG/BTC,1610208419348,2021-01-09T16:06:59.348Z,sell,5.45e-06,419.0,0.00228355
ONG/BTC,1610208550169,2021-01-09T16:09:10.169Z,buy,5.46e-06,183.0,0.0009991800000000001
ONG/BTC,1610208550180,2021-01-09T16:09:10.180Z,buy,5.46e-06,232.0,0.00126672
ONG/BTC,1610208550689,2021-01-09T16:09:10.689Z,sell,5.45e-06,19.0,0.00010355000000000001
ONG/BTC,1610208550712,2021-01-09T16:09:10.712Z,buy,5.45e-06,121.0,0.00065945
ONG/BTC,1610208550723,2021-01-09T16:09:10.723Z,buy,5.45e-06,186.0,0.0010137
ONG/BTC,1610208550815,2021-01-09T16:09:10.815Z,buy,5.45e-06,27.0,0.00014715
ONG/BTC,1610208553485,2021-01-09T16:09:13.485Z,sell,5.44e-06,60.0,0.00032639999999999996
ONG/BTC,1610208553497,2021-01-09T16:09:13.497Z,buy,5.44e-06,172.0,0.0009356799999999999
ONG/BTC,1610208712298,2021-01-09T16:11:52.298Z,sell,5.45e-06,858.0,0.0046761
ONG/BTC,1610208723571,2021-01-09T16:12:03.571Z,buy,5.45e-06,1064.0,0.005798800000000001
ONG/BTC,1610208749142,2021-01-09T16:12:29.142Z,buy,5.46e-06,226.0,0.00123396
ONG/BTC,1610208749142,2021-01-09T16:12:29.142Z,buy,5.47e-06,858.0,0.00469326
ONG/BTC,1610208804189,2021-01-09T16:13:24.189Z,buy,5.49e-06,5.0,2.745e-05
ONG/BTC,1610208873092,2021-01-09T16:14:33.092Z,buy,5.49e-06,37.0,0.00020313
ONG/BTC,1610209163422,2021-01-09T16:19:23.422Z,buy,5.49e-06,19.0,0.00010431
ONG/BTC,1610209213783,2021-01-09T16:20:13.783Z,buy,5.47e-06,500.0,0.002735
ONG/BTC,1610209213783,2021-01-09T16:20:13.783Z,buy,5.48e-06,232.0,0.00127136
ONG/BTC,1610209293190,2021-01-09T16:21:33.190Z,sell,5.47e-06,19.0,0.00010393
ONG/BTC,1610209519405,2021-01-09T16:25:19.405Z,sell,5.46e-06,19.0,0.00010374
ONG/BTC,1610209519406,2021-01-09T16:25:19.406Z,sell,5.44e-06,197.0,0.00107168
ONG/BTC,1610209519406,2021-01-09T16:25:19.406Z,sell,5.43e-06,858.0,0.0046589399999999994
ONG/BTC,1610209519406,2021-01-09T16:25:19.406Z,sell,5.42e-06,2132.0,0.01155544
ONG/BTC,1610209523516,2021-01-09T16:25:23.516Z,buy,5.45e-06,19.0,0.00010355000000000001
ONG/BTC,1610209572487,2021-01-09T16:26:12.487Z,buy,5.43e-06,155.0,0.00084165
ONG/BTC,1610209574006,2021-01-09T16:26:14.006Z,buy,5.44e-06,7.0,3.8079999999999995e-05
ONG/BTC,1610209574059,2021-01-09T16:26:14.059Z,buy,5.44e-06,803.0,0.004368319999999999
ONG/BTC,1610209592096,2021-01-09T16:26:32.096Z,sell,5.44e-06,19.0,0.00010335999999999999
ONG/BTC,1610209624063,2021-01-09T16:27:04.063Z,buy,5.46e-06,2292.0,0.01251432
ONG/BTC,1610209624235,2021-01-09T16:27:04.235Z,sell,5.46e-06,208.0,0.00113568
ONG/BTC,1610209653147,2021-01-09T16:27:33.147Z,buy,5.46e-06,823.0,0.0044935800000000005
ONG/BTC,1610209726285,2021-01-09T16:28:46.285Z,buy,5.46e-06,38.0,0.00020748
ONG/BTC,1610209726338,2021-01-09T16:28:46.338Z,buy,5.46e-06,485.0,0.0026481
ONG/BTC,1610209726352,2021-01-09T16:28:46.352Z,buy,5.46e-06,26.0,0.00014196
ONG/BTC,1610209726352,2021-01-09T16:28:46.352Z,buy,5.47e-06,523.0,0.00286081
ONG/BTC,1610209726381,2021-01-09T16:28:46.381Z,buy,5.46e-06,35.0,0.0001911
ONG/BTC,1610209760990,2021-01-09T16:29:20.990Z,buy,5.47e-06,468.0,0.00255996
ONG/BTC,1610209811452,2021-01-09T16:30:11.452Z,sell,5.45e-06,67.0,0.00036515
ONG/BTC,1610209954674,2021-01-09T16:32:34.674Z,buy,5.46e-06,67.0,0.00036582
ONG/BTC,1610209996906,2021-01-09T16:33:16.906Z,buy,5.46e-06,1140.0,0.006224400000000001
ONG/BTC,1610210143325,2021-01-09T16:35:43.325Z,buy,5.46e-06,1684.0,0.00919464
ONG/BTC,1610210163031,2021-01-09T16:36:03.031Z,buy,5.46e-06,208.0,0.00113568
ONG/BTC,1610210182306,2021-01-09T16:36:22.306Z,buy,5.47e-06,500.0,0.002735
ONG/BTC,1610210222601,2021-01-09T16:37:02.601Z,buy,5.47e-06,47.0,0.00025709
ONG/BTC,1610210223661,2021-01-09T16:37:03.661Z,sell,5.47e-06,121.0,0.0006618700000000001
ONG/BTC,1610210223725,2021-01-09T16:37:03.725Z,sell,5.47e-06,82.0,0.00044854
ONG/BTC,1610210223725,2021-01-09T16:37:03.725Z,sell,5.46e-06,14.0,7.644e-05
ONG/BTC,1610210223735,2021-01-09T16:37:03.735Z,sell,5.46e-06,96.0,0.0005241600000000001
ONG/BTC,1610210223756,2021-01-09T16:37:03.756Z,sell,5.46e-06,96.0,0.0005241600000000001
ONG/BTC,1610210223771,2021-01-09T16:37:03.771Z,sell,5.46e-06,97.0,0.0005296200000000001
ONG/BTC,1610210239269,2021-01-09T16:37:19.269Z,buy,5.48e-06,28.0,0.00015344
ONG/BTC,1610210259351,2021-01-09T16:37:39.351Z,buy,5.48e-06,1149.0,0.00629652
ONG/BTC,1610210259353,2021-01-09T16:37:39.353Z,buy,5.48e-06,120.0,0.0006576
ONG/BTC,1610210292125,2021-01-09T16:38:12.125Z,buy,5.48e-06,534.0,0.00292632
ONG/BTC,1610210306942,2021-01-09T16:38:26.942Z,buy,5.48e-06,1330.0,0.0072884000000000004
ONG/BTC,1610210307014,2021-01-09T16:38:27.014Z,buy,5.48e-06,345.0,0.0018906
ONG/BTC,1610210327771,2021-01-09T16:38:47.771Z,buy,5.48e-06,303.0,0.00166044
ONG/BTC,1610210327788,2021-01-09T16:38:47.788Z,buy,5.49e-06,96.0,0.00052704
ONG/BTC,1610210327791,2021-01-09T16:38:47.791Z,buy,5.49e-06,235.0,0.0012901499999999999
ONG/BTC,1610210365820,2021-01-09T16:39:25.820Z,buy,5.49e-06,96.0,0.00052704
ONG/BTC,1610210368293,2021-01-09T16:39:28.293Z,buy,5.49e-06,96.0,0.00052704
ONG/BTC,1610210368309,2021-01-09T16:39:28.309Z,buy,5.49e-06,96.0,0.00052704
ONG/BTC,1610210369211,2021-01-09T16:39:29.211Z,buy,5.49e-06,215.0,0.00118035
ONG/BTC,1610210369609,2021-01-09T16:39:29.609Z,buy,5.49e-06,226.0,0.00124074
ONG/BTC,1610210419013,2021-01-09T16:40:19.013Z,buy,5.49e-06,1222.0,0.00670878
ONG/BTC,1610210425191,2021-01-09T16:40:25.191Z,buy,5.5e-06,68.0,0.000374
ONG/BTC,1610210425213,2021-01-09T16:40:25.213Z,buy,5.5e-06,167.0,0.0009184999999999999
ONG/BTC,1610210425240,2021-01-09T16:40:25.240Z,buy,5.5e-06,68.0,0.000374
ONG/BTC,1610210425248,2021-01-09T16:40:25.248Z,buy,5.5e-06,2351.0,0.0129305
ONG/BTC,1610210427970,2021-01-09T16:40:27.970Z,buy,5.51e-06,2559.0,0.01410009
ONG/BTC,1610210427978,2021-01-09T16:40:27.978Z,sell,5.51e-06,2189.0,0.01206139
ONG/BTC,1610210427978,2021-01-09T16:40:27.978Z,sell,5.51e-06,120.0,0.0006612
ONG/BTC,1610210427993,2021-01-09T16:40:27.993Z,sell,5.51e-06,96.0,0.00052896
ONG/BTC,1610210427994,2021-01-09T16:40:27.994Z,sell,5.51e-06,234.0,0.00128934
ONG/BTC,1610210429146,2021-01-09T16:40:29.146Z,sell,5.51e-06,909.0,0.005008589999999999
ONG/BTC,1610210429147,2021-01-09T16:40:29.147Z,sell,5.51e-06,909.0,0.005008589999999999
ONG/BTC,1610210429870,2021-01-09T16:40:29.870Z,sell,5.51e-06,200.0,0.001102
ONG/BTC,1610210430921,2021-01-09T16:40:30.921Z,sell,5.51e-06,200.0,0.001102
ONG/BTC,1610210431134,2021-01-09T16:40:31.134Z,sell,5.51e-06,909.0,0.005008589999999999
ONG/BTC,1610210431965,2021-01-09T16:40:31.965Z,sell,5.51e-06,200.0,0.001102
ONG/BTC,1610210432153,2021-01-09T16:40:32.153Z,sell,5.51e-06,909.0,0.005008589999999999
ONG/BTC,1610210437019,2021-01-09T16:40:37.019Z,sell,5.51e-06,472.0,0.00260072
ONG/BTC,1610210438136,2021-01-09T16:40:38.136Z,sell,5.51e-06,907.0,0.00499757
ONG/BTC,1610210438163,2021-01-09T16:40:38.163Z,sell,5.51e-06,903.0,0.00497553
ONG/BTC,1610210438977,2021-01-09T16:40:38.977Z,sell,5.51e-06,8049.0,0.04434999
ONG/BTC,1610210439156,2021-01-09T16:40:39.156Z,sell,5.51e-06,902.0,0.0049700199999999995
ONG/BTC,1610210439178,2021-01-09T16:40:39.178Z,sell,5.51e-06,2216.0,0.01221016
ONG/BTC,1610210504145,2021-01-09T16:41:44.145Z,buy,5.49e-06,246.0,0.00135054
ONG/BTC,1610210573726,2021-01-09T16:42:53.726Z,sell,5.5e-06,370.0,0.002035
ONG/BTC,1610210573743,2021-01-09T16:42:53.743Z,sell,5.5e-06,930.0,0.005115
ONG/BTC,1610210574146,2021-01-09T16:42:54.146Z,sell,5.5e-06,377.0,0.0020735
ONG/BTC,1610210574342,2021-01-09T16:42:54.342Z,sell,5.5e-06,691.0,0.0038005
ONG/BTC,1610210575142,2021-01-09T16:42:55.142Z,sell,5.5e-06,344.0,0.001892
ONG/BTC,1610210576263,2021-01-09T16:42:56.263Z,sell,5.5e-06,64.0,0.000352
ONG/BTC,1610210576355,2021-01-09T16:42:56.355Z,sell,5.5e-06,202.0,0.001111
ONG/BTC,1610210580282,2021-01-09T16:43:00.282Z,sell,5.5e-06,561.0,0.0030855
ONG/BTC,1610210580293,2021-01-09T16:43:00.293Z,sell,5.5e-06,378.0,0.002079
ONG/BTC,1610210580610,2021-01-09T16:43:00.610Z,sell,5.5e-06,622.0,0.003421
ONG/BTC,1610210583330,2021-01-09T16:43:03.330Z,sell,5.47e-06,70.0,0.00038290000000000004
ONG/BTC,1610210584198,2021-01-09T16:43:04.198Z,sell,5.47e-06,788.0,0.00431036
ONG/BTC,1610210586721,2021-01-09T16:43:06.721Z,sell,5.46e-06,733.0,0.00400218
ONG/BTC,1610210624727,2021-01-09T16:43:44.727Z,buy,5.49e-06,171.0,0.00093879
ONG/BTC,1610210624727,2021-01-09T16:43:44.727Z,buy,5.5e-06,70.0,0.000385
ONG/BTC,1610210624763,2021-01-09T16:43:44.763Z,sell,5.5e-06,1580.0,0.00869
ONG/BTC,1610210624769,2021-01-09T16:43:44.769Z,sell,5.5e-06,1339.0,0.0073644999999999995
ONG/BTC,1610210832144,2021-01-09T16:47:12.144Z,buy,5.51e-06,817.0,0.00450167
ONG/BTC,1610210881130,2021-01-09T16:48:01.130Z,buy,5.51e-06,54.0,0.00029754
ONG/BTC,1610210887307,2021-01-09T16:48:07.307Z,buy,5.52e-06,905.0,0.004995599999999999
ONG/BTC,1610210892143,2021-01-09T16:48:12.143Z,buy,5.52e-06,272.0,0.00150144
ONG/BTC,1610210897695,2021-01-09T16:48:17.695Z,buy,5.52e-06,710.0,0.003919199999999999
ONG/BTC,1610210974233,2021-01-09T16:49:34.233Z,buy,5.53e-06,23.0,0.00012719
ONG/BTC,1610210974238,2021-01-09T16:49:34.238Z,buy,5.53e-06,4.0,2.212e-05
ONG/BTC,1610211032873,2021-01-09T16:50:32.873Z,buy,5.54e-06,229.0,0.00126866
ONG/BTC,1610211032873,2021-01-09T16:50:32.873Z,buy,5.55e-06,22.0,0.0001221
ONG/BTC,1610211032873,2021-01-09T16:50:32.873Z,buy,5.56e-06,749.0,0.00416444
ONG/BTC,1610211053480,2021-01-09T16:50:53.480Z,sell,5.51e-06,815.0,0.00449065
ONG/BTC,1610211085511,2021-01-09T16:51:25.511Z,buy,5.54e-06,815.0,0.0045151
ONG/BTC,1610211085511,2021-01-09T16:51:25.511Z,buy,5.55e-06,2214.0,0.0122877
ONG/BTC,1610211085511,2021-01-09T16:51:25.511Z,buy,5.56e-06,6908.0,0.03840848
ONG/BTC,1610211178270,2021-01-09T16:52:58.270Z,sell,5.53e-06,73.0,0.00040369
ONG/BTC,1610211241780,2021-01-09T16:54:01.780Z,sell,5.52e-06,600.0,0.003312
ONG/BTC,1610211268824,2021-01-09T16:54:28.824Z,buy,5.53e-06,843.0,0.004661790000000001
ONG/BTC,1610211298418,2021-01-09T16:54:58.418Z,buy,5.53e-06,135.0,0.00074655
ONG/BTC,1610211329545,2021-01-09T16:55:29.545Z,buy,5.53e-06,362.0,0.0020018600000000003
ONG/BTC,1610211378042,2021-01-09T16:56:18.042Z,buy,5.54e-06,6552.0,0.03629808
ONG/BTC,1610211378042,2021-01-09T16:56:18.042Z,buy,5.54e-06,6552.0,0.03629808
ONG/BTC,1610211378042,2021-01-09T16:56:18.042Z,buy,5.54e-06,1.0,5.54e-06
ONG/BTC,1610211460488,2021-01-09T16:57:40.488Z,sell,5.54e-06,806.0,0.0044652400000000005
ONG/BTC,1610211482703,2021-01-09T16:58:02.703Z,sell,5.54e-06,316.0,0.0017506400000000001
ONG/BTC,1610211484986,2021-01-09T16:58:04.986Z,sell,5.53e-06,281.0,0.00155393
ONG/BTC,1610211487506,2021-01-09T16:58:07.506Z,sell,5.52e-06,281.0,0.0015511199999999998
ONG/BTC,1610211489143,2021-01-09T16:58:09.143Z,buy,5.53e-06,180.0,0.0009954
ONG/BTC,1610211489154,2021-01-09T16:58:09.154Z,buy,5.53e-06,20.0,0.0001106
ONG/BTC,1610211537994,2021-01-09T16:58:57.994Z,buy,5.54e-06,1671.0,0.009257340000000001
ONG/BTC,1610211570702,2021-01-09T16:59:30.702Z,buy,5.57e-06,1852.0,0.010315640000000001
ONG/BTC,1610211570718,2021-01-09T16:59:30.718Z,buy,5.58e-06,792.0,0.00441936
ONG/BTC,1610211570718,2021-01-09T16:59:30.718Z,buy,5.59e-06,951.0,0.00531609
ONG/BTC,1610211570718,2021-01-09T16:59:30.718Z,buy,5.6e-06,782.0,0.0043792
ONG/BTC,1610211579194,2021-01-09T16:59:39.194Z,sell,5.56e-06,172.0,0.00095632
ONG/BTC,1610211579194,2021-01-09T16:59:39.194Z,sell,5.55e-06,8.0,4.44e-05
ONG/BTC,1610211592146,2021-01-09T16:59:52.146Z,sell,5.55e-06,180.0,0.000999
ONG/BTC,1610211592146,2021-01-09T16:59:52.146Z,sell,5.55e-06,180.0,0.000999
ONG/BTC,1610211618149,2021-01-09T17:00:18.149Z,buy,5.6e-06,202.0,0.0011312
ONG/BTC,1610211618172,2021-01-09T17:00:18.172Z,sell,5.6e-06,2259.0,0.0126504
ONG/BTC,1610211618173,2021-01-09T17:00:18.173Z,sell,5.6e-06,1311.0,0.007341599999999999
ONG/BTC,1610211644731,2021-01-09T17:00:44.731Z,buy,5.61e-06,19.0,0.00010659
ONG/BTC,1610211661450,2021-01-09T17:01:01.450Z,sell,5.56e-06,172.0,0.00095632
ONG/BTC,1610211661450,2021-01-09T17:01:01.450Z,sell,5.55e-06,79.0,0.00043845
ONG/BTC,1610211662669,2021-01-09T17:01:02.669Z,sell,5.53e-06,80.0,0.0004424
ONG/BTC,1610211677655,2021-01-09T17:01:17.655Z,buy,5.58e-06,172.0,0.00095976
ONG/BTC,1610211677655,2021-01-09T17:01:17.655Z,buy,5.59e-06,54.0,0.00030186
ONG/BTC,1610211901020,2021-01-09T17:05:01.020Z,sell,5.56e-06,1020.0,0.0056712
ONG/BTC,1610211901023,2021-01-09T17:05:01.023Z,sell,5.56e-06,104.0,0.00057824
ONG/BTC,1610211915517,2021-01-09T17:05:15.517Z,buy,5.57e-06,967.0,0.00538619
ONG/BTC,1610212006132,2021-01-09T17:06:46.132Z,sell,5.55e-06,896.0,0.0049728
ONG/BTC,1610212006196,2021-01-09T17:06:46.196Z,sell,5.55e-06,649.0,0.00360195
ONG/BTC,1610212013647,2021-01-09T17:06:53.647Z,buy,5.55e-06,133.0,0.00073815
ONG/BTC,1610212020807,2021-01-09T17:07:00.807Z,sell,5.53e-06,1879.0,0.01039087
ONG/BTC,1610212020807,2021-01-09T17:07:00.807Z,sell,5.52e-06,22031.0,0.12161111999999999
ONG/BTC,1610212046288,2021-01-09T17:07:26.288Z,sell,5.52e-06,1108.0,0.00611616
ONG/BTC,1610212146692,2021-01-09T17:09:06.692Z,buy,5.54e-06,168.0,0.00093072
ONG/BTC,1610212146692,2021-01-09T17:09:06.692Z,buy,5.55e-06,114.0,0.0006327
ONG/BTC,1610212146701,2021-01-09T17:09:06.701Z,sell,5.55e-06,491.0,0.00272505
ONG/BTC,1610212152558,2021-01-09T17:09:12.558Z,buy,5.55e-06,491.0,0.00272505
ONG/BTC,1610212153159,2021-01-09T17:09:13.159Z,sell,5.55e-06,271.0,0.00150405
ONG/BTC,1610212214567,2021-01-09T17:10:14.567Z,sell,5.55e-06,12.0,6.66e-05
ONG/BTC,1610212220974,2021-01-09T17:10:20.974Z,sell,5.52e-06,47.0,0.00025944
ONG/BTC,1610212258167,2021-01-09T17:10:58.167Z,sell,5.52e-06,174.0,0.00096048
ONG/BTC,1610212266240,2021-01-09T17:11:06.240Z,sell,5.52e-06,125.0,0.00069
ONG/BTC,1610212382090,2021-01-09T17:13:02.090Z,sell,5.53e-06,22.0,0.00012166000000000001
ONG/BTC,1610212402574,2021-01-09T17:13:22.574Z,sell,5.55e-06,21.0,0.00011655
ONG/BTC,1610212402575,2021-01-09T17:13:22.575Z,sell,5.55e-06,200.0,0.00111
ONG/BTC,1610212402576,2021-01-09T17:13:22.576Z,sell,5.55e-06,674.0,0.0037407
ONG/BTC,1610212402579,2021-01-09T17:13:22.579Z,sell,5.55e-06,1105.0,0.00613275
ONG/BTC,1610212523723,2021-01-09T17:15:23.723Z,sell,5.53e-06,512.0,0.00283136
ONG/BTC,1610212526346,2021-01-09T17:15:26.346Z,sell,5.52e-06,888.0,0.00490176
ONG/BTC,1610212538179,2021-01-09T17:15:38.179Z,sell,5.52e-06,842.0,0.0046478399999999994
ONG/BTC,1610212617106,2021-01-09T17:16:57.106Z,sell,5.54e-06,118.0,0.00065372
ONG/BTC,1610212617109,2021-01-09T17:16:57.109Z,sell,5.54e-06,829.0,0.00459266
ONG/BTC,1610212617109,2021-01-09T17:16:57.109Z,sell,5.54e-06,196.0,0.00108584
ONG/BTC,1610212617110,2021-01-09T17:16:57.110Z,sell,5.54e-06,81.0,0.00044874000000000004
ONG/BTC,1610212617111,2021-01-09T17:16:57.111Z,sell,5.54e-06,1176.0,0.006515040000000001
ONG/BTC,1610212675150,2021-01-09T17:17:55.150Z,sell,5.52e-06,181.0,0.00099912
ONG/BTC,1610212676135,2021-01-09T17:17:56.135Z,sell,5.53e-06,176.0,0.0009732800000000001
ONG/BTC,1610212750158,2021-01-09T17:19:10.158Z,buy,5.53e-06,53.0,0.00029309000000000003
ONG/BTC,1610212750158,2021-01-09T17:19:10.158Z,buy,5.53e-06,309.0,0.00170877
ONG/BTC,1610212805804,2021-01-09T17:20:05.804Z,buy,5.54e-06,1100.0,0.0060940000000000005
ONG/BTC,1610213024138,2021-01-09T17:23:44.138Z,sell,5.53e-06,175.0,0.0009677500000000001
ONG/BTC,1610213062308,2021-01-09T17:24:22.308Z,buy,5.53e-06,6.0,3.3180000000000004e-05
ONG/BTC,1610213124174,2021-01-09T17:25:24.174Z,sell,5.54e-06,900.0,0.004986
ONG/BTC,1610213124368,2021-01-09T17:25:24.368Z,buy,5.55e-06,175.0,0.00097125
ONG/BTC,1610213125156,2021-01-09T17:25:25.156Z,sell,5.55e-06,898.0,0.0049839
ONG/BTC,1610213296937,2021-01-09T17:28:16.937Z,buy,5.55e-06,19.0,0.00010545
ONG/BTC,1610213543240,2021-01-09T17:32:23.240Z,buy,5.55e-06,270.0,0.0014985
ONG/BTC,1610213544260,2021-01-09T17:32:24.260Z,sell,5.54e-06,176.0,0.00097504
ONG/BTC,1610213549287,2021-01-09T17:32:29.287Z,buy,5.53e-06,617.0,0.00341201
ONG/BTC,1610213665967,2021-01-09T17:34:25.967Z,buy,5.56e-06,41.0,0.00022796
ONG/BTC,1610214110723,2021-01-09T17:41:50.723Z,buy,5.56e-06,135.0,0.0007506
ONG/BTC,1610214259579,2021-01-09T17:44:19.579Z,sell,5.56e-06,96.0,0.00053376
ONG/BTC,1610214259591,2021-01-09T17:44:19.591Z,sell,5.56e-06,33.0,0.00018348
ONG/BTC,1610214303622,2021-01-09T17:45:03.622Z,buy,5.54e-06,119.0,0.0006592600000000001
ONG/BTC,1610214303663,2021-01-09T17:45:03.663Z,buy,5.54e-06,53.0,0.00029362
ONG/BTC,1610214303866,2021-01-09T17:45:03.866Z,sell,5.53e-06,53.0,0.00029309000000000003
ONG/BTC,1610214511161,2021-01-09T17:48:31.161Z,buy,5.57e-06,858.0,0.00477906
ONG/BTC,1610214511161,2021-01-09T17:48:31.161Z,buy,5.58e-06,142.0,0.00079236
ONG/BTC,1610214513695,2021-01-09T17:48:33.695Z,sell,5.56e-06,175.0,0.000973
ONG/BTC,1610214513695,2021-01-09T17:48:33.695Z,sell,5.55e-06,208.0,0.0011544
ONG/BTC,1610214569004,2021-01-09T17:49:29.004Z,buy,5.57e-06,208.0,0.00115856
ONG/BTC,1610214702295,2021-01-09T17:51:42.295Z,buy,5.58e-06,103.0,0.00057474
ONG/BTC,1610214714697,2021-01-09T17:51:54.697Z,buy,5.59e-06,34.0,0.00019006
ONG/BTC,1610214732546,2021-01-09T17:52:12.546Z,buy,5.59e-06,66.0,0.00036894
ONG/BTC,1610214790357,2021-01-09T17:53:10.357Z,buy,5.6e-06,40.0,0.000224
ONG/BTC,1610214850171,2021-01-09T17:54:10.171Z,buy,5.6e-06,19.0,0.0001064
ONG/BTC,1610214850171,2021-01-09T17:54:10.171Z,buy,5.61e-06,159.0,0.00089199
ONG/BTC,1610214850185,2021-01-09T17:54:10.185Z,buy,5.61e-06,16.0,8.976e-05
ONG/BTC,1610214913970,2021-01-09T17:55:13.970Z,buy,5.62e-06,462.0,0.00259644
ONG/BTC,1610214914142,2021-01-09T17:55:14.142Z,buy,5.62e-06,126.0,0.00070812
ONG/BTC,1610214914148,2021-01-09T17:55:14.148Z,sell,5.62e-06,53.0,0.00029786
ONG/BTC,1610214914161,2021-01-09T17:55:14.161Z,sell,5.62e-06,40.0,0.00022480000000000002
ONG/BTC,1610214915818,2021-01-09T17:55:15.818Z,sell,5.62e-06,203.0,0.00114086
ONG/BTC,1610214933988,2021-01-09T17:55:33.988Z,buy,5.63e-06,1000.0,0.0056300000000000005
ONG/BTC,1610214956033,2021-01-09T17:55:56.033Z,sell,5.62e-06,217.0,0.00121954
ONG/BTC,1610214973689,2021-01-09T17:56:13.689Z,buy,5.63e-06,216.0,0.00121608
ONG/BTC,1610215111281,2021-01-09T17:58:31.281Z,buy,5.63e-06,1000.0,0.0056300000000000005
ONG/BTC,1610215125868,2021-01-09T17:58:45.868Z,buy,5.63e-06,117.0,0.0006587100000000001
ONG/BTC,1610215183738,2021-01-09T17:59:43.738Z,sell,5.62e-06,406.0,0.00228172
ONG/BTC,1610215183738,2021-01-09T17:59:43.738Z,sell,5.62e-06,406.0,0.00228172
ONG/BTC,1610215201880,2021-01-09T18:00:01.880Z,sell,5.62e-06,557.0,0.00313034
ONG/BTC,1610215215996,2021-01-09T18:00:15.996Z,sell,5.61e-06,337.0,0.0018905699999999998
ONG/BTC,1610215215996,2021-01-09T18:00:15.996Z,sell,5.57e-06,24.0,0.00013368
ONG/BTC,1610215219457,2021-01-09T18:00:19.457Z,sell,5.58e-06,90.0,0.0005022
ONG/BTC,1610215258076,2021-01-09T18:00:58.076Z,buy,5.58e-06,173.0,0.00096534
ONG/BTC,1610215259594,2021-01-09T18:00:59.594Z,sell,5.57e-06,225.0,0.00125325
ONG/BTC,1610215260085,2021-01-09T18:01:00.085Z,sell,5.57e-06,490.0,0.0027293
ONG/BTC,1610215290657,2021-01-09T18:01:30.657Z,sell,5.6e-06,44.0,0.00024639999999999997
ONG/BTC,1610215372144,2021-01-09T18:02:52.144Z,sell,5.6e-06,203.0,0.0011367999999999999
ONG/BTC,1610215372352,2021-01-09T18:02:52.352Z,buy,5.61e-06,175.0,0.00098175
ONG/BTC,1610215372364,2021-01-09T18:02:52.364Z,sell,5.61e-06,211.0,0.00118371
ONG/BTC,1610215372365,2021-01-09T18:02:52.365Z,sell,5.61e-06,173.0,0.0009705299999999999
ONG/BTC,1610215372367,2021-01-09T18:02:52.367Z,sell,5.61e-06,344.0,0.00192984
ONG/BTC,1610215421985,2021-01-09T18:03:41.985Z,sell,5.62e-06,94.0,0.00052828
ONG/BTC,1610215421990,2021-01-09T18:03:41.990Z,sell,5.62e-06,401.0,0.00225362
ONG/BTC,1610215450860,2021-01-09T18:04:10.860Z,sell,5.59e-06,174.0,0.00097266
ONG/BTC,1610215450884,2021-01-09T18:04:10.884Z,sell,5.58e-06,3750.0,0.020925
ONG/BTC,1610215462020,2021-01-09T18:04:22.020Z,sell,5.58e-06,1096.0,0.00611568
ONG/BTC,1610215467793,2021-01-09T18:04:27.793Z,sell,5.58e-06,365.0,0.0020367
ONG/BTC,1610215479461,2021-01-09T18:04:39.461Z,sell,5.58e-06,233.0,0.00130014
ONG/BTC,1610215498554,2021-01-09T18:04:58.554Z,sell,5.58e-06,2913.0,0.01625454
ONG/BTC,1610215498966,2021-01-09T18:04:58.966Z,sell,5.57e-06,1377.0,0.00766989
ONG/BTC,1610215652518,2021-01-09T18:07:32.518Z,buy,5.6e-06,174.0,0.0009743999999999999
ONG/BTC,1610215693944,2021-01-09T18:08:13.944Z,buy,5.61e-06,19.0,0.00010659
ONG/BTC,1610215706881,2021-01-09T18:08:26.881Z,sell,5.6e-06,18.0,0.0001008
ONG/BTC,1610215708930,2021-01-09T18:08:28.930Z,sell,5.58e-06,173.0,0.00096534
ONG/BTC,1610215708930,2021-01-09T18:08:28.930Z,sell,5.57e-06,1745.0,0.00971965
ONG/BTC,1610215715295,2021-01-09T18:08:35.295Z,buy,5.6e-06,127.0,0.0007111999999999999
ONG/BTC,1610215729766,2021-01-09T18:08:49.766Z,buy,5.6e-06,19.0,0.0001064
ONG/BTC,1610215735071,2021-01-09T18:08:55.071Z,sell,5.59e-06,18.0,0.00010062
ONG/BTC,1610215735911,2021-01-09T18:08:55.911Z,buy,5.59e-06,94.0,0.00052546
ONG/BTC,1610215741474,2021-01-09T18:09:01.474Z,buy,5.59e-06,118.0,0.00065962
ONG/BTC,1610215741482,2021-01-09T18:09:01.482Z,buy,5.59e-06,94.0,0.00052546
ONG/BTC,1610215741494,2021-01-09T18:09:01.494Z,buy,5.59e-06,94.0,0.00052546
ONG/BTC,1610215741506,2021-01-09T18:09:01.506Z,buy,5.59e-06,94.0,0.00052546
ONG/BTC,1610215741537,2021-01-09T18:09:01.537Z,buy,5.59e-06,85.0,0.00047515
ONG/BTC,1610215778246,2021-01-09T18:09:38.246Z,sell,5.58e-06,18.0,0.00010044
ONG/BTC,1610215778253,2021-01-09T18:09:38.253Z,buy,5.58e-06,2623.0,0.01463634
ONG/BTC,1610215882721,2021-01-09T18:11:22.721Z,buy,5.6e-06,24.0,0.0001344
ONG/BTC,1610215937417,2021-01-09T18:12:17.417Z,buy,5.61e-06,110.0,0.0006171
ONG/BTC,1610216009759,2021-01-09T18:13:29.759Z,buy,5.62e-06,129.0,0.0007249800000000001
ONG/BTC,1610216009759,2021-01-09T18:13:29.759Z,buy,5.63e-06,49.0,0.00027587
ONG/BTC,1610216105764,2021-01-09T18:15:05.764Z,buy,5.63e-06,6.0,3.3780000000000005e-05
ONG/BTC,1610216109897,2021-01-09T18:15:09.897Z,buy,5.63e-06,7.0,3.9410000000000004e-05
ONG/BTC,1610216195007,2021-01-09T18:16:35.007Z,buy,5.63e-06,115.0,0.00064745
ONG/BTC,1610216307137,2021-01-09T18:18:27.137Z,buy,5.63e-06,211.0,0.00118793
ONG/BTC,1610216393627,2021-01-09T18:19:53.627Z,buy,5.63e-06,197.0,0.00110911
ONG/BTC,1610216393627,2021-01-09T18:19:53.627Z,buy,5.64e-06,6332.0,0.035712480000000005
ONG/BTC,1610216393627,2021-01-09T18:19:53.627Z,buy,5.65e-06,11169.0,0.06310485
ONG/BTC,1610216470696,2021-01-09T18:21:10.696Z,buy,5.64e-06,18.0,0.00010152
ONG/BTC,1610216493458,2021-01-09T18:21:33.458Z,sell,5.6e-06,124.0,0.0006944
ONG/BTC,1610216524057,2021-01-09T18:22:04.057Z,sell,5.6e-06,55.0,0.000308
ONG/BTC,1610216566889,2021-01-09T18:22:46.889Z,buy,5.6e-06,38.0,0.0002128
ONG/BTC,1610216566889,2021-01-09T18:22:46.889Z,buy,5.64e-06,4201.0,0.023693640000000002
ONG/BTC,1610216566889,2021-01-09T18:22:46.889Z,buy,5.65e-06,11752.0,0.06639880000000001
ONG/BTC,1610216745619,2021-01-09T18:25:45.619Z,sell,5.58e-06,23.0,0.00012834
ONG/BTC,1610216916309,2021-01-09T18:28:36.309Z,sell,5.61e-06,118.0,0.00066198
ONG/BTC,1610216916310,2021-01-09T18:28:36.310Z,sell,5.61e-06,768.0,0.00430848
ONG/BTC,1610216917166,2021-01-09T18:28:37.166Z,sell,5.61e-06,446.0,0.00250206
ONG/BTC,1610216982130,2021-01-09T18:29:42.130Z,sell,5.61e-06,58.0,0.00032538
ONG/BTC,1610216982134,2021-01-09T18:29:42.134Z,sell,5.61e-06,94.0,0.00052734
ONG/BTC,1610216982136,2021-01-09T18:29:42.136Z,sell,5.61e-06,190.0,0.0010658999999999998
ONG/BTC,1610216982137,2021-01-09T18:29:42.137Z,sell,5.61e-06,193.0,0.0010827299999999998
ONG/BTC,1610217201471,2021-01-09T18:33:21.471Z,sell,5.59e-06,94.0,0.00052546
ONG/BTC,1610217202211,2021-01-09T18:33:22.211Z,sell,5.59e-06,94.0,0.00052546
ONG/BTC,1610217202319,2021-01-09T18:33:22.319Z,sell,5.59e-06,78.0,0.00043601999999999996
ONG/BTC,1610217202367,2021-01-09T18:33:22.367Z,sell,5.58e-06,94.0,0.00052452
ONG/BTC,1610217413447,2021-01-09T18:36:53.447Z,sell,5.58e-06,160.0,0.0008928
ONG/BTC,1610217879192,2021-01-09T18:44:39.192Z,buy,5.58e-06,24.0,0.00013392
ONG/BTC,1610218045623,2021-01-09T18:47:25.623Z,sell,5.59e-06,215.0,0.00120185
ONG/BTC,1610218411317,2021-01-09T18:53:31.317Z,buy,5.58e-06,118.0,0.00065844
ONG/BTC,1610218411318,2021-01-09T18:53:31.318Z,buy,5.58e-06,62.0,0.00034596
ONG/BTC,1610218492103,2021-01-09T18:54:52.103Z,sell,5.61e-06,118.0,0.00066198
ONG/BTC,1610218492107,2021-01-09T18:54:52.107Z,sell,5.61e-06,54.0,0.00030293999999999997
ONG/BTC,1610218492107,2021-01-09T18:54:52.107Z,sell,5.61e-06,328.0,0.0018400799999999998
ONG/BTC,1610218520478,2021-01-09T18:55:20.478Z,buy,5.62e-06,179.0,0.00100598
ONG/BTC,1610218520478,2021-01-09T18:55:20.478Z,buy,5.63e-06,34.0,0.00019142
ONG/BTC,1610218659939,2021-01-09T18:57:39.939Z,buy,5.63e-06,18.0,0.00010134
ONG/BTC,1610218661489,2021-01-09T18:57:41.489Z,sell,5.62e-06,18.0,0.00010116000000000001
ONG/BTC,1610218686256,2021-01-09T18:58:06.256Z,sell,5.61e-06,18.0,0.00010098
ONG/BTC,1610218686256,2021-01-09T18:58:06.256Z,sell,5.59e-06,24.0,0.00013416
ONG/BTC,1610218686256,2021-01-09T18:58:06.256Z,sell,5.61e-06,18.0,0.00010098
ONG/BTC,1610218686256,2021-01-09T18:58:06.256Z,sell,5.59e-06,24.0,0.00013416
ONG/BTC,1610218835558,2021-01-09T19:00:35.558Z,sell,5.6e-06,18.0,0.0001008
ONG/BTC,1610218837857,2021-01-09T19:00:37.857Z,sell,5.59e-06,136.0,0.00076024
ONG/BTC,1610218837864,2021-01-09T19:00:37.864Z,buy,5.59e-06,845.0,0.00472355
ONG/BTC,1610218901688,2021-01-09T19:01:41.688Z,buy,5.61e-06,160.0,0.0008975999999999999
ONG/BTC,1610218905953,2021-01-09T19:01:45.953Z,buy,5.62e-06,345.0,0.0019389000000000001
ONG/BTC,1610218972583,2021-01-09T19:02:52.583Z,sell,5.61e-06,20.0,0.00011219999999999999
ONG/BTC,1610219081658,2021-01-09T19:04:41.658Z,buy,5.62e-06,13.0,7.306000000000001e-05
ONG/BTC,1610219235552,2021-01-09T19:07:15.552Z,sell,5.61e-06,100.0,0.000561
ONG/BTC,1610219285397,2021-01-09T19:08:05.397Z,sell,5.6e-06,130.0,0.0007279999999999999
ONG/BTC,1610219285397,2021-01-09T19:08:05.397Z,sell,5.59e-06,130.0,0.0007266999999999999
ONG/BTC,1610219376953,2021-01-09T19:09:36.953Z,buy,5.61e-06,162.0,0.00090882
ONG/BTC,1610219591485,2021-01-09T19:13:11.485Z,sell,5.61e-06,180.0,0.0010098
ONG/BTC,1610219649189,2021-01-09T19:14:09.189Z,sell,5.59e-06,120.0,0.0006707999999999999
ONG/BTC,1610219685771,2021-01-09T19:14:45.771Z,buy,5.6e-06,171.0,0.0009576
ONG/BTC,1610219746260,2021-01-09T19:15:46.260Z,sell,5.61e-06,24.0,0.00013464
ONG/BTC,1610219746266,2021-01-09T19:15:46.266Z,sell,5.61e-06,167.0,0.0009368699999999999
ONG/BTC,1610219746266,2021-01-09T19:15:46.266Z,sell,5.61e-06,59.0,0.00033099
ONG/BTC,1610219791127,2021-01-09T19:16:31.127Z,buy,5.61e-06,297.0,0.0016661699999999998
ONG/BTC,1610219791127,2021-01-09T19:16:31.127Z,buy,5.63e-06,61.0,0.00034343000000000004
ONG/BTC,1610219791865,2021-01-09T19:16:31.865Z,sell,5.62e-06,1000.0,0.00562
ONG/BTC,1610219859912,2021-01-09T19:17:39.912Z,buy,5.62e-06,987.0,0.00554694
ONG/BTC,1610219859920,2021-01-09T19:17:39.920Z,sell,5.62e-06,505.0,0.0028381
ONG/BTC,1610220126681,2021-01-09T19:22:06.681Z,sell,5.58e-06,18.0,0.00010044
ONG/BTC,1610220388583,2021-01-09T19:26:28.583Z,sell,5.59e-06,168.0,0.00093912
ONG/BTC,1610220579568,2021-01-09T19:29:39.568Z,buy,5.62e-06,13.0,7.306000000000001e-05
ONG/BTC,1610220946792,2021-01-09T19:35:46.792Z,buy,5.62e-06,173.0,0.0009722600000000001
ONG/BTC,1610220946804,2021-01-09T19:35:46.804Z,sell,5.62e-06,361.0,0.00202882
ONG/BTC,1610221274928,2021-01-09T19:41:14.928Z,sell,5.6e-06,131.0,0.0007335999999999999
ONG/BTC,1610221274929,2021-01-09T19:41:14.929Z,sell,5.6e-06,48.0,0.0002688
ONG/BTC,1610221274929,2021-01-09T19:41:14.929Z,sell,5.6e-06,685.0,0.003836
ONG/BTC,1610221274929,2021-01-09T19:41:14.929Z,sell,5.6e-06,136.0,0.0007616
ONG/BTC,1610221323596,2021-01-09T19:42:03.596Z,buy,5.59e-06,78.0,0.00043601999999999996
ONG/BTC,1610221323876,2021-01-09T19:42:03.876Z,buy,5.59e-06,18.0,0.00010062
ONG/BTC,1610221324930,2021-01-09T19:42:04.930Z,sell,5.58e-06,169.0,0.00094302
ONG/BTC,1610221324941,2021-01-09T19:42:04.941Z,buy,5.58e-06,118.0,0.00065844
ONG/BTC,1610221324954,2021-01-09T19:42:04.954Z,buy,5.58e-06,94.0,0.00052452
ONG/BTC,1610221324976,2021-01-09T19:42:04.976Z,buy,5.58e-06,94.0,0.00052452
ONG/BTC,1610221324995,2021-01-09T19:42:04.995Z,buy,5.58e-06,55.0,0.0003069
ONG/BTC,1610221386441,2021-01-09T19:43:06.441Z,sell,5.58e-06,18.0,0.00010044
ONG/BTC,1610221698239,2021-01-09T19:48:18.239Z,sell,5.61e-06,118.0,0.00066198
ONG/BTC,1610221698243,2021-01-09T19:48:18.243Z,sell,5.61e-06,1972.0,0.011062919999999999
ONG/BTC,1610221698250,2021-01-09T19:48:18.250Z,sell,5.61e-06,94.0,0.00052734
ONG/BTC,1610221698259,2021-01-09T19:48:18.259Z,sell,5.61e-06,94.0,0.00052734
ONG/BTC,1610221698274,2021-01-09T19:48:18.274Z,sell,5.61e-06,55.0,0.00030855
ONG/BTC,1610221701238,2021-01-09T19:48:21.238Z,buy,5.62e-06,169.0,0.0009497800000000001
ONG/BTC,1610221701248,2021-01-09T19:48:21.248Z,sell,5.62e-06,19.0,0.00010678
ONG/BTC,1610221701251,2021-01-09T19:48:21.251Z,sell,5.62e-06,84.0,0.00047208000000000005
ONG/BTC,1610221701251,2021-01-09T19:48:21.251Z,sell,5.62e-06,84.0,0.00047208000000000005
ONG/BTC,1610221701252,2021-01-09T19:48:21.252Z,sell,5.62e-06,84.0,0.00047208000000000005
ONG/BTC,1610221701255,2021-01-09T19:48:21.255Z,sell,5.62e-06,84.0,0.00047208000000000005
ONG/BTC,1610221701262,2021-01-09T19:48:21.262Z,sell,5.62e-06,260.0,0.0014612000000000002
ONG/BTC,1610221701262,2021-01-09T19:48:21.262Z,sell,5.62e-06,84.0,0.00047208000000000005
ONG/BTC,1610221701270,2021-01-09T19:48:21.270Z,sell,5.62e-06,84.0,0.00047208000000000005
ONG/BTC,1610221701291,2021-01-09T19:48:21.291Z,sell,5.62e-06,1359.0,0.007637580000000001
ONG/BTC,1610221701504,2021-01-09T19:48:21.504Z,sell,5.62e-06,56.0,0.00031472
ONG/BTC,1610221702138,2021-01-09T19:48:22.138Z,sell,5.62e-06,267.0,0.00150054
ONG/BTC,1610221702138,2021-01-09T19:48:22.138Z,sell,5.62e-06,33.0,0.00018546
ONG/BTC,1610221749175,2021-01-09T19:49:09.175Z,buy,5.62e-06,125.0,0.0007025
ONG/BTC,1610221880853,2021-01-09T19:51:20.853Z,buy,5.6e-06,280.0,0.001568
ONG/BTC,1610221902921,2021-01-09T19:51:42.921Z,sell,5.59e-06,198.0,0.00110682
ONG/BTC,1610221902963,2021-01-09T19:51:42.963Z,buy,5.59e-06,198.0,0.00110682
ONG/BTC,1610221982395,2021-01-09T19:53:02.395Z,sell,5.61e-06,117.0,0.00065637
ONG/BTC,1610221982408,2021-01-09T19:53:02.408Z,sell,5.61e-06,247.0,0.0013856699999999999
ONG/BTC,1610221983713,2021-01-09T19:53:03.713Z,buy,5.62e-06,574.0,0.0032258800000000004
ONG/BTC,1610221983727,2021-01-09T19:53:03.727Z,sell,5.62e-06,152.0,0.00085424
ONG/BTC,1610221983806,2021-01-09T19:53:03.806Z,sell,5.62e-06,369.0,0.0020737800000000003
ONG/BTC,1610221985691,2021-01-09T19:53:05.691Z,buy,5.63e-06,258.0,0.00145254
ONG/BTC,1610221985882,2021-01-09T19:53:05.882Z,sell,5.63e-06,1059.0,0.00596217
ONG/BTC,1610221987124,2021-01-09T19:53:07.124Z,buy,5.64e-06,167.0,0.0009418800000000001
ONG/BTC,1610221987802,2021-01-09T19:53:07.802Z,sell,5.64e-06,1923.0,0.01084572
ONG/BTC,1610221988306,2021-01-09T19:53:08.306Z,sell,5.64e-06,134.0,0.0007557600000000001
ONG/BTC,1610222026564,2021-01-09T19:53:46.564Z,sell,5.63e-06,178.0,0.00100214
ONG/BTC,1610222026564,2021-01-09T19:53:46.564Z,sell,5.63e-06,68.0,0.00038284
ONG/BTC,1610222026571,2021-01-09T19:53:46.571Z,sell,5.63e-06,156.0,0.0008782800000000001
ONG/BTC,1610222026572,2021-01-09T19:53:46.572Z,sell,5.63e-06,128.0,0.00072064
ONG/BTC,1610222037474,2021-01-09T19:53:57.474Z,buy,5.64e-06,25.0,0.000141
ONG/BTC,1610222075471,2021-01-09T19:54:35.471Z,sell,5.6e-06,31.0,0.0001736
ONG/BTC,1610222105232,2021-01-09T19:55:05.232Z,sell,5.61e-06,138.0,0.00077418
ONG/BTC,1610222105232,2021-01-09T19:55:05.232Z,sell,5.61e-06,138.0,0.00077418
ONG/BTC,1610222290725,2021-01-09T19:58:10.725Z,sell,5.62e-06,73.0,0.00041026
ONG/BTC,1610222299448,2021-01-09T19:58:19.448Z,sell,5.62e-06,18.0,0.00010116000000000001
ONG/BTC,1610222301133,2021-01-09T19:58:21.133Z,buy,5.63e-06,18.0,0.00010134
ONG/BTC,1610222791067,2021-01-09T20:06:31.067Z,sell,5.62e-06,26.0,0.00014612000000000002
ONG/BTC,1610222813265,2021-01-09T20:06:53.265Z,buy,5.63e-06,19.0,0.00010697
ONG/BTC,1610222901441,2021-01-09T20:08:21.441Z,buy,5.64e-06,27.0,0.00015228
ONG/BTC,1610222938303,2021-01-09T20:08:58.303Z,buy,5.67e-06,178.0,0.0010092599999999999
ONG/BTC,1610223078015,2021-01-09T20:11:18.015Z,buy,5.63e-06,94.0,0.0005292200000000001
ONG/BTC,1610223078050,2021-01-09T20:11:18.050Z,buy,5.63e-06,117.0,0.0006587100000000001
ONG/BTC,1610223078066,2021-01-09T20:11:18.066Z,buy,5.63e-06,33.0,0.00018579000000000002
ONG/BTC,1610223118663,2021-01-09T20:11:58.663Z,sell,5.62e-06,19.0,0.00010678
ONG/BTC,1610223161740,2021-01-09T20:12:41.740Z,sell,5.6e-06,236.0,0.0013216
ONG/BTC,1610223176717,2021-01-09T20:12:56.717Z,sell,5.6e-06,170.0,0.0009519999999999999
ONG/BTC,1610223176717,2021-01-09T20:12:56.717Z,sell,5.59e-06,527.0,0.00294593
ONG/BTC,1610223176717,2021-01-09T20:12:56.717Z,sell,5.58e-06,3333.0,0.01859814
ONG/BTC,1610223326373,2021-01-09T20:15:26.373Z,sell,5.6e-06,110.0,0.000616
ONG/BTC,1610223326373,2021-01-09T20:15:26.373Z,sell,5.58e-06,7.0,3.906e-05
ONG/BTC,1610223342587,2021-01-09T20:15:42.587Z,buy,5.61e-06,181.0,0.00101541
ONG/BTC,1610223342587,2021-01-09T20:15:42.587Z,buy,5.62e-06,24.0,0.00013488
ONG/BTC,1610223349032,2021-01-09T20:15:49.032Z,sell,5.58e-06,118.0,0.00065844
ONG/BTC,1610223349891,2021-01-09T20:15:49.891Z,sell,5.58e-06,236.0,0.00131688
ONG/BTC,1610223368686,2021-01-09T20:16:08.686Z,sell,5.58e-06,67.0,0.00037386
ONG/BTC,1610223370421,2021-01-09T20:16:10.421Z,sell,5.58e-06,713.0,0.00397854
ONG/BTC,1610223402145,2021-01-09T20:16:42.145Z,sell,5.58e-06,632.0,0.0035265599999999998
ONG/BTC,1610223402182,2021-01-09T20:16:42.182Z,sell,5.58e-06,632.0,0.0035265599999999998
ONG/BTC,1610223402190,2021-01-09T20:16:42.190Z,sell,5.58e-06,632.0,0.0035265599999999998
ONG/BTC,1610223416148,2021-01-09T20:16:56.148Z,sell,5.59e-06,179.0,0.0010006099999999999
ONG/BTC,1610223416164,2021-01-09T20:16:56.164Z,sell,5.59e-06,2.0,1.118e-05
ONG/BTC,1610223427748,2021-01-09T20:17:07.748Z,sell,5.58e-06,250.0,0.001395
ONG/BTC,1610223437189,2021-01-09T20:17:17.189Z,sell,5.58e-06,891.0,0.00497178
ONG/BTC,1610223460479,2021-01-09T20:17:40.479Z,buy,5.59e-06,118.0,0.00065962
ONG/BTC,1610223485683,2021-01-09T20:18:05.683Z,buy,5.59e-06,58.0,0.00032422
ONG/BTC,1610223618249,2021-01-09T20:20:18.249Z,buy,5.58e-06,500.0,0.00279
ONG/BTC,1610223655821,2021-01-09T20:20:55.821Z,sell,5.58e-06,4054.0,0.02262132
ONG/BTC,1610223702067,2021-01-09T20:21:42.067Z,sell,5.61e-06,110.0,0.0006171
ONG/BTC,1610223702067,2021-01-09T20:21:42.067Z,sell,5.58e-06,19.0,0.00010602
ONG/BTC,1610223703471,2021-01-09T20:21:43.471Z,buy,5.62e-06,117.0,0.0006575400000000001
ONG/BTC,1610223703480,2021-01-09T20:21:43.480Z,buy,5.62e-06,64.0,0.00035968
ONG/BTC,1610223703499,2021-01-09T20:21:43.499Z,buy,5.63e-06,117.0,0.0006587100000000001
ONG/BTC,1610223703512,2021-01-09T20:21:43.512Z,buy,5.63e-06,82.0,0.00046166
ONG/BTC,1610223704123,2021-01-09T20:21:44.123Z,sell,5.62e-06,178.0,0.00100036
ONG/BTC,1610223704152,2021-01-09T20:21:44.152Z,sell,5.62e-06,3.0,1.686e-05
ONG/BTC,1610223704158,2021-01-09T20:21:44.158Z,buy,5.62e-06,175.0,0.0009835
ONG/BTC,1610223704210,2021-01-09T20:21:44.210Z,buy,5.62e-06,117.0,0.0006575400000000001
ONG/BTC,1610223704217,2021-01-09T20:21:44.217Z,buy,5.62e-06,61.0,0.00034282000000000003
ONG/BTC,1610223733213,2021-01-09T20:22:13.213Z,buy,5.61e-06,300.0,0.0016829999999999998
ONG/BTC,1610223737477,2021-01-09T20:22:17.477Z,buy,5.61e-06,110.0,0.0006171
ONG/BTC,1610223830941,2021-01-09T20:23:50.941Z,sell,5.6e-06,151.0,0.0008456
ONG/BTC,1610223844189,2021-01-09T20:24:04.189Z,sell,5.6e-06,48.0,0.0002688
ONG/BTC,1610223913505,2021-01-09T20:25:13.505Z,sell,5.6e-06,190.0,0.001064
ONG/BTC,1610223913505,2021-01-09T20:25:13.505Z,sell,5.59e-06,9.0,5.031e-05
ONG/BTC,1610223968006,2021-01-09T20:26:08.006Z,buy,5.61e-06,190.0,0.0010658999999999998
ONG/BTC,1610223968006,2021-01-09T20:26:08.006Z,buy,5.62e-06,10.0,5.6200000000000004e-05
ONG/BTC,1610224047789,2021-01-09T20:27:27.789Z,buy,5.62e-06,18.0,0.00010116000000000001
ONG/BTC,1610224049194,2021-01-09T20:27:29.194Z,sell,5.61e-06,18.0,0.00010098
ONG/BTC,1610224131556,2021-01-09T20:28:51.556Z,sell,5.6e-06,18.0,0.0001008
ONG/BTC,1610224131556,2021-01-09T20:28:51.556Z,sell,5.59e-06,64.0,0.00035776
ONG/BTC,1610224134373,2021-01-09T20:28:54.373Z,buy,5.6e-06,154.0,0.0008623999999999999
ONG/BTC,1610224178419,2021-01-09T20:29:38.419Z,buy,5.61e-06,94.0,0.00052734
ONG/BTC,1610224178491,2021-01-09T20:29:38.491Z,buy,5.61e-06,106.0,0.00059466
ONG/BTC,1610224178693,2021-01-09T20:29:38.693Z,sell,5.6e-06,106.0,0.0005936
ONG/BTC,1610224222808,2021-01-09T20:30:22.808Z,sell,5.61e-06,188.0,0.00105468
ONG/BTC,1610224225773,2021-01-09T20:30:25.773Z,sell,5.6e-06,50.0,0.00028
ONG/BTC,1610224388115,2021-01-09T20:33:08.115Z,buy,5.63e-06,241.0,0.00135683
ONG/BTC,1610224533381,2021-01-09T20:35:33.381Z,sell,5.64e-06,117.0,0.0006598800000000001
ONG/BTC,1610224533395,2021-01-09T20:35:33.395Z,sell,5.64e-06,99.0,0.00055836
ONG/BTC,1610224533410,2021-01-09T20:35:33.410Z,sell,5.64e-06,94.0,0.00053016
ONG/BTC,1610224533426,2021-01-09T20:35:33.426Z,sell,5.64e-06,94.0,0.00053016
ONG/BTC,1610224533442,2021-01-09T20:35:33.442Z,sell,5.64e-06,64.0,0.00036096
ONG/BTC,1610224533451,2021-01-09T20:35:33.451Z,sell,5.64e-06,58.0,0.00032712
ONG/BTC,1610224578966,2021-01-09T20:36:18.966Z,sell,5.64e-06,1927.0,0.010868280000000001
ONG/BTC,1610224579050,2021-01-09T20:36:19.050Z,sell,5.62e-06,697.0,0.00391714
ONG/BTC,1610224579178,2021-01-09T20:36:19.178Z,sell,5.62e-06,760.0,0.0042712
ONG/BTC,1610224579190,2021-01-09T20:36:19.190Z,buy,5.62e-06,94.0,0.00052828
ONG/BTC,1610224579869,2021-01-09T20:36:19.869Z,buy,5.62e-06,35.0,0.0001967
ONG/BTC,1610224682832,2021-01-09T20:38:02.832Z,sell,5.62e-06,110.0,0.0006182000000000001
ONG/BTC,1610224991555,2021-01-09T20:43:11.555Z,sell,5.62e-06,35.0,0.0001967
ONG/BTC,1610224994541,2021-01-09T20:43:14.541Z,sell,5.61e-06,565.0,0.00316965
ONG/BTC,1610225030120,2021-01-09T20:43:50.120Z,buy,5.64e-06,18.0,0.00010152
ONG/BTC,1610225162337,2021-01-09T20:46:02.337Z,buy,5.64e-06,95.0,0.0005358
ONG/BTC,1610225173716,2021-01-09T20:46:13.716Z,buy,5.64e-06,148.0,0.0008347200000000001
ONG/BTC,1610225261480,2021-01-09T20:47:41.480Z,buy,5.64e-06,18.0,0.00010152
ONG/BTC,1610225269213,2021-01-09T20:47:49.213Z,sell,5.64e-06,266.0,0.0015002400000000001
ONG/BTC,1610225420522,2021-01-09T20:50:20.522Z,sell,5.65e-06,18.0,0.0001017
ONG/BTC,1610225421092,2021-01-09T20:50:21.092Z,sell,5.66e-06,511.0,0.00289226
ONG/BTC,1610225421095,2021-01-09T20:50:21.095Z,sell,5.66e-06,94.0,0.00053204
ONG/BTC,1610225421113,2021-01-09T20:50:21.113Z,sell,5.66e-06,35.0,0.0001981
ONG/BTC,1610225421195,2021-01-09T20:50:21.195Z,sell,5.66e-06,175.0,0.0009905
ONG/BTC,1610225421718,2021-01-09T20:50:21.718Z,buy,5.67e-06,64.0,0.00036288
ONG/BTC,1610225421733,2021-01-09T20:50:21.733Z,sell,5.67e-06,280.0,0.0015876
ONG/BTC,1610225421835,2021-01-09T20:50:21.835Z,sell,5.66e-06,362.0,0.00204892
ONG/BTC,1610225468246,2021-01-09T20:51:08.246Z,sell,5.66e-06,63.0,0.00035658
ONG/BTC,1610225520531,2021-01-09T20:52:00.531Z,sell,5.65e-06,757.0,0.00427705
ONG/BTC,1610225521273,2021-01-09T20:52:01.273Z,sell,5.65e-06,101.0,0.00057065
ONG/BTC,1610225625958,2021-01-09T20:53:45.958Z,sell,5.63e-06,4250.0,0.0239275
ONG/BTC,1610225635126,2021-01-09T20:53:55.126Z,sell,5.63e-06,1096.0,0.006170480000000001
ONG/BTC,1610225635126,2021-01-09T20:53:55.126Z,sell,5.62e-06,18.0,0.00010116000000000001
ONG/BTC,1610225643812,2021-01-09T20:54:03.812Z,sell,5.61e-06,18.0,0.00010098
ONG/BTC,1610225643812,2021-01-09T20:54:03.812Z,sell,5.59e-06,200.0,0.001118
ONG/BTC,1610225643818,2021-01-09T20:54:03.818Z,buy,5.59e-06,6938.0,0.03878342
ONG/BTC,1610225643818,2021-01-09T20:54:03.818Z,buy,5.59e-06,6938.0,0.03878342
ONG/BTC,1610225757835,2021-01-09T20:55:57.835Z,sell,5.62e-06,18.0,0.00010116000000000001
ONG/BTC,1610225832885,2021-01-09T20:57:12.885Z,buy,5.63e-06,200.0,0.001126
ONG/BTC,1610225836438,2021-01-09T20:57:16.438Z,sell,5.63e-06,94.0,0.0005292200000000001
ONG/BTC,1610225952504,2021-01-09T20:59:12.504Z,sell,5.61e-06,23.0,0.00012903
ONG/BTC,1610225985072,2021-01-09T20:59:45.072Z,buy,5.64e-06,71.0,0.00040044
ONG/BTC,1610225985072,2021-01-09T20:59:45.072Z,buy,5.66e-06,242.0,0.00136972
ONG/BTC,1610225985072,2021-01-09T20:59:45.072Z,buy,5.67e-06,138.0,0.00078246
ONG/BTC,1610225985398,2021-01-09T20:59:45.398Z,sell,5.62e-06,138.0,0.00077556
ONG/BTC,1610226021136,2021-01-09T21:00:21.136Z,buy,5.65e-06,798.0,0.0045087
ONG/BTC,1610226031153,2021-01-09T21:00:31.153Z,sell,5.63e-06,94.0,0.0005292200000000001
ONG/BTC,1610226031173,2021-01-09T21:00:31.173Z,sell,5.63e-06,67.0,0.00037721
ONG/BTC,1610226050443,2021-01-09T21:00:50.443Z,sell,5.65e-06,367.0,0.00207355
ONG/BTC,1610226051132,2021-01-09T21:00:51.132Z,sell,5.64e-06,443.0,0.00249852
ONG/BTC,1610226052107,2021-01-09T21:00:52.107Z,sell,5.64e-06,359.0,0.00202476
ONG/BTC,1610226053137,2021-01-09T21:00:53.137Z,sell,5.64e-06,443.0,0.00249852
ONG/BTC,1610226053175,2021-01-09T21:00:53.175Z,sell,5.64e-06,443.0,0.00249852
ONG/BTC,1610226054268,2021-01-09T21:00:54.268Z,sell,5.64e-06,104.0,0.0005865600000000001
ONG/BTC,1610226058040,2021-01-09T21:00:58.040Z,sell,5.64e-06,254.0,0.00143256
ONG/BTC,1610226062203,2021-01-09T21:01:02.203Z,sell,5.64e-06,887.0,0.00500268
ONG/BTC,1610226067200,2021-01-09T21:01:07.200Z,sell,5.64e-06,881.0,0.00496884
ONG/BTC,1610226069125,2021-01-09T21:01:09.125Z,sell,5.64e-06,887.0,0.00500268
ONG/BTC,1610226073138,2021-01-09T21:01:13.138Z,sell,5.64e-06,881.0,0.00496884
ONG/BTC,1610226073143,2021-01-09T21:01:13.143Z,sell,5.64e-06,881.0,0.00496884
ONG/BTC,1610226073169,2021-01-09T21:01:13.169Z,sell,5.64e-06,1621.0,0.00914244
ONG/BTC,1610226093206,2021-01-09T21:01:33.206Z,sell,5.63e-06,197.0,0.00110911
ONG/BTC,1610226093206,2021-01-09T21:01:33.206Z,sell,5.62e-06,269.0,0.0015117800000000001
ONG/BTC,1610226145631,2021-01-09T21:02:25.631Z,buy,5.64e-06,438.0,0.0024703200000000002
ONG/BTC,1610226145650,2021-01-09T21:02:25.650Z,buy,5.65e-06,348.0,0.0019662
ONG/BTC,1610226145743,2021-01-09T21:02:25.743Z,buy,5.66e-06,60.0,0.0003396
ONG/BTC,1610226147172,2021-01-09T21:02:27.172Z,sell,5.65e-06,265.0,0.00149725
ONG/BTC,1610226147308,2021-01-09T21:02:27.308Z,buy,5.66e-06,75.0,0.0004245
ONG/BTC,1610226158788,2021-01-09T21:02:38.788Z,sell,5.63e-06,28.0,0.00015764000000000002
ONG/BTC,1610226158790,2021-01-09T21:02:38.790Z,sell,5.62e-06,529.0,0.00297298
ONG/BTC,1610226161326,2021-01-09T21:02:41.326Z,sell,5.62e-06,28.0,0.00015736
ONG/BTC,1610226213798,2021-01-09T21:03:33.798Z,sell,5.62e-06,107.0,0.00060134
ONG/BTC,1610226329152,2021-01-09T21:05:29.152Z,sell,5.61e-06,221.0,0.0012398099999999998
ONG/BTC,1610226331246,2021-01-09T21:05:31.246Z,sell,5.6e-06,214.0,0.0011983999999999999
ONG/BTC,1610226331254,2021-01-09T21:05:31.254Z,buy,5.6e-06,118.0,0.0006608
ONG/BTC,1610226331265,2021-01-09T21:05:31.265Z,buy,5.6e-06,118.0,0.0006608
ONG/BTC,1610226331281,2021-01-09T21:05:31.281Z,buy,5.6e-06,93.0,0.0005208
ONG/BTC,1610226331293,2021-01-09T21:05:31.293Z,buy,5.6e-06,94.0,0.0005264
ONG/BTC,1610226331307,2021-01-09T21:05:31.307Z,buy,5.6e-06,94.0,0.0005264
ONG/BTC,1610226331321,2021-01-09T21:05:31.321Z,buy,5.6e-06,94.0,0.0005264
ONG/BTC,1610226331445,2021-01-09T21:05:31.445Z,buy,5.6e-06,256.0,0.0014336
ONG/BTC,1610226333121,2021-01-09T21:05:33.121Z,buy,5.6e-06,150.0,0.0008399999999999999
ONG/BTC,1610226849016,2021-01-09T21:14:09.016Z,buy,5.63e-06,203.0,0.0011428900000000001
ONG/BTC,1610226849038,2021-01-09T21:14:09.038Z,sell,5.63e-06,93.0,0.00052359
ONG/BTC,1610227131892,2021-01-09T21:18:51.892Z,sell,5.62e-06,97.0,0.0005451400000000001
ONG/BTC,1610227131906,2021-01-09T21:18:51.906Z,sell,5.62e-06,8.0,4.496e-05
ONG/BTC,1610227131906,2021-01-09T21:18:51.906Z,sell,5.61e-06,97.0,0.00054417
ONG/BTC,1610227133202,2021-01-09T21:18:53.202Z,sell,5.61e-06,376.0,0.00210936
ONG/BTC,1610227235062,2021-01-09T21:20:35.062Z,sell,5.59e-06,23.0,0.00012857
ONG/BTC,1610227242820,2021-01-09T21:20:42.820Z,sell,5.59e-06,222.0,0.00124098
ONG/BTC,1610227242827,2021-01-09T21:20:42.827Z,buy,5.59e-06,261.0,0.0014589899999999999
ONG/BTC,1610227432551,2021-01-09T21:23:52.551Z,sell,5.59e-06,18.0,0.00010062
ONG/BTC,1610227432551,2021-01-09T21:23:52.551Z,sell,5.58e-06,87.0,0.00048546
ONG/BTC,1610227499738,2021-01-09T21:24:59.738Z,sell,5.58e-06,94.0,0.00052452
ONG/BTC,1610227535629,2021-01-09T21:25:35.629Z,buy,5.59e-06,1000.0,0.0055899999999999995
ONG/BTC,1610227682921,2021-01-09T21:28:02.921Z,buy,5.59e-06,118.0,0.00065962
ONG/BTC,1610227682922,2021-01-09T21:28:02.922Z,buy,5.59e-06,701.0,0.00391859
ONG/BTC,1610227687281,2021-01-09T21:28:07.281Z,buy,5.59e-06,5000.0,0.02795
ONG/BTC,1610227690258,2021-01-09T21:28:10.258Z,buy,5.59e-06,1581.0,0.00883779
ONG/BTC,1610227837922,2021-01-09T21:30:37.922Z,buy,5.62e-06,223.0,0.0012532600000000002
ONG/BTC,1610227854311,2021-01-09T21:30:54.311Z,sell,5.6e-06,110.0,0.000616
ONG/BTC,1610227987658,2021-01-09T21:33:07.658Z,buy,5.63e-06,110.0,0.0006193
ONG/BTC,1610228259219,2021-01-09T21:37:39.219Z,sell,5.61e-06,221.0,0.0012398099999999998
ONG/BTC,1610228259226,2021-01-09T21:37:39.226Z,buy,5.61e-06,5306.0,0.029766659999999997
ONG/BTC,1610228259228,2021-01-09T21:37:39.228Z,buy,5.61e-06,2005.0,0.011248049999999999
ONG/BTC,1610228360817,2021-01-09T21:39:20.817Z,buy,5.63e-06,221.0,0.00124423
ONG/BTC,1610228360825,2021-01-09T21:39:20.825Z,sell,5.63e-06,741.0,0.0041718300000000005
ONG/BTC,1610228465907,2021-01-09T21:41:05.907Z,buy,5.63e-06,18.0,0.00010134
ONG/BTC,1610228465907,2021-01-09T21:41:05.907Z,buy,5.64e-06,225.0,0.001269
ONG/BTC,1610228838301,2021-01-09T21:47:18.301Z,buy,5.64e-06,503.0,0.00283692
ONG/BTC,1610228865255,2021-01-09T21:47:45.255Z,sell,5.63e-06,189.0,0.00106407
ONG/BTC,1610228946098,2021-01-09T21:49:06.098Z,sell,5.63e-06,33.0,0.00018579000000000002
ONG/BTC,1610228946098,2021-01-09T21:49:06.098Z,sell,5.62e-06,244.0,0.0013712800000000001
ONG/BTC,1610228946098,2021-01-09T21:49:06.098Z,sell,5.61e-06,710.0,0.0039831
ONG/BTC,1610228946105,2021-01-09T21:49:06.105Z,buy,5.65e-06,5.0,2.8250000000000002e-05
ONG/BTC,1610228963837,2021-01-09T21:49:23.837Z,buy,5.64e-06,222.0,0.00125208
ONG/BTC,1610228981240,2021-01-09T21:49:41.240Z,buy,5.64e-06,198.0,0.00111672
ONG/BTC,1610229033709,2021-01-09T21:50:33.709Z,buy,5.64e-06,1664.0,0.009384960000000001
ONG/BTC,1610229107010,2021-01-09T21:51:47.010Z,buy,5.65e-06,524.0,0.0029606
ONG/BTC,1610229114589,2021-01-09T21:51:54.589Z,buy,5.65e-06,4799.0,0.02711435
ONG/BTC,1610229114589,2021-01-09T21:51:54.589Z,buy,5.65e-06,4799.0,0.02711435
ONG/BTC,1610229391736,2021-01-09T21:56:31.736Z,buy,5.66e-06,194.0,0.00109804
ONG/BTC,1610229391938,2021-01-09T21:56:31.938Z,sell,5.66e-06,6219.0,0.03519954
ONG/BTC,1610229397686,2021-01-09T21:56:37.686Z,buy,5.66e-06,664.0,0.00375824
ONG/BTC,1610229397692,2021-01-09T21:56:37.692Z,sell,5.66e-06,520.0,0.0029432
ONG/BTC,1610229397692,2021-01-09T21:56:37.692Z,sell,5.66e-06,5229.0,0.02959614
ONG/BTC,1610229456280,2021-01-09T21:57:36.280Z,sell,5.63e-06,194.0,0.00109222
ONG/BTC,1610229467678,2021-01-09T21:57:47.678Z,sell,5.62e-06,225.0,0.0012645
ONG/BTC,1610229508615,2021-01-09T21:58:28.615Z,sell,5.63e-06,220.0,0.0012386
ONG/BTC,1610229721474,2021-01-09T22:02:01.474Z,sell,5.62e-06,18.0,0.00010116000000000001
ONG/BTC,1610229721474,2021-01-09T22:02:01.474Z,sell,5.6e-06,7192.0,0.0402752
ONG/BTC,1610229721479,2021-01-09T22:02:01.479Z,buy,5.6e-06,4533.0,0.0253848
ONG/BTC,1610229721482,2021-01-09T22:02:01.482Z,buy,5.6e-06,1070.0,0.005992
ONG/BTC,1610229728254,2021-01-09T22:02:08.254Z,buy,5.62e-06,270.0,0.0015174000000000001
ONG/BTC,1610229756235,2021-01-09T22:02:36.235Z,buy,5.62e-06,117.0,0.0006575400000000001
ONG/BTC,1610229756235,2021-01-09T22:02:36.235Z,buy,5.62e-06,4146.0,0.02330052
ONG/BTC,1610229870437,2021-01-09T22:04:30.437Z,buy,5.63e-06,24.0,0.00013512000000000002
ONG/BTC,1610229870545,2021-01-09T22:04:30.545Z,buy,5.63e-06,122.0,0.0006868600000000001
ONG/BTC,1610229975875,2021-01-09T22:06:15.875Z,buy,5.64e-06,198.0,0.00111672
ONG/BTC,1610229989319,2021-01-09T22:06:29.319Z,buy,5.66e-06,74.0,0.00041884
ONG/BTC,1610229989319,2021-01-09T22:06:29.319Z,buy,5.67e-06,241.0,0.00136647
ONG/BTC,1610229989327,2021-01-09T22:06:29.327Z,sell,5.67e-06,117.0,0.00066339
ONG/BTC,1610229989329,2021-01-09T22:06:29.329Z,sell,5.67e-06,285.0,0.00161595
ONG/BTC,1610229989330,2021-01-09T22:06:29.330Z,sell,5.67e-06,270.0,0.0015309
ONG/BTC,1610229989332,2021-01-09T22:06:29.332Z,sell,5.67e-06,1230.0,0.0069741
ONG/BTC,1610229989349,2021-01-09T22:06:29.349Z,sell,5.67e-06,228.0,0.00129276
ONG/BTC,1610229989366,2021-01-09T22:06:29.366Z,sell,5.67e-06,1739.0,0.00986013
ONG/BTC,1610229989467,2021-01-09T22:06:29.467Z,sell,5.67e-06,437.0,0.00247779
ONG/BTC,1610229989483,2021-01-09T22:06:29.483Z,sell,5.67e-06,116.0,0.00065772
ONG/BTC,1610229989486,2021-01-09T22:06:29.486Z,sell,5.67e-06,243.0,0.00137781
ONG/BTC,1610229989496,2021-01-09T22:06:29.496Z,sell,5.67e-06,116.0,0.00065772
ONG/BTC,1610229989509,2021-01-09T22:06:29.509Z,sell,5.67e-06,93.0,0.00052731
ONG/BTC,1610229989518,2021-01-09T22:06:29.518Z,sell,5.67e-06,93.0,0.00052731
ONG/BTC,1610229989564,2021-01-09T22:06:29.564Z,sell,5.67e-06,286.0,0.00162162
ONG/BTC,1610229989975,2021-01-09T22:06:29.975Z,sell,5.67e-06,284.0,0.00161028
ONG/BTC,1610229990160,2021-01-09T22:06:30.160Z,sell,5.67e-06,378.0,0.00214326
ONG/BTC,1610229991116,2021-01-09T22:06:31.116Z,sell,5.65e-06,217.0,0.00122605
ONG/BTC,1610230002905,2021-01-09T22:06:42.905Z,buy,5.66e-06,217.0,0.00122822
ONG/BTC,1610230002905,2021-01-09T22:06:42.905Z,buy,5.67e-06,860.0,0.0048762
ONG/BTC,1610230002917,2021-01-09T22:06:42.917Z,sell,5.67e-06,419.0,0.00237573
ONG/BTC,1610230003138,2021-01-09T22:06:43.138Z,sell,5.67e-06,883.0,0.00500661
ONG/BTC,1610230003145,2021-01-09T22:06:43.145Z,sell,5.67e-06,879.0,0.00498393
ONG/BTC,1610230003246,2021-01-09T22:06:43.246Z,sell,5.67e-06,281.0,0.00159327
ONG/BTC,1610230003463,2021-01-09T22:06:43.463Z,sell,5.67e-06,2494.0,0.01414098
ONG/BTC,1610230121485,2021-01-09T22:08:41.485Z,buy,5.67e-06,18.0,0.00010206
ONG/BTC,1610230121485,2021-01-09T22:08:41.485Z,buy,5.68e-06,705.0,0.0040044
ONG/BTC,1610230121496,2021-01-09T22:08:41.496Z,sell,5.68e-06,93.0,0.00052824
ONG/BTC,1610230121502,2021-01-09T22:08:41.502Z,sell,5.68e-06,284.0,0.00161312
ONG/BTC,1610230121682,2021-01-09T22:08:41.682Z,sell,5.68e-06,626.0,0.00355568
ONG/BTC,1610230122186,2021-01-09T22:08:42.186Z,sell,5.68e-06,882.0,0.00500976
ONG/BTC,1610230122196,2021-01-09T22:08:42.196Z,sell,5.68e-06,882.0,0.00500976
ONG/BTC,1610230124157,2021-01-09T22:08:44.157Z,sell,5.68e-06,881.0,0.00500408
ONG/BTC,1610230126158,2021-01-09T22:08:46.158Z,sell,5.68e-06,2498.0,0.014188639999999999
ONG/BTC,1610230145620,2021-01-09T22:09:05.620Z,buy,5.69e-06,22.0,0.00012518
ONG/BTC,1610230155866,2021-01-09T22:09:15.866Z,sell,5.69e-06,194.0,0.00110386
ONG/BTC,1610230216620,2021-01-09T22:10:16.620Z,sell,5.69e-06,133.0,0.0007567699999999999
ONG/BTC,1610230257014,2021-01-09T22:10:57.014Z,sell,5.68e-06,32096.0,0.18230528
ONG/BTC,1610230300130,2021-01-09T22:11:40.130Z,sell,5.68e-06,533.0,0.0030274399999999997
ONG/BTC,1610230361839,2021-01-09T22:12:41.839Z,sell,5.69e-06,398.0,0.0022646199999999997
ONG/BTC,1610230361864,2021-01-09T22:12:41.864Z,sell,5.69e-06,123.0,0.00069987
ONG/BTC,1610230382903,2021-01-09T22:13:02.903Z,sell,5.68e-06,501.0,0.0028456799999999997
ONG/BTC,1610230382922,2021-01-09T22:13:02.922Z,sell,5.68e-06,500.0,0.00284
ONG/BTC,1610230383057,2021-01-09T22:13:03.057Z,sell,5.68e-06,282.0,0.00160176
ONG/BTC,1610230585103,2021-01-09T22:16:25.103Z,sell,5.69e-06,192.0,0.0010924799999999998
ONG/BTC,1610230637818,2021-01-09T22:17:17.818Z,sell,5.68e-06,58.0,0.00032943999999999996
ONG/BTC,1610230653352,2021-01-09T22:17:33.352Z,sell,5.68e-06,7332.0,0.04164576
ONG/BTC,1610230657863,2021-01-09T22:17:37.863Z,buy,5.67e-06,192.0,0.00108864
ONG/BTC,1610230664237,2021-01-09T22:17:44.237Z,sell,5.65e-06,194.0,0.0010961
ONG/BTC,1610230664237,2021-01-09T22:17:44.237Z,sell,5.64e-06,4923.0,0.02776572
ONG/BTC,1610230779932,2021-01-09T22:19:39.932Z,buy,5.69e-06,5.0,2.845e-05
ONG/BTC,1610230860148,2021-01-09T22:21:00.148Z,buy,5.67e-06,352.0,0.00199584
ONG/BTC,1610230860191,2021-01-09T22:21:00.191Z,buy,5.67e-06,38.0,0.00021546
ONG/BTC,1610230966644,2021-01-09T22:22:46.644Z,sell,5.67e-06,113.0,0.00064071
ONG/BTC,1610231349137,2021-01-09T22:29:09.137Z,buy,5.7e-06,167.0,0.0009519
ONG/BTC,1610231374751,2021-01-09T22:29:34.751Z,sell,5.68e-06,135.0,0.0007668
ONG/BTC,1610231374751,2021-01-09T22:29:34.751Z,sell,5.67e-06,194.0,0.00109998
ONG/BTC,1610231378119,2021-01-09T22:29:38.119Z,buy,5.7e-06,520.0,0.0029639999999999996
ONG/BTC,1610231382125,2021-01-09T22:29:42.125Z,buy,5.7e-06,175.0,0.0009975
ONG/BTC,1610231444195,2021-01-09T22:30:44.195Z,buy,5.71e-06,18.0,0.00010278
ONG/BTC,1610231622230,2021-01-09T22:33:42.230Z,sell,5.7e-06,18.0,0.0001026
ONG/BTC,1610231622230,2021-01-09T22:33:42.230Z,sell,5.69e-06,112.0,0.0006372799999999999
ONG/BTC,1610231688936,2021-01-09T22:34:48.936Z,buy,5.71e-06,249.0,0.00142179
ONG/BTC,1610231691856,2021-01-09T22:34:51.856Z,sell,5.7e-06,443.0,0.0025250999999999997
ONG/BTC,1610231692333,2021-01-09T22:34:52.333Z,sell,5.7e-06,139.0,0.0007922999999999999
ONG/BTC,1610231692666,2021-01-09T22:34:52.666Z,sell,5.7e-06,132.0,0.0007524
ONG/BTC,1610231692969,2021-01-09T22:34:52.969Z,sell,5.7e-06,125.0,0.0007124999999999999
ONG/BTC,1610231693370,2021-01-09T22:34:53.370Z,sell,5.7e-06,119.0,0.0006783
ONG/BTC,1610231693718,2021-01-09T22:34:53.718Z,sell,5.7e-06,113.0,0.0006441
ONG/BTC,1610231694015,2021-01-09T22:34:54.015Z,sell,5.7e-06,107.0,0.0006098999999999999
ONG/BTC,1610231694499,2021-01-09T22:34:54.499Z,sell,5.7e-06,102.0,0.0005813999999999999
ONG/BTC,1610231695059,2021-01-09T22:34:55.059Z,sell,5.7e-06,97.0,0.0005528999999999999
ONG/BTC,1610231695387,2021-01-09T22:34:55.387Z,sell,5.7e-06,92.0,0.0005244
ONG/BTC,1610231695830,2021-01-09T22:34:55.830Z,sell,5.7e-06,87.0,0.0004959
ONG/BTC,1610231696124,2021-01-09T22:34:56.124Z,sell,5.7e-06,83.0,0.00047309999999999995
ONG/BTC,1610231696432,2021-01-09T22:34:56.432Z,sell,5.7e-06,79.0,0.0004503
ONG/BTC,1610231696916,2021-01-09T22:34:56.916Z,sell,5.7e-06,75.0,0.0004275
ONG/BTC,1610231697370,2021-01-09T22:34:57.370Z,sell,5.7e-06,71.0,0.00040469999999999997
ONG/BTC,1610231697675,2021-01-09T22:34:57.675Z,sell,5.7e-06,68.0,0.0003876
ONG/BTC,1610231698087,2021-01-09T22:34:58.087Z,sell,5.7e-06,64.0,0.0003648
ONG/BTC,1610231698420,2021-01-09T22:34:58.420Z,sell,5.7e-06,61.0,0.0003477
ONG/BTC,1610231698747,2021-01-09T22:34:58.747Z,sell,5.7e-06,58.0,0.00033059999999999996
ONG/BTC,1610231699135,2021-01-09T22:34:59.135Z,sell,5.7e-06,55.0,0.0003135
ONG/BTC,1610231699444,2021-01-09T22:34:59.444Z,sell,5.7e-06,52.0,0.0002964
ONG/BTC,1610231699752,2021-01-09T22:34:59.752Z,sell,5.7e-06,50.0,0.000285
ONG/BTC,1610231740541,2021-01-09T22:35:40.541Z,sell,5.71e-06,21.0,0.00011991000000000001
ONG/BTC,1610231740547,2021-01-09T22:35:40.547Z,buy,5.71e-06,193.0,0.0011020300000000002
ONG/BTC,1610231765002,2021-01-09T22:36:05.002Z,buy,5.71e-06,569.0,0.00324899
ONG/BTC,1610231765158,2021-01-09T22:36:05.158Z,buy,5.71e-06,115.0,0.00065665
ONG/BTC,1610231765167,2021-01-09T22:36:05.167Z,buy,5.71e-06,115.0,0.00065665
ONG/BTC,1610231765176,2021-01-09T22:36:05.176Z,buy,5.71e-06,92.0,0.00052532
ONG/BTC,1610231765185,2021-01-09T22:36:05.185Z,buy,5.71e-06,92.0,0.00052532
ONG/BTC,1610231765199,2021-01-09T22:36:05.199Z,buy,5.71e-06,92.0,0.00052532
ONG/BTC,1610231765215,2021-01-09T22:36:05.215Z,buy,5.71e-06,23.0,0.00013133
ONG/BTC,1610231783813,2021-01-09T22:36:23.813Z,buy,5.72e-06,35.0,0.00020020000000000001
ONG/BTC,1610231806623,2021-01-09T22:36:46.623Z,sell,5.72e-06,231.0,0.00132132
ONG/BTC,1610231827847,2021-01-09T22:37:07.847Z,sell,5.72e-06,93.0,0.00053196
ONG/BTC,1610231832783,2021-01-09T22:37:12.783Z,buy,5.73e-06,166.0,0.00095118
ONG/BTC,1610231861728,2021-01-09T22:37:41.728Z,buy,5.73e-06,7.0,4.011e-05
ONG/BTC,1610231861735,2021-01-09T22:37:41.735Z,sell,5.73e-06,11.0,6.303e-05
ONG/BTC,1610231995377,2021-01-09T22:39:55.377Z,buy,5.74e-06,523.0,0.00300202
ONG/BTC,1610232002150,2021-01-09T22:40:02.150Z,sell,5.73e-06,609.0,0.00348957
ONG/BTC,1610232002163,2021-01-09T22:40:02.163Z,sell,5.73e-06,421.0,0.0024123300000000003
ONG/BTC,1610232002171,2021-01-09T22:40:02.171Z,buy,5.73e-06,188.0,0.0010772400000000001
ONG/BTC,1610232108600,2021-01-09T22:41:48.600Z,sell,5.72e-06,35.0,0.00020020000000000001
ONG/BTC,1610232202100,2021-01-09T22:43:22.100Z,buy,5.74e-06,35.0,0.0002009
ONG/BTC,1610232202100,2021-01-09T22:43:22.100Z,buy,5.75e-06,364.0,0.002093
ONG/BTC,1610232259759,2021-01-09T22:44:19.759Z,buy,5.74e-06,18.0,0.00010332000000000001
ONG/BTC,1610232422657,2021-01-09T22:47:02.657Z,sell,5.73e-06,18.0,0.00010314
ONG/BTC,1610232422657,2021-01-09T22:47:02.657Z,sell,5.72e-06,18.0,0.00010296
ONG/BTC,1610232512102,2021-01-09T22:48:32.102Z,sell,5.72e-06,18.0,0.00010296
ONG/BTC,1610232512898,2021-01-09T22:48:32.898Z,sell,5.71e-06,92.0,0.00052532
ONG/BTC,1610232625775,2021-01-09T22:50:25.775Z,buy,5.72e-06,1000.0,0.00572
ONG/BTC,1610232625775,2021-01-09T22:50:25.775Z,buy,5.72e-06,1000.0,0.00572
ONG/BTC,1610232735664,2021-01-09T22:52:15.664Z,sell,5.71e-06,281.0,0.0016045100000000002
ONG/BTC,1610232735699,2021-01-09T22:52:15.699Z,sell,5.71e-06,281.0,0.0016045100000000002
ONG/BTC,1610232735733,2021-01-09T22:52:15.733Z,sell,5.71e-06,281.0,0.0016045100000000002
ONG/BTC,1610232735761,2021-01-09T22:52:15.761Z,sell,5.71e-06,280.0,0.0015988
ONG/BTC,1610232735789,2021-01-09T22:52:15.789Z,sell,5.71e-06,280.0,0.0015988
ONG/BTC,1610232735818,2021-01-09T22:52:15.818Z,sell,5.71e-06,280.0,0.0015988
ONG/BTC,1610232735842,2021-01-09T22:52:15.842Z,sell,5.71e-06,280.0,0.0015988
ONG/BTC,1610232735869,2021-01-09T22:52:15.869Z,sell,5.71e-06,280.0,0.0015988
ONG/BTC,1610232735899,2021-01-09T22:52:15.899Z,sell,5.71e-06,280.0,0.0015988
ONG/BTC,1610232735917,2021-01-09T22:52:15.917Z,sell,5.71e-06,1372.0,0.00783412
ONG/BTC,1610232735917,2021-01-09T22:52:15.917Z,sell,5.68e-06,280.0,0.0015904
ONG/BTC,1610232942660,2021-01-09T22:55:42.660Z,sell,5.7e-06,211.0,0.0012027
ONG/BTC,1610233381326,2021-01-09T23:03:01.326Z,sell,5.71e-06,200.0,0.001142
ONG/BTC,1610233593141,2021-01-09T23:06:33.141Z,buy,5.71e-06,175.0,0.0009992500000000001
ONG/BTC,1610233593163,2021-01-09T23:06:33.163Z,buy,5.71e-06,19.0,0.00010849000000000001
ONG/BTC,1610233595653,2021-01-09T23:06:35.653Z,buy,5.72e-06,172.0,0.0009838400000000001
ONG/BTC,1610233740205,2021-01-09T23:09:00.205Z,sell,5.73e-06,115.0,0.00065895
ONG/BTC,1610233740210,2021-01-09T23:09:00.210Z,sell,5.73e-06,1078.0,0.0061769400000000006
ONG/BTC,1610233740214,2021-01-09T23:09:00.214Z,sell,5.73e-06,92.0,0.00052716
ONG/BTC,1610233740226,2021-01-09T23:09:00.226Z,sell,5.73e-06,92.0,0.00052716
ONG/BTC,1610233740648,2021-01-09T23:09:00.648Z,sell,5.73e-06,207.0,0.00118611
ONG/BTC,1610233740687,2021-01-09T23:09:00.687Z,sell,5.73e-06,738.0,0.00422874
ONG/BTC,1610233740804,2021-01-09T23:09:00.804Z,sell,5.73e-06,451.0,0.0025842300000000003
ONG/BTC,1610233777441,2021-01-09T23:09:37.441Z,sell,5.71e-06,426.0,0.00243246
ONG/BTC,1610233782906,2021-01-09T23:09:42.906Z,buy,5.71e-06,205.0,0.00117055
ONG/BTC,1610233918352,2021-01-09T23:11:58.352Z,buy,5.73e-06,490.0,0.0028077
ONG/BTC,1610234000030,2021-01-09T23:13:20.030Z,buy,5.74e-06,92.0,0.00052808
ONG/BTC,1610234000437,2021-01-09T23:13:20.437Z,buy,5.74e-06,115.0,0.0006601
ONG/BTC,1610234000562,2021-01-09T23:13:20.562Z,buy,5.74e-06,91.0,0.00052234
ONG/BTC,1610234002476,2021-01-09T23:13:22.476Z,buy,5.74e-06,209.0,0.00119966
ONG/BTC,1610234003919,2021-01-09T23:13:23.919Z,buy,5.74e-06,301.0,0.00172774
ONG/BTC,1610234022351,2021-01-09T23:13:42.351Z,buy,5.74e-06,3592.0,0.02061808
ONG/BTC,1610234030497,2021-01-09T23:13:50.497Z,buy,5.74e-06,799.0,0.00458626
ONG/BTC,1610234050657,2021-01-09T23:14:10.657Z,buy,5.74e-06,919.0,0.00527506
ONG/BTC,1610234205892,2021-01-09T23:16:45.892Z,sell,5.74e-06,115.0,0.0006601
ONG/BTC,1610234205906,2021-01-09T23:16:45.906Z,sell,5.74e-06,92.0,0.00052808
ONG/BTC,1610234205921,2021-01-09T23:16:45.921Z,sell,5.74e-06,92.0,0.00052808
ONG/BTC,1610234205932,2021-01-09T23:16:45.932Z,sell,5.74e-06,92.0,0.00052808
ONG/BTC,1610234205941,2021-01-09T23:16:45.941Z,sell,5.74e-06,91.0,0.00052234
ONG/BTC,1610234205955,2021-01-09T23:16:45.955Z,sell,5.74e-06,79.0,0.00045346
ONG/BTC,1610234206092,2021-01-09T23:16:46.092Z,buy,5.75e-06,2034.0,0.0116955
ONG/BTC,1610234206106,2021-01-09T23:16:46.106Z,sell,5.75e-06,239.0,0.00137425
ONG/BTC,1610234206320,2021-01-09T23:16:46.320Z,sell,5.75e-06,63.0,0.00036225
ONG/BTC,1610234209109,2021-01-09T23:16:49.109Z,sell,5.76e-06,463.0,0.00266688
ONG/BTC,1610234209110,2021-01-09T23:16:49.110Z,sell,5.76e-06,87.0,0.00050112
ONG/BTC,1610234209135,2021-01-09T23:16:49.135Z,sell,5.76e-06,24.0,0.00013824
ONG/BTC,1610234354450,2021-01-09T23:19:14.450Z,sell,5.72e-06,149.0,0.0008522800000000001
ONG/BTC,1610234359813,2021-01-09T23:19:19.813Z,sell,5.72e-06,30.0,0.0001716
ONG/BTC,1610234451383,2021-01-09T23:20:51.383Z,sell,5.75e-06,185.0,0.00106375
ONG/BTC,1610234451383,2021-01-09T23:20:51.383Z,sell,5.75e-06,65.0,0.00037375
ONG/BTC,1610234558605,2021-01-09T23:22:38.605Z,sell,5.71e-06,44.0,0.00025124
ONG/BTC,1610234817103,2021-01-09T23:26:57.103Z,sell,5.71e-06,630.0,0.0035973000000000003
ONG/BTC,1610234842343,2021-01-09T23:27:22.343Z,buy,5.75e-06,59.0,0.00033925
ONG/BTC,1610234995793,2021-01-09T23:29:55.793Z,sell,5.74e-06,67.0,0.00038458
ONG/BTC,1610234995794,2021-01-09T23:29:55.794Z,sell,5.74e-06,53.0,0.00030422
ONG/BTC,1610235248157,2021-01-09T23:34:08.157Z,buy,5.74e-06,20.0,0.0001148
ONG/BTC,1610235256221,2021-01-09T23:34:16.221Z,buy,5.75e-06,120.0,0.00069
ONG/BTC,1610235482271,2021-01-09T23:38:02.271Z,buy,5.75e-06,18.0,0.0001035
ONG/BTC,1610235482271,2021-01-09T23:38:02.271Z,buy,5.77e-06,733.0,0.00422941
ONG/BTC,1610235482271,2021-01-09T23:38:02.271Z,buy,5.78e-06,955.0,0.0055198999999999995
ONG/BTC,1610235482271,2021-01-09T23:38:02.271Z,buy,5.79e-06,255.0,0.0014764499999999998
ONG/BTC,1610235558690,2021-01-09T23:39:18.690Z,sell,5.75e-06,125.0,0.00071875
ONG/BTC,1610235560072,2021-01-09T23:39:20.072Z,buy,5.75e-06,94.0,0.0005405
ONG/BTC,1610235573289,2021-01-09T23:39:33.289Z,sell,5.75e-06,218.0,0.0012535
ONG/BTC,1610235595907,2021-01-09T23:39:55.907Z,buy,5.78e-06,72.0,0.00041616
ONG/BTC,1610235597492,2021-01-09T23:39:57.492Z,sell,5.77e-06,110.0,0.0006347
ONG/BTC,1610235602159,2021-01-09T23:40:02.159Z,sell,5.75e-06,211.0,0.00121325
ONG/BTC,1610235871957,2021-01-09T23:44:31.957Z,buy,5.76e-06,19.0,0.00010944
ONG/BTC,1610235917321,2021-01-09T23:45:17.321Z,sell,5.76e-06,553.0,0.00318528
ONG/BTC,1610236004498,2021-01-09T23:46:44.498Z,buy,5.78e-06,482.0,0.0027859599999999997
ONG/BTC,1610236004498,2021-01-09T23:46:44.498Z,buy,5.79e-06,22487.0,0.13019972999999999
ONG/BTC,1610236102635,2021-01-09T23:48:22.635Z,sell,5.75e-06,51.0,0.00029325
ONG/BTC,1610236112114,2021-01-09T23:48:32.114Z,sell,5.75e-06,155.0,0.00089125
ONG/BTC,1610236119830,2021-01-09T23:48:39.830Z,sell,5.75e-06,33.0,0.00018975
ONG/BTC,1610236120515,2021-01-09T23:48:40.515Z,sell,5.75e-06,243.0,0.00139725
ONG/BTC,1610236120515,2021-01-09T23:48:40.515Z,sell,5.75e-06,243.0,0.00139725
ONG/BTC,1610236358738,2021-01-09T23:52:38.738Z,buy,5.78e-06,177.0,0.00102306
ONG/BTC,1610236358738,2021-01-09T23:52:38.738Z,buy,5.79e-06,175.0,0.0010132499999999998
ONG/BTC,1610236384472,2021-01-09T23:53:04.472Z,buy,5.79e-06,110.0,0.0006368999999999999
ONG/BTC,1610236470818,2021-01-09T23:54:30.818Z,buy,5.79e-06,4207.0,0.02435853
ONG/BTC,1610236478656,2021-01-09T23:54:38.656Z,buy,5.8e-06,7.0,4.0600000000000004e-05
ONG/BTC,1610236482986,2021-01-09T23:54:42.986Z,buy,5.8e-06,18.0,0.0001044
ONG/BTC,1610236515145,2021-01-09T23:55:15.145Z,sell,5.79e-06,18.0,0.00010421999999999999
ONG/BTC,1610236515145,2021-01-09T23:55:15.145Z,sell,5.77e-06,25.0,0.00014424999999999998
ONG/BTC,1610236515152,2021-01-09T23:55:15.152Z,buy,5.76e-06,25.0,0.000144
ONG/BTC,1610236515184,2021-01-09T23:55:15.184Z,buy,5.76e-06,68.0,0.00039168
ONG/BTC,1610236515229,2021-01-09T23:55:15.229Z,buy,5.76e-06,68.0,0.00039168
ONG/BTC,1610236518554,2021-01-09T23:55:18.554Z,buy,5.8e-06,351.0,0.0020358
ONG/BTC,1610236529578,2021-01-09T23:55:29.578Z,buy,5.79e-06,236.0,0.00136644
ONG/BTC,1610236534219,2021-01-09T23:55:34.219Z,sell,5.78e-06,257.0,0.0014854599999999999
ONG/BTC,1610236534219,2021-01-09T23:55:34.219Z,sell,5.75e-06,267.0,0.00153525
ONG/BTC,1610236586730,2021-01-09T23:56:26.730Z,buy,5.8e-06,506.0,0.0029348
ONG/BTC,1610236593006,2021-01-09T23:56:33.006Z,buy,5.8e-06,178.0,0.0010324000000000002
ONG/BTC,1610236596988,2021-01-09T23:56:36.988Z,buy,5.8e-06,86.0,0.0004988
ONG/BTC,1610236599500,2021-01-09T23:56:39.500Z,buy,5.8e-06,181.0,0.0010498
ONG/BTC,1610236711997,2021-01-09T23:58:31.997Z,sell,5.78e-06,177.0,0.00102306
ONG/BTC,1610236821343,2021-01-10T00:00:21.343Z,buy,5.78e-06,43.0,0.00024854
ONG/BTC,1610236822038,2021-01-10T00:00:22.038Z,buy,5.79e-06,177.0,0.00102483
ONG/BTC,1610236869235,2021-01-10T00:01:09.235Z,sell,5.78e-06,173.0,0.00099994
ONG/BTC,1610236870156,2021-01-10T00:01:10.156Z,sell,5.78e-06,5.0,2.8899999999999998e-05
ONG/BTC,1610236870156,2021-01-10T00:01:10.156Z,sell,5.77e-06,775.0,0.00447175
ONG/BTC,1610236872779,2021-01-10T00:01:12.779Z,sell,5.77e-06,83.0,0.00047891
ONG/BTC,1610236880094,2021-01-10T00:01:20.094Z,sell,5.76e-06,18.0,0.00010368
ONG/BTC,1610236904148,2021-01-10T00:01:44.148Z,sell,5.75e-06,173.0,0.00099475
ONG/BTC,1610236955181,2021-01-10T00:02:35.181Z,buy,5.78e-06,173.0,0.00099994
ONG/BTC,1610237019255,2021-01-10T00:03:39.255Z,sell,5.75e-06,170.0,0.0009775
ONG/BTC,1610237019544,2021-01-10T00:03:39.544Z,buy,5.75e-06,345.0,0.00198375
ONG/BTC,1610237019946,2021-01-10T00:03:39.946Z,sell,5.74e-06,418.0,0.00239932
ONG/BTC,1610237019946,2021-01-10T00:03:39.946Z,sell,5.73e-06,285.0,0.00163305
ONG/BTC,1610237020057,2021-01-10T00:03:40.057Z,sell,5.74e-06,44.0,0.00025256
ONG/BTC,1610237022028,2021-01-10T00:03:42.028Z,sell,5.73e-06,67.0,0.00038391
ONG/BTC,1610237022057,2021-01-10T00:03:42.057Z,sell,5.73e-06,59.0,0.00033807
ONG/BTC,1610237036409,2021-01-10T00:03:56.409Z,sell,5.76e-06,300.0,0.001728
ONG/BTC,1610237346186,2021-01-10T00:09:06.186Z,buy,5.77e-06,44.0,0.00025388
ONG/BTC,1610237346186,2021-01-10T00:09:06.186Z,buy,5.78e-06,819.0,0.00473382
ONG/BTC,1610237346457,2021-01-10T00:09:06.457Z,buy,5.78e-06,39.0,0.00022542
ONG/BTC,1610237346457,2021-01-10T00:09:06.457Z,buy,5.79e-06,161.0,0.00093219
ONG/BTC,1610237351169,2021-01-10T00:09:11.169Z,buy,5.79e-06,132.0,0.00076428
ONG/BTC,1610237351169,2021-01-10T00:09:11.169Z,buy,5.8e-06,127.0,0.0007366
ONG/BTC,1610237367165,2021-01-10T00:09:27.165Z,buy,5.8e-06,172.0,0.0009976
ONG/BTC,1610237367177,2021-01-10T00:09:27.177Z,buy,5.8e-06,75.0,0.000435
ONG/BTC,1610237375176,2021-01-10T00:09:35.176Z,buy,5.81e-06,344.0,0.0019986400000000003
ONG/BTC,1610237376339,2021-01-10T00:09:36.339Z,buy,5.81e-06,51.0,0.00029631000000000004
ONG/BTC,1610237376346,2021-01-10T00:09:36.346Z,sell,5.82e-06,25.0,0.0001455
ONG/BTC,1610237376351,2021-01-10T00:09:36.351Z,sell,5.8e-06,31.0,0.0001798
ONG/BTC,1610237390746,2021-01-10T00:09:50.746Z,buy,5.83e-06,18.0,0.00010494000000000001
ONG/BTC,1610237392208,2021-01-10T00:09:52.208Z,sell,5.82e-06,18.0,0.00010476
ONG/BTC,1610237410695,2021-01-10T00:10:10.695Z,sell,5.81e-06,18.0,0.00010458
ONG/BTC,1610237433568,2021-01-10T00:10:33.568Z,sell,5.8e-06,239.0,0.0013862000000000002
ONG/BTC,1610237461153,2021-01-10T00:11:01.153Z,sell,5.79e-06,18.0,0.00010421999999999999
ONG/BTC,1610237461153,2021-01-10T00:11:01.153Z,sell,5.78e-06,47.0,0.00027166
ONG/BTC,1610237469668,2021-01-10T00:11:09.668Z,buy,5.78e-06,18.0,0.00010404
ONG/BTC,1610237605831,2021-01-10T00:13:25.831Z,sell,5.77e-06,18.0,0.00010386
ONG/BTC,1610237626149,2021-01-10T00:13:46.149Z,buy,5.78e-06,155.0,0.0008958999999999999
ONG/BTC,1610237626188,2021-01-10T00:13:46.188Z,sell,5.78e-06,115.0,0.0006647
ONG/BTC,1610237636393,2021-01-10T00:13:56.393Z,sell,5.78e-06,45.0,0.0002601
ONG/BTC,1610237636396,2021-01-10T00:13:56.396Z,sell,5.78e-06,31.0,0.00017918
ONG/BTC,1610237638928,2021-01-10T00:13:58.928Z,sell,5.76e-06,45.0,0.0002592
ONG/BTC,1610237643240,2021-01-10T00:14:03.240Z,sell,5.76e-06,66.0,0.00038016
ONG/BTC,1610237654031,2021-01-10T00:14:14.031Z,sell,5.75e-06,65.0,0.00037375
ONG/BTC,1610237654031,2021-01-10T00:14:14.031Z,sell,5.75e-06,87.0,0.00050025
ONG/BTC,1610237661153,2021-01-10T00:14:21.153Z,sell,5.75e-06,75.0,0.00043125
ONG/BTC,1610237758150,2021-01-10T00:15:58.150Z,sell,5.76e-06,87.0,0.00050112
ONG/BTC,1610237812275,2021-01-10T00:16:52.275Z,sell,5.75e-06,226.0,0.0012995
ONG/BTC,1610237813219,2021-01-10T00:16:53.219Z,sell,5.75e-06,347.0,0.00199525
ONG/BTC,1610237818192,2021-01-10T00:16:58.192Z,sell,5.75e-06,29.0,0.00016675
ONG/BTC,1610237818192,2021-01-10T00:16:58.192Z,sell,5.74e-06,25.0,0.0001435
ONG/BTC,1610237834612,2021-01-10T00:17:14.612Z,buy,5.74e-06,115.0,0.0006601
ONG/BTC,1610237834710,2021-01-10T00:17:14.710Z,sell,5.74e-06,115.0,0.0006601
ONG/BTC,1610237835210,2021-01-10T00:17:15.210Z,sell,5.74e-06,151.0,0.0008667400000000001
ONG/BTC,1610237835721,2021-01-10T00:17:15.721Z,sell,5.73e-06,18.0,0.00010314
ONG/BTC,1610237835721,2021-01-10T00:17:15.721Z,sell,5.72e-06,27.0,0.00015444000000000002
ONG/BTC,1610237835721,2021-01-10T00:17:15.721Z,sell,5.71e-06,355.0,0.0020270500000000003
ONG/BTC,1610237852147,2021-01-10T00:17:32.147Z,sell,5.72e-06,18.0,0.00010296
ONG/BTC,1610237852147,2021-01-10T00:17:32.147Z,sell,5.71e-06,22.0,0.00012562
ONG/BTC,1610237852173,2021-01-10T00:17:32.173Z,buy,5.71e-06,31.0,0.00017701000000000001
ONG/BTC,1610237876408,2021-01-10T00:17:56.408Z,buy,5.73e-06,92.0,0.00052716
ONG/BTC,1610237877007,2021-01-10T00:17:57.007Z,buy,5.73e-06,92.0,0.00052716
ONG/BTC,1610237877065,2021-01-10T00:17:57.065Z,buy,5.73e-06,55.0,0.00031515
ONG/BTC,1610237940315,2021-01-10T00:19:00.315Z,sell,5.71e-06,227.0,0.0012961700000000001
ONG/BTC,1610238041974,2021-01-10T00:20:41.974Z,sell,5.73e-06,18.0,0.00010314
ONG/BTC,1610238044697,2021-01-10T00:20:44.697Z,sell,5.72e-06,239.0,0.0013670800000000001
ONG/BTC,1610238044708,2021-01-10T00:20:44.708Z,buy,5.72e-06,115.0,0.0006578
ONG/BTC,1610238044722,2021-01-10T00:20:44.722Z,buy,5.72e-06,115.0,0.0006578
ONG/BTC,1610238044733,2021-01-10T00:20:44.733Z,buy,5.72e-06,92.0,0.00052624
ONG/BTC,1610238044759,2021-01-10T00:20:44.759Z,buy,5.72e-06,37.0,0.00021164
ONG/BTC,1610238047039,2021-01-10T00:20:47.039Z,sell,5.71e-06,211.0,0.0012048100000000002
ONG/BTC,1610238047131,2021-01-10T00:20:47.131Z,buy,5.71e-06,621.0,0.00354591
ONG/BTC,1610238047635,2021-01-10T00:20:47.635Z,buy,5.71e-06,309.0,0.00176439
ONG/BTC,1610238048864,2021-01-10T00:20:48.864Z,buy,5.71e-06,139.0,0.0007936900000000001
ONG/BTC,1610238048874,2021-01-10T00:20:48.874Z,buy,5.71e-06,223.0,0.00127333
ONG/BTC,1610238049547,2021-01-10T00:20:49.547Z,sell,5.7e-06,18.0,0.0001026
ONG/BTC,1610238049554,2021-01-10T00:20:49.554Z,buy,5.7e-06,1334.0,0.007603799999999999
ONG/BTC,1610238050865,2021-01-10T00:20:50.865Z,sell,5.7e-06,36.0,0.0002052
ONG/BTC,1610238103091,2021-01-10T00:21:43.091Z,sell,5.7e-06,3136.0,0.017875199999999997
ONG/BTC,1610238110058,2021-01-10T00:21:50.058Z,sell,5.7e-06,5806.0,0.0330942
ONG/BTC,1610238155926,2021-01-10T00:22:35.926Z,buy,5.72e-06,182.0,0.00104104
ONG/BTC,1610238206237,2021-01-10T00:23:26.237Z,sell,5.72e-06,169.0,0.00096668
ONG/BTC,1610238206237,2021-01-10T00:23:26.237Z,sell,5.71e-06,240.0,0.0013704000000000001
ONG/BTC,1610238206237,2021-01-10T00:23:26.237Z,sell,5.69e-06,179.0,0.00101851
ONG/BTC,1610238261177,2021-01-10T00:24:21.177Z,sell,5.7e-06,438.0,0.0024966
ONG/BTC,1610238269933,2021-01-10T00:24:29.933Z,sell,5.71e-06,150.0,0.0008565000000000001
ONG/BTC,1610238271194,2021-01-10T00:24:31.194Z,buy,5.7e-06,269.0,0.0015332999999999998
ONG/BTC,1610238275456,2021-01-10T00:24:35.456Z,sell,5.69e-06,211.0,0.0012005899999999999
ONG/BTC,1610238294276,2021-01-10T00:24:54.276Z,buy,5.7e-06,258.0,0.0014705999999999999
ONG/BTC,1610238297768,2021-01-10T00:24:57.768Z,buy,5.7e-06,169.0,0.0009632999999999999
ONG/BTC,1610238327158,2021-01-10T00:25:27.158Z,sell,5.68e-06,176.0,0.00099968
ONG/BTC,1610238331168,2021-01-10T00:25:31.168Z,sell,5.67e-06,18.0,0.00010206
ONG/BTC,1610238331168,2021-01-10T00:25:31.168Z,sell,5.66e-06,31.0,0.00017546
ONG/BTC,1610238331168,2021-01-10T00:25:31.168Z,sell,5.65e-06,96.0,0.0005424
ONG/BTC,1610238331191,2021-01-10T00:25:31.191Z,buy,5.65e-06,145.0,0.00081925
ONG/BTC,1610238331682,2021-01-10T00:25:31.682Z,buy,5.66e-06,49.0,0.00027734
ONG/BTC,1610238380160,2021-01-10T00:26:20.160Z,sell,5.67e-06,529.0,0.00299943
ONG/BTC,1610238380218,2021-01-10T00:26:20.218Z,sell,5.67e-06,2.0,1.134e-05
ONG/BTC,1610238380227,2021-01-10T00:26:20.227Z,buy,5.67e-06,93.0,0.00052731
ONG/BTC,1610238383148,2021-01-10T00:26:23.148Z,sell,5.66e-06,796.0,0.00450536
ONG/BTC,1610238384221,2021-01-10T00:26:24.221Z,sell,5.66e-06,88.0,0.00049808
ONG/BTC,1610238384221,2021-01-10T00:26:24.221Z,sell,5.65e-06,796.0,0.0044974
ONG/BTC,1610238385841,2021-01-10T00:26:25.841Z,buy,5.67e-06,562.0,0.00318654
ONG/BTC,1610238385843,2021-01-10T00:26:25.843Z,buy,5.67e-06,30.0,0.0001701
ONG/BTC,1610238386084,2021-01-10T00:26:26.084Z,sell,5.67e-06,388.0,0.00219996
ONG/BTC,1610238386153,2021-01-10T00:26:26.153Z,sell,5.67e-06,174.0,0.00098658
ONG/BTC,1610238390303,2021-01-10T00:26:30.303Z,sell,5.65e-06,40.0,0.00022600000000000002
ONG/BTC,1610238401170,2021-01-10T00:26:41.170Z,sell,5.65e-06,885.0,0.00500025
ONG/BTC,1610238401211,2021-01-10T00:26:41.211Z,sell,5.65e-06,297.0,0.00167805
ONG/BTC,1610238401217,2021-01-10T00:26:41.217Z,buy,5.65e-06,588.0,0.0033222
ONG/BTC,1610238412147,2021-01-10T00:26:52.147Z,sell,5.65e-06,797.0,0.00450305
ONG/BTC,1610238413657,2021-01-10T00:26:53.657Z,sell,5.65e-06,87.0,0.00049155
ONG/BTC,1610238415174,2021-01-10T00:26:55.174Z,sell,5.65e-06,86.0,0.0004859
ONG/BTC,1610238415174,2021-01-10T00:26:55.174Z,sell,5.64e-06,798.0,0.004500720000000001
ONG/BTC,1610238415193,2021-01-10T00:26:55.193Z,sell,5.64e-06,884.0,0.0049857600000000005
ONG/BTC,1610238424591,2021-01-10T00:27:04.591Z,buy,5.66e-06,171.0,0.00096786
ONG/BTC,1610238432560,2021-01-10T00:27:12.560Z,buy,5.67e-06,912.0,0.00517104
ONG/BTC,1610238526229,2021-01-10T00:28:46.229Z,buy,5.66e-06,373.0,0.00211118
ONG/BTC,1610238539662,2021-01-10T00:28:59.662Z,sell,5.65e-06,171.0,0.00096615
ONG/BTC,1610238540146,2021-01-10T00:29:00.146Z,sell,5.64e-06,22.0,0.00012408
ONG/BTC,1610238540146,2021-01-10T00:29:00.146Z,sell,5.63e-06,2861.0,0.016107430000000002
ONG/BTC,1610238645479,2021-01-10T00:30:45.479Z,sell,5.65e-06,564.0,0.0031866
ONG/BTC,1610238645479,2021-01-10T00:30:45.479Z,sell,5.63e-06,5093.0,0.028673590000000002
ONG/BTC,1610238669140,2021-01-10T00:31:09.140Z,buy,5.67e-06,171.0,0.00096957
ONG/BTC,1610238669140,2021-01-10T00:31:09.140Z,buy,5.68e-06,710.0,0.0040328
ONG/BTC,1610238669141,2021-01-10T00:31:09.141Z,buy,5.68e-06,278.0,0.0015790399999999999
ONG/BTC,1610238669153,2021-01-10T00:31:09.153Z,sell,5.68e-06,115.0,0.0006531999999999999
ONG/BTC,1610238669155,2021-01-10T00:31:09.155Z,sell,5.68e-06,488.0,0.00277184
ONG/BTC,1610238677158,2021-01-10T00:31:17.158Z,buy,5.69e-06,175.0,0.0009957499999999999
ONG/BTC,1610238692133,2021-01-10T00:31:32.133Z,buy,5.69e-06,615.0,0.00349935
ONG/BTC,1610238717778,2021-01-10T00:31:57.778Z,buy,5.7e-06,185.0,0.0010544999999999999
ONG/BTC,1610238717791,2021-01-10T00:31:57.791Z,buy,5.7e-06,126.0,0.0007182
ONG/BTC,1610238728153,2021-01-10T00:32:08.153Z,buy,5.7e-06,438.0,0.0024966
ONG/BTC,1610238747793,2021-01-10T00:32:27.793Z,sell,5.69e-06,180.0,0.0010241999999999999
ONG/BTC,1610238772176,2021-01-10T00:32:52.176Z,buy,5.71e-06,51.0,0.00029121
ONG/BTC,1610238772176,2021-01-10T00:32:52.176Z,buy,5.72e-06,824.0,0.00471328
ONG/BTC,1610238915066,2021-01-10T00:35:15.066Z,sell,5.73e-06,115.0,0.00065895
ONG/BTC,1610239084263,2021-01-10T00:38:04.263Z,sell,5.7e-06,252.0,0.0014364
ONG/BTC,1610239234158,2021-01-10T00:40:34.158Z,sell,5.7e-06,526.0,0.0029982
ONG/BTC,1610239282804,2021-01-10T00:41:22.804Z,buy,5.72e-06,180.0,0.0010296
ONG/BTC,1610239349295,2021-01-10T00:42:29.295Z,sell,5.71e-06,187.0,0.00106777
ONG/BTC,1610239357580,2021-01-10T00:42:37.580Z,sell,5.7e-06,106.0,0.0006041999999999999
ONG/BTC,1610239357589,2021-01-10T00:42:37.589Z,buy,5.7e-06,21.0,0.0001197
ONG/BTC,1610239361968,2021-01-10T00:42:41.968Z,buy,5.72e-06,179.0,0.00102388
ONG/BTC,1610239361968,2021-01-10T00:42:41.968Z,buy,5.73e-06,25.0,0.00014325
ONG/BTC,1610239364253,2021-01-10T00:42:44.253Z,sell,5.7e-06,176.0,0.0010031999999999999
ONG/BTC,1610239364260,2021-01-10T00:42:44.260Z,sell,5.7e-06,49.0,0.00027929999999999996
ONG/BTC,1610239370067,2021-01-10T00:42:50.067Z,buy,5.71e-06,210.0,0.0011991
ONG/BTC,1610239434169,2021-01-10T00:43:54.169Z,sell,5.69e-06,176.0,0.00100144
ONG/BTC,1610239532151,2021-01-10T00:45:32.151Z,sell,5.69e-06,34.0,0.00019345999999999998
ONG/BTC,1610239532151,2021-01-10T00:45:32.151Z,sell,5.68e-06,142.0,0.00080656
ONG/BTC,1610239532164,2021-01-10T00:45:32.164Z,sell,5.68e-06,99.0,0.0005623199999999999
ONG/BTC,1610239532171,2021-01-10T00:45:32.171Z,buy,5.68e-06,77.0,0.00043736
ONG/BTC,1610239543086,2021-01-10T00:45:43.086Z,buy,5.69e-06,116.0,0.00066004
ONG/BTC,1610239546159,2021-01-10T00:45:46.159Z,sell,5.68e-06,117.0,0.00066456
ONG/BTC,1610239546159,2021-01-10T00:45:46.159Z,sell,5.67e-06,235.0,0.00133245
ONG/BTC,1610239621613,2021-01-10T00:47:01.613Z,sell,5.67e-06,20.0,0.00011339999999999999
ONG/BTC,1610239694177,2021-01-10T00:48:14.177Z,sell,5.67e-06,60.0,0.0003402
ONG/BTC,1610239697109,2021-01-10T00:48:17.109Z,buy,5.68e-06,180.0,0.0010224
ONG/BTC,1610239697109,2021-01-10T00:48:17.109Z,buy,5.68e-06,180.0,0.0010224
ONG/BTC,1610239902399,2021-01-10T00:51:42.399Z,sell,5.71e-06,220.0,0.0012562
ONG/BTC,1610239956887,2021-01-10T00:52:36.887Z,buy,5.72e-06,5.0,2.86e-05
ONG/BTC,1610240107687,2021-01-10T00:55:07.687Z,sell,5.69e-06,187.0,0.0010640299999999999
ONG/BTC,1610240107993,2021-01-10T00:55:07.993Z,sell,5.68e-06,69.0,0.00039192
ONG/BTC,1610240142589,2021-01-10T00:55:42.589Z,sell,5.68e-06,42.0,0.00023856
ONG/BTC,1610240484618,2021-01-10T01:01:24.618Z,sell,5.69e-06,93.0,0.0005291699999999999
ONG/BTC,1610240484741,2021-01-10T01:01:24.741Z,sell,5.69e-06,29.0,0.00016501
ONG/BTC,1610240484741,2021-01-10T01:01:24.741Z,sell,5.68e-06,16.0,9.088e-05
ONG/BTC,1610240643502,2021-01-10T01:04:03.502Z,buy,5.69e-06,1000.0,0.00569
ONG/BTC,1610240849680,2021-01-10T01:07:29.680Z,buy,5.72e-06,187.0,0.00106964
ONG/BTC,1610240849680,2021-01-10T01:07:29.680Z,buy,5.73e-06,1090.0,0.0062457
ONG/BTC,1610240849680,2021-01-10T01:07:29.680Z,buy,5.74e-06,6.0,3.444e-05
ONG/BTC,1610240849680,2021-01-10T01:07:29.680Z,buy,5.75e-06,1320.0,0.00759
ONG/BTC,1610240849689,2021-01-10T01:07:29.689Z,sell,5.75e-06,3115.0,0.01791125
ONG/BTC,1610240929146,2021-01-10T01:08:49.146Z,buy,5.74e-06,18.0,0.00010332000000000001
ONG/BTC,1610240929146,2021-01-10T01:08:49.146Z,buy,5.75e-06,853.0,0.00490475
ONG/BTC,1610240929155,2021-01-10T01:08:49.155Z,sell,5.75e-06,29.0,0.00016675
ONG/BTC,1610240938167,2021-01-10T01:08:58.167Z,sell,5.73e-06,262.0,0.0015012600000000001
ONG/BTC,1610240960795,2021-01-10T01:09:20.795Z,buy,5.76e-06,262.0,0.00150912
ONG/BTC,1610240960795,2021-01-10T01:09:20.795Z,buy,5.77e-06,961.0,0.00554497
ONG/BTC,1610240960804,2021-01-10T01:09:20.804Z,sell,5.77e-06,116.0,0.0006693199999999999
ONG/BTC,1610240960806,2021-01-10T01:09:20.806Z,sell,5.77e-06,161.0,0.00092897
ONG/BTC,1610240979378,2021-01-10T01:09:39.378Z,buy,5.76e-06,156.0,0.00089856
ONG/BTC,1610240979378,2021-01-10T01:09:39.378Z,buy,5.79e-06,987.0,0.0057147299999999995
ONG/BTC,1610240979378,2021-01-10T01:09:39.378Z,buy,5.8e-06,31.0,0.0001798
ONG/BTC,1610240979385,2021-01-10T01:09:39.385Z,sell,5.8e-06,98.0,0.0005684
ONG/BTC,1610240979387,2021-01-10T01:09:39.387Z,sell,5.8e-06,228.0,0.0013224
ONG/BTC,1610240988165,2021-01-10T01:09:48.165Z,buy,5.77e-06,114.0,0.00065778
ONG/BTC,1610240988175,2021-01-10T01:09:48.175Z,buy,5.77e-06,5.0,2.885e-05
ONG/BTC,1610240988214,2021-01-10T01:09:48.214Z,sell,5.76e-06,18.0,0.00010368
ONG/BTC,1610240988214,2021-01-10T01:09:48.214Z,sell,5.75e-06,590.0,0.0033925
ONG/BTC,1610241003650,2021-01-10T01:10:03.650Z,buy,5.78e-06,120.0,0.0006935999999999999
ONG/BTC,1610241003650,2021-01-10T01:10:03.650Z,buy,5.79e-06,236.0,0.00136644
ONG/BTC,1610241003650,2021-01-10T01:10:03.650Z,buy,5.81e-06,244.0,0.00141764
ONG/BTC,1610241014150,2021-01-10T01:10:14.150Z,sell,5.76e-06,174.0,0.00100224
ONG/BTC,1610241017144,2021-01-10T01:10:17.144Z,sell,5.76e-06,10.0,5.76e-05
ONG/BTC,1610241017144,2021-01-10T01:10:17.144Z,sell,5.75e-06,858.0,0.0049335
ONG/BTC,1610241018148,2021-01-10T01:10:18.148Z,sell,5.75e-06,869.0,0.00499675
ONG/BTC,1610241022257,2021-01-10T01:10:22.257Z,sell,5.8e-06,123.0,0.0007134
ONG/BTC,1610241022257,2021-01-10T01:10:22.257Z,sell,5.8e-06,1069.0,0.0062002
ONG/BTC,1610241047143,2021-01-10T01:10:47.143Z,sell,5.76e-06,608.0,0.00350208
ONG/BTC,1610241059146,2021-01-10T01:10:59.146Z,buy,5.79e-06,604.0,0.0034971599999999996
ONG/BTC,1610241059165,2021-01-10T01:10:59.165Z,buy,5.79e-06,4.0,2.316e-05
ONG/BTC,1610241059199,2021-01-10T01:10:59.199Z,sell,5.79e-06,600.0,0.0034739999999999997
ONG/BTC,1610241075316,2021-01-10T01:11:15.316Z,buy,5.8e-06,155.0,0.0008990000000000001
ONG/BTC,1610241091873,2021-01-10T01:11:31.873Z,sell,5.77e-06,155.0,0.0008943499999999999
ONG/BTC,1610241264170,2021-01-10T01:14:24.170Z,buy,5.8e-06,204.0,0.0011832000000000001
ONG/BTC,1610241264170,2021-01-10T01:14:24.170Z,buy,5.81e-06,236.0,0.0013711600000000002
ONG/BTC,1610241264170,2021-01-10T01:14:24.170Z,buy,5.83e-06,712.0,0.00415096
ONG/BTC,1610241300858,2021-01-10T01:15:00.858Z,sell,5.8e-06,18.0,0.0001044
ONG/BTC,1610241310521,2021-01-10T01:15:10.521Z,buy,5.82e-06,18.0,0.00010476
ONG/BTC,1610241332830,2021-01-10T01:15:32.830Z,buy,5.83e-06,3195.0,0.01862685
ONG/BTC,1610241332830,2021-01-10T01:15:32.830Z,buy,5.85e-06,928.0,0.0054288
ONG/BTC,1610241332830,2021-01-10T01:15:32.830Z,buy,5.86e-06,2290.0,0.0134194
ONG/BTC,1610241332830,2021-01-10T01:15:32.830Z,buy,5.87e-06,5512.0,0.03235544
ONG/BTC,1610241394431,2021-01-10T01:16:34.431Z,sell,5.82e-06,24.0,0.00013968
ONG/BTC,1610241397745,2021-01-10T01:16:37.745Z,sell,5.8e-06,236.0,0.0013688
ONG/BTC,1610241397745,2021-01-10T01:16:37.745Z,sell,5.79e-06,48.0,0.00027791999999999997
ONG/BTC,1610241398036,2021-01-10T01:16:38.036Z,sell,5.79e-06,702.0,0.00406458
ONG/BTC,1610241399358,2021-01-10T01:16:39.358Z,sell,5.79e-06,569.0,0.0032945099999999996
ONG/BTC,1610241403619,2021-01-10T01:16:43.619Z,sell,5.78e-06,235.0,0.0013583
ONG/BTC,1610241403935,2021-01-10T01:16:43.935Z,sell,5.78e-06,117.0,0.0006762599999999999
ONG/BTC,1610241403993,2021-01-10T01:16:43.993Z,sell,5.78e-06,68.0,0.00039304
ONG/BTC,1610241405641,2021-01-10T01:16:45.641Z,sell,5.78e-06,1308.0,0.007560239999999999
ONG/BTC,1610241406690,2021-01-10T01:16:46.690Z,sell,5.78e-06,286.0,0.00165308
ONG/BTC,1610241407152,2021-01-10T01:16:47.152Z,sell,5.78e-06,280.0,0.0016183999999999999
ONG/BTC,1610241408003,2021-01-10T01:16:48.003Z,sell,5.78e-06,60.0,0.00034679999999999997
ONG/BTC,1610241410897,2021-01-10T01:16:50.897Z,sell,5.78e-06,435.0,0.0025142999999999997
ONG/BTC,1610241417824,2021-01-10T01:16:57.824Z,sell,5.78e-06,87.0,0.0005028599999999999
ONG/BTC,1610241419666,2021-01-10T01:16:59.666Z,sell,5.78e-06,240.0,0.0013871999999999999
ONG/BTC,1610241422728,2021-01-10T01:17:02.728Z,sell,5.78e-06,135.0,0.0007802999999999999
ONG/BTC,1610241457839,2021-01-10T01:17:37.839Z,sell,5.77e-06,473.0,0.0027292099999999997
ONG/BTC,1610241457915,2021-01-10T01:17:37.915Z,sell,5.76e-06,426.0,0.00245376
ONG/BTC,1610241458329,2021-01-10T01:17:38.329Z,sell,5.76e-06,43.0,0.00024768
ONG/BTC,1610241475129,2021-01-10T01:17:55.129Z,sell,5.76e-06,11398.0,0.06565248
ONG/BTC,1610241481133,2021-01-10T01:18:01.133Z,sell,5.76e-06,2007.0,0.01156032
ONG/BTC,1610241562403,2021-01-10T01:19:22.403Z,sell,5.76e-06,258.0,0.00148608
ONG/BTC,1610241576353,2021-01-10T01:19:36.353Z,sell,5.76e-06,474.0,0.00273024
ONG/BTC,1610241674901,2021-01-10T01:21:14.901Z,sell,5.74e-06,25.0,0.0001435
ONG/BTC,1610241674901,2021-01-10T01:21:14.901Z,sell,5.73e-06,36.0,0.00020628
ONG/BTC,1610241674996,2021-01-10T01:21:14.996Z,sell,5.73e-06,319.0,0.00182787
ONG/BTC,1610241728348,2021-01-10T01:22:08.348Z,buy,5.73e-06,182.0,0.00104286
ONG/BTC,1610241728348,2021-01-10T01:22:08.348Z,buy,5.74e-06,143.0,0.00082082
ONG/BTC,1610241739570,2021-01-10T01:22:19.570Z,buy,5.73e-06,462.0,0.0026472600000000002
ONG/BTC,1610241800228,2021-01-10T01:23:20.228Z,sell,5.68e-06,52.0,0.00029536
ONG/BTC,1610241870021,2021-01-10T01:24:30.021Z,buy,5.72e-06,315.0,0.0018018
ONG/BTC,1610242038867,2021-01-10T01:27:18.867Z,sell,5.7e-06,240.0,0.0013679999999999999
ONG/BTC,1610242070524,2021-01-10T01:27:50.524Z,sell,5.7e-06,167.0,0.0009519
ONG/BTC,1610242070541,2021-01-10T01:27:50.541Z,sell,5.7e-06,65.0,0.00037049999999999995
ONG/BTC,1610242118011,2021-01-10T01:28:38.011Z,buy,5.74e-06,52.0,0.00029848
ONG/BTC,1610242118018,2021-01-10T01:28:38.018Z,sell,5.74e-06,209.0,0.00119966
ONG/BTC,1610242118150,2021-01-10T01:28:38.150Z,sell,5.74e-06,116.0,0.00066584
ONG/BTC,1610242118159,2021-01-10T01:28:38.159Z,sell,5.74e-06,180.0,0.0010332
ONG/BTC,1610242118336,2021-01-10T01:28:38.336Z,sell,5.74e-06,25.0,0.0001435
ONG/BTC,1610242118886,2021-01-10T01:28:38.886Z,sell,5.74e-06,115.0,0.0006601
ONG/BTC,1610242118892,2021-01-10T01:28:38.892Z,sell,5.74e-06,66.0,0.00037884
ONG/BTC,1610242118900,2021-01-10T01:28:38.900Z,sell,5.74e-06,92.0,0.00052808
ONG/BTC,1610242118915,2021-01-10T01:28:38.915Z,sell,5.74e-06,92.0,0.00052808
ONG/BTC,1610242118926,2021-01-10T01:28:38.926Z,sell,5.74e-06,66.0,0.00037884
ONG/BTC,1610242118929,2021-01-10T01:28:38.929Z,sell,5.74e-06,92.0,0.00052808
ONG/BTC,1610242118942,2021-01-10T01:28:38.942Z,sell,5.74e-06,92.0,0.00052808
ONG/BTC,1610242118952,2021-01-10T01:28:38.952Z,sell,5.74e-06,84.0,0.00048216000000000003
ONG/BTC,1610242118983,2021-01-10T01:28:38.983Z,sell,5.74e-06,62.0,0.00035588
ONG/BTC,1610242119161,2021-01-10T01:28:39.161Z,sell,5.74e-06,857.0,0.00491918
ONG/BTC,1610242119165,2021-01-10T01:28:39.165Z,sell,5.74e-06,869.0,0.00498806
ONG/BTC,1610242119286,2021-01-10T01:28:39.286Z,sell,5.74e-06,67.0,0.00038458
ONG/BTC,1610242126147,2021-01-10T01:28:46.147Z,sell,5.74e-06,523.0,0.00300202
ONG/BTC,1610242126155,2021-01-10T01:28:46.155Z,sell,5.74e-06,858.0,0.00492492
ONG/BTC,1610242131817,2021-01-10T01:28:51.817Z,buy,5.75e-06,238.0,0.0013685
ONG/BTC,1610242131832,2021-01-10T01:28:51.832Z,buy,5.76e-06,238.0,0.0013708799999999999
ONG/BTC,1610242131837,2021-01-10T01:28:51.837Z,buy,5.76e-06,91.0,0.00052416
ONG/BTC,1610242131849,2021-01-10T01:28:51.849Z,buy,5.76e-06,114.0,0.00065664
ONG/BTC,1610242131850,2021-01-10T01:28:51.850Z,buy,5.76e-06,411.0,0.0023673599999999998
ONG/BTC,1610242131860,2021-01-10T01:28:51.860Z,buy,5.76e-06,113.0,0.00065088
ONG/BTC,1610242132669,2021-01-10T01:28:52.669Z,sell,5.76e-06,277.0,0.00159552
ONG/BTC,1610242133149,2021-01-10T01:28:53.149Z,sell,5.76e-06,261.0,0.00150336
ONG/BTC,1610242134242,2021-01-10T01:28:54.242Z,sell,5.76e-06,78.0,0.00044928
ONG/BTC,1610242135036,2021-01-10T01:28:55.036Z,sell,5.75e-06,194.0,0.0011155
ONG/BTC,1610242151923,2021-01-10T01:29:11.923Z,sell,5.74e-06,382.0,0.0021926800000000002
ONG/BTC,1610242162150,2021-01-10T01:29:22.150Z,sell,5.74e-06,873.0,0.00501102
ONG/BTC,1610242162181,2021-01-10T01:29:22.181Z,sell,5.74e-06,1879.0,0.01078546
ONG/BTC,1610242162626,2021-01-10T01:29:22.626Z,sell,5.74e-06,509.0,0.00292166
ONG/BTC,1610242162708,2021-01-10T01:29:22.708Z,sell,5.74e-06,559.0,0.00320866
ONG/BTC,1610242162966,2021-01-10T01:29:22.966Z,sell,5.74e-06,558.0,0.00320292
ONG/BTC,1610242163191,2021-01-10T01:29:23.191Z,sell,5.74e-06,376.0,0.00215824
ONG/BTC,1610242167726,2021-01-10T01:29:27.726Z,sell,5.78e-06,500.0,0.0028899999999999998
ONG/BTC,1610242167726,2021-01-10T01:29:27.726Z,buy,5.79e-06,219.0,0.00126801
ONG/BTC,1610242167726,2021-01-10T01:29:27.726Z,buy,5.8e-06,308.0,0.0017864
ONG/BTC,1610242168143,2021-01-10T01:29:28.143Z,sell,5.74e-06,428.0,0.00245672
ONG/BTC,1610242173979,2021-01-10T01:29:33.979Z,sell,5.75e-06,194.0,0.0011155
ONG/BTC,1610242176489,2021-01-10T01:29:36.489Z,sell,5.76e-06,110.0,0.0006336
ONG/BTC,1610242177663,2021-01-10T01:29:37.663Z,buy,5.77e-06,76.0,0.00043851999999999997
ONG/BTC,1610242181524,2021-01-10T01:29:41.524Z,sell,5.75e-06,75.0,0.00043125
ONG/BTC,1610242185705,2021-01-10T01:29:45.705Z,sell,5.74e-06,1428.0,0.00819672
ONG/BTC,1610242195834,2021-01-10T01:29:55.834Z,sell,5.74e-06,45.0,0.0002583
ONG/BTC,1610242205176,2021-01-10T01:30:05.176Z,sell,5.74e-06,871.0,0.00499954
ONG/BTC,1610242206218,2021-01-10T01:30:06.218Z,sell,5.74e-06,1132.0,0.0064976800000000005
ONG/BTC,1610242216592,2021-01-10T01:30:16.592Z,sell,5.74e-06,525.0,0.0030135
ONG/BTC,1610242235934,2021-01-10T01:30:35.934Z,sell,5.74e-06,518.0,0.00297332
ONG/BTC,1610242320457,2021-01-10T01:32:00.457Z,sell,5.74e-06,34.0,0.00019516
ONG/BTC,1610242354139,2021-01-10T01:32:34.139Z,sell,5.75e-06,107.0,0.00061525
ONG/BTC,1610242354158,2021-01-10T01:32:34.158Z,sell,5.75e-06,111.0,0.00063825
ONG/BTC,1610242354185,2021-01-10T01:32:34.185Z,sell,5.75e-06,52.0,0.000299
ONG/BTC,1610242428853,2021-01-10T01:33:48.853Z,buy,5.77e-06,18.0,0.00010386
ONG/BTC,1610242428853,2021-01-10T01:33:48.853Z,buy,5.77e-06,175.0,0.00100975
ONG/BTC,1610242428853,2021-01-10T01:33:48.853Z,buy,5.78e-06,20.0,0.00011559999999999999
ONG/BTC,1610242428853,2021-01-10T01:33:48.853Z,buy,5.78e-06,228.0,0.00131784
ONG/BTC,1610242428853,2021-01-10T01:33:48.853Z,buy,5.8e-06,117.0,0.0006786
ONG/BTC,1610242445164,2021-01-10T01:34:05.164Z,sell,5.76e-06,18.0,0.00010368
ONG/BTC,1610242445164,2021-01-10T01:34:05.164Z,sell,5.75e-06,848.0,0.004876
ONG/BTC,1610242449150,2021-01-10T01:34:09.150Z,sell,5.75e-06,174.0,0.0010005
ONG/BTC,1610242449295,2021-01-10T01:34:09.295Z,sell,5.75e-06,1872.0,0.010764
ONG/BTC,1610242450011,2021-01-10T01:34:10.011Z,sell,5.75e-06,1937.0,0.01113775
ONG/BTC,1610242450941,2021-01-10T01:34:10.941Z,sell,5.75e-06,74.0,0.0004255
ONG/BTC,1610242454228,2021-01-10T01:34:14.228Z,sell,5.75e-06,19.0,0.00010925
ONG/BTC,1610242454228,2021-01-10T01:34:14.228Z,sell,5.74e-06,850.0,0.004879
ONG/BTC,1610242470350,2021-01-10T01:34:30.350Z,sell,5.74e-06,68.0,0.00039032
ONG/BTC,1610242474383,2021-01-10T01:34:34.383Z,sell,5.75e-06,262.0,0.0015065
ONG/BTC,1610242474958,2021-01-10T01:34:34.958Z,sell,5.75e-06,70.0,0.0004025
ONG/BTC,1610242491092,2021-01-10T01:34:51.092Z,sell,5.75e-06,521.0,0.00299575
ONG/BTC,1610242493721,2021-01-10T01:34:53.721Z,sell,5.74e-06,237.0,0.00136038
ONG/BTC,1610242512127,2021-01-10T01:35:12.127Z,sell,5.75e-06,115.0,0.00066125
ONG/BTC,1610242512141,2021-01-10T01:35:12.141Z,sell,5.75e-06,115.0,0.00066125
ONG/BTC,1610242512156,2021-01-10T01:35:12.156Z,sell,5.75e-06,92.0,0.000529
ONG/BTC,1610242512165,2021-01-10T01:35:12.165Z,sell,5.75e-06,92.0,0.000529
ONG/BTC,1610242512177,2021-01-10T01:35:12.177Z,sell,5.75e-06,92.0,0.000529
ONG/BTC,1610242512190,2021-01-10T01:35:12.190Z,sell,5.75e-06,86.0,0.0004945
ONG/BTC,1610242555489,2021-01-10T01:35:55.489Z,sell,5.75e-06,93.0,0.00053475
ONG/BTC,1610242558030,2021-01-10T01:35:58.030Z,sell,5.74e-06,105.0,0.0006027
ONG/BTC,1610242590613,2021-01-10T01:36:30.613Z,sell,5.75e-06,253.0,0.00145475
ONG/BTC,1610242598081,2021-01-10T01:36:38.081Z,sell,5.75e-06,93.0,0.00053475
ONG/BTC,1610242600609,2021-01-10T01:36:40.609Z,sell,5.74e-06,93.0,0.0005338200000000001
ONG/BTC,1610242685341,2021-01-10T01:38:05.341Z,sell,5.75e-06,106.0,0.0006095
ONG/BTC,1610242686663,2021-01-10T01:38:06.663Z,sell,5.75e-06,254.0,0.0014605
ONG/BTC,1610242686680,2021-01-10T01:38:06.680Z,sell,5.75e-06,114.0,0.0006555
ONG/BTC,1610242687146,2021-01-10T01:38:07.146Z,sell,5.75e-06,692.0,0.003979
ONG/BTC,1610242687551,2021-01-10T01:38:07.551Z,sell,5.75e-06,105.0,0.00060375
ONG/BTC,1610242824490,2021-01-10T01:40:24.490Z,sell,5.74e-06,253.0,0.00145222
ONG/BTC,1610242833683,2021-01-10T01:40:33.683Z,sell,5.74e-06,115.0,0.0006601
ONG/BTC,1610242833689,2021-01-10T01:40:33.689Z,sell,5.74e-06,460.0,0.0026404
ONG/BTC,1610242833698,2021-01-10T01:40:33.698Z,sell,5.74e-06,115.0,0.0006601
ONG/BTC,1610242837435,2021-01-10T01:40:37.435Z,sell,5.74e-06,92.0,0.00052808
ONG/BTC,1610242837445,2021-01-10T01:40:37.445Z,sell,5.74e-06,102.0,0.00058548
ONG/BTC,1610242868146,2021-01-10T01:41:08.146Z,sell,5.74e-06,344.0,0.00197456
ONG/BTC,1610242874580,2021-01-10T01:41:14.580Z,sell,5.74e-06,68.0,0.00039032
ONG/BTC,1610242880633,2021-01-10T01:41:20.633Z,sell,5.74e-06,250.0,0.001435
ONG/BTC,1610242882115,2021-01-10T01:41:22.115Z,sell,5.74e-06,983.0,0.00564242
ONG/BTC,1610242894720,2021-01-10T01:41:34.720Z,sell,5.74e-06,341.0,0.00195734
ONG/BTC,1610242929162,2021-01-10T01:42:09.162Z,sell,5.74e-06,866.0,0.00497084
ONG/BTC,1610242931577,2021-01-10T01:42:11.577Z,sell,5.74e-06,2959.0,0.01698466
ONG/BTC,1610242955146,2021-01-10T01:42:35.146Z,sell,5.74e-06,868.0,0.00498232
ONG/BTC,1610242964180,2021-01-10T01:42:44.180Z,sell,5.74e-06,861.0,0.00494214
ONG/BTC,1610242968613,2021-01-10T01:42:48.613Z,sell,5.74e-06,372.0,0.0021352800000000003
ONG/BTC,1610242970173,2021-01-10T01:42:50.173Z,sell,5.74e-06,372.0,0.0021352800000000003
ONG/BTC,1610242971161,2021-01-10T01:42:51.161Z,sell,5.74e-06,868.0,0.00498232
ONG/BTC,1610242973597,2021-01-10T01:42:53.597Z,sell,5.74e-06,372.0,0.0021352800000000003
ONG/BTC,1610242976320,2021-01-10T01:42:56.320Z,sell,5.74e-06,372.0,0.0021352800000000003
ONG/BTC,1610242978020,2021-01-10T01:42:58.020Z,sell,5.74e-06,372.0,0.0021352800000000003
ONG/BTC,1610242978151,2021-01-10T01:42:58.151Z,sell,5.74e-06,866.0,0.00497084
ONG/BTC,1610242979590,2021-01-10T01:42:59.590Z,sell,5.74e-06,372.0,0.0021352800000000003
ONG/BTC,1610242980107,2021-01-10T01:43:00.107Z,sell,5.74e-06,1518.0,0.00871332
ONG/BTC,1610242981179,2021-01-10T01:43:01.179Z,sell,5.74e-06,372.0,0.0021352800000000003
ONG/BTC,1610242982773,2021-01-10T01:43:02.773Z,sell,5.74e-06,372.0,0.0021352800000000003
ONG/BTC,1610242985160,2021-01-10T01:43:05.160Z,sell,5.74e-06,866.0,0.00497084
ONG/BTC,1610242988587,2021-01-10T01:43:08.587Z,sell,5.74e-06,240.0,0.0013776
ONG/BTC,1610242992131,2021-01-10T01:43:12.131Z,sell,5.74e-06,563.0,0.00323162
ONG/BTC,1610242992148,2021-01-10T01:43:12.148Z,sell,5.74e-06,866.0,0.00497084
ONG/BTC,1610242997548,2021-01-10T01:43:17.548Z,sell,5.74e-06,112.0,0.00064288
ONG/BTC,1610242997553,2021-01-10T01:43:17.553Z,buy,5.76e-06,6.0,3.456e-05
ONG/BTC,1610242999275,2021-01-10T01:43:19.275Z,sell,5.74e-06,867.0,0.00497658
ONG/BTC,1610243004000,2021-01-10T01:43:24.000Z,sell,5.74e-06,372.0,0.0021352800000000003
ONG/BTC,1610243005174,2021-01-10T01:43:25.174Z,sell,5.74e-06,259.0,0.00148666
ONG/BTC,1610243005614,2021-01-10T01:43:25.614Z,sell,5.74e-06,372.0,0.0021352800000000003
ONG/BTC,1610243006239,2021-01-10T01:43:26.239Z,sell,5.74e-06,866.0,0.00497084
ONG/BTC,1610243007182,2021-01-10T01:43:27.182Z,sell,5.74e-06,112.0,0.00064288
ONG/BTC,1610243008312,2021-01-10T01:43:28.312Z,sell,5.74e-06,338.0,0.00194012
ONG/BTC,1610243008769,2021-01-10T01:43:28.769Z,sell,5.74e-06,372.0,0.0021352800000000003
ONG/BTC,1610243008878,2021-01-10T01:43:28.878Z,sell,5.74e-06,260.0,0.0014924
ONG/BTC,1610243010396,2021-01-10T01:43:30.396Z,sell,5.74e-06,372.0,0.0021352800000000003
ONG/BTC,1610243012070,2021-01-10T01:43:32.070Z,sell,5.74e-06,112.0,0.00064288
ONG/BTC,1610243013153,2021-01-10T01:43:33.153Z,sell,5.74e-06,866.0,0.00497084
ONG/BTC,1610243013274,2021-01-10T01:43:33.274Z,sell,5.74e-06,260.0,0.0014924
ONG/BTC,1610243013920,2021-01-10T01:43:33.920Z,sell,5.74e-06,372.0,0.0021352800000000003
ONG/BTC,1610243015242,2021-01-10T01:43:35.242Z,sell,5.74e-06,112.0,0.00064288
ONG/BTC,1610243015575,2021-01-10T01:43:35.575Z,sell,5.74e-06,260.0,0.0014924
ONG/BTC,1610243038390,2021-01-10T01:43:58.390Z,sell,5.74e-06,779.0,0.00447146
ONG/BTC,1610243062882,2021-01-10T01:44:22.882Z,sell,5.74e-06,272.0,0.00156128
ONG/BTC,1610243066601,2021-01-10T01:44:26.601Z,sell,5.74e-06,259.0,0.00148666
ONG/BTC,1610243083781,2021-01-10T01:44:43.781Z,sell,5.74e-06,567.0,0.00325458
ONG/BTC,1610243129606,2021-01-10T01:45:29.606Z,sell,5.74e-06,508.0,0.0029159200000000002
ONG/BTC,1610243174986,2021-01-10T01:46:14.986Z,sell,5.74e-06,146.0,0.00083804
ONG/BTC,1610243202881,2021-01-10T01:46:42.881Z,sell,5.75e-06,245.0,0.00140875
ONG/BTC,1610243202883,2021-01-10T01:46:42.883Z,sell,5.75e-06,8.0,4.6e-05
ONG/BTC,1610243216874,2021-01-10T01:46:56.874Z,sell,5.74e-06,54.0,0.00030996
ONG/BTC,1610243220351,2021-01-10T01:47:00.351Z,sell,5.74e-06,728.0,0.00417872
ONG/BTC,1610243238329,2021-01-10T01:47:18.329Z,sell,5.74e-06,50.0,0.000287
ONG/BTC,1610243259472,2021-01-10T01:47:39.472Z,sell,5.74e-06,409.0,0.00234766
ONG/BTC,1610243261708,2021-01-10T01:47:41.708Z,sell,5.74e-06,1793.0,0.01029182
ONG/BTC,1610243261708,2021-01-10T01:47:41.708Z,sell,5.74e-06,1793.0,0.01029182
ONG/BTC,1610243297309,2021-01-10T01:48:17.309Z,sell,5.74e-06,61.0,0.00035014000000000003
ONG/BTC,1610243305720,2021-01-10T01:48:25.720Z,sell,5.74e-06,1159.0,0.00665266
ONG/BTC,1610243321104,2021-01-10T01:48:41.104Z,sell,5.74e-06,46.0,0.00026404
ONG/BTC,1610243346672,2021-01-10T01:49:06.672Z,sell,5.74e-06,211.0,0.00121114
ONG/BTC,1610243351068,2021-01-10T01:49:11.068Z,sell,5.74e-06,1252.0,0.00718648
ONG/BTC,1610243351828,2021-01-10T01:49:11.828Z,sell,5.74e-06,408.0,0.00234192
ONG/BTC,1610243429552,2021-01-10T01:50:29.552Z,sell,5.74e-06,201.0,0.00115374
ONG/BTC,1610243488297,2021-01-10T01:51:28.297Z,sell,5.74e-06,388.0,0.00222712
ONG/BTC,1610243609787,2021-01-10T01:53:29.787Z,sell,5.74e-06,259.0,0.00148666
ONG/BTC,1610243612858,2021-01-10T01:53:32.858Z,sell,5.74e-06,49.0,0.00028126000000000003
ONG/BTC,1610243687344,2021-01-10T01:54:47.344Z,sell,5.74e-06,53.0,0.00030422
ONG/BTC,1610244132156,2021-01-10T02:02:12.156Z,sell,5.77e-06,434.0,0.00250418
ONG/BTC,1610244132161,2021-01-10T02:02:12.161Z,sell,5.77e-06,9.0,5.193e-05
ONG/BTC,1610244146295,2021-01-10T02:02:26.295Z,buy,5.77e-06,58.0,0.00033465999999999997
ONG/BTC,1610244266738,2021-01-10T02:04:26.738Z,sell,5.74e-06,34.0,0.00019516
ONG/BTC,1610244288243,2021-01-10T02:04:48.243Z,buy,5.76e-06,156.0,0.00089856
ONG/BTC,1610244304597,2021-01-10T02:05:04.597Z,buy,5.76e-06,37.0,0.00021312
ONG/BTC,1610244306163,2021-01-10T02:05:06.163Z,buy,5.77e-06,520.0,0.0030004
ONG/BTC,1610244313518,2021-01-10T02:05:13.518Z,buy,5.77e-06,4.0,2.308e-05
ONG/BTC,1610244322105,2021-01-10T02:05:22.105Z,buy,5.78e-06,860.0,0.0049708
ONG/BTC,1610244371488,2021-01-10T02:06:11.488Z,buy,5.8e-06,488.0,0.0028304000000000003
ONG/BTC,1610244396701,2021-01-10T02:06:36.701Z,buy,5.81e-06,19.0,0.00011039
ONG/BTC,1610244430174,2021-01-10T02:07:10.174Z,buy,5.81e-06,774.0,0.0044969400000000005
