symbol,timestamp,datetime,side,price,amount,btc_volume
PIVX/BTC,1631804430014,2021-09-16T15:00:30.014Z,buy,1.851e-05,19.0,0.00035169
PIVX/BTC,1631804430014,2021-09-16T15:00:30.014Z,buy,1.854e-05,68.0,0.00126072
PIVX/BTC,1631804430014,2021-09-16T15:00:30.014Z,buy,1.855e-05,26.0,0.0004823
PIVX/BTC,1631804430014,2021-09-16T15:00:30.014Z,buy,1.857e-05,26.0,0.00048282
PIVX/BTC,1631804430014,2021-09-16T15:00:30.014Z,buy,1.859e-05,39.0,0.00072501
PIVX/BTC,1631804430014,2021-09-16T15:00:30.014Z,buy,1.86e-05,307.0,0.0057102
PIVX/BTC,1631804430014,2021-09-16T15:00:30.014Z,buy,1.861e-05,56.0,0.0010421599999999999
PIVX/BTC,1631804430014,2021-09-16T15:00:30.014Z,buy,1.863e-05,134.0,0.00249642
PIVX/BTC,1631804430014,2021-09-16T15:00:30.014Z,buy,1.864e-05,131.0,0.0024418400000000002
PIVX/BTC,1631804430014,2021-09-16T15:00:30.014Z,buy,1.865e-05,90.0,0.0016784999999999999
PIVX/BTC,1631804430014,2021-09-16T15:00:30.014Z,buy,1.866e-05,528.0,0.00985248
PIVX/BTC,1631804430014,2021-09-16T15:00:30.014Z,buy,1.867e-05,26.0,0.00048541999999999997
PIVX/BTC,1631804430014,2021-09-16T15:00:30.014Z,buy,1.869e-05,73.0,0.00136437
PIVX/BTC,1631804430014,2021-09-16T15:00:30.014Z,buy,1.87e-05,28.0,0.0005236
PIVX/BTC,1631804430014,2021-09-16T15:00:30.014Z,buy,1.871e-05,285.0,0.00533235
PIVX/BTC,1631804430014,2021-09-16T15:00:30.014Z,buy,1.872e-05,107.0,0.00200304
PIVX/BTC,1631804430014,2021-09-16T15:00:30.014Z,buy,1.873e-05,26.0,0.00048698
PIVX/BTC,1631804430014,2021-09-16T15:00:30.014Z,buy,1.874e-05,1124.0,0.02106376
PIVX/BTC,1631804430014,2021-09-16T15:00:30.014Z,buy,1.875e-05,26.0,0.0004875
PIVX/BTC,1631804430014,2021-09-16T15:00:30.014Z,buy,1.876e-05,274.0,0.00514024
PIVX/BTC,1631804430497,2021-09-16T15:00:30.497Z,sell,1.855e-05,106.0,0.0019663
PIVX/BTC,1631804434363,2021-09-16T15:00:34.363Z,sell,1.861e-05,13.0,0.00024193
PIVX/BTC,1631804434367,2021-09-16T15:00:34.367Z,sell,1.856e-05,13.0,0.00024127999999999997
PIVX/BTC,1631804434767,2021-09-16T15:00:34.767Z,sell,1.866e-05,13.0,0.00024258
PIVX/BTC,1631804435946,2021-09-16T15:00:35.946Z,sell,1.86e-05,107.0,0.0019902
PIVX/BTC,1631804435981,2021-09-16T15:00:35.981Z,buy,1.86e-05,26.0,0.00048360000000000005
PIVX/BTC,1631804436018,2021-09-16T15:00:36.018Z,buy,1.86e-05,26.0,0.00048360000000000005
PIVX/BTC,1631804436628,2021-09-16T15:00:36.628Z,buy,1.86e-05,26.0,0.00048360000000000005
PIVX/BTC,1631804436953,2021-09-16T15:00:36.953Z,buy,1.86e-05,26.0,0.00048360000000000005
PIVX/BTC,1631804437731,2021-09-16T15:00:37.731Z,buy,1.86e-05,26.0,0.00048360000000000005
PIVX/BTC,1631804438059,2021-09-16T15:00:38.059Z,buy,1.86e-05,26.0,0.00048360000000000005
PIVX/BTC,1631804469061,2021-09-16T15:01:09.061Z,sell,1.858e-05,26.0,0.00048308000000000004
PIVX/BTC,1631804469061,2021-09-16T15:01:09.061Z,sell,1.856e-05,26.0,0.00048255999999999993
PIVX/BTC,1631804469061,2021-09-16T15:01:09.061Z,sell,1.854e-05,22.0,0.00040787999999999995
PIVX/BTC,1631804476961,2021-09-16T15:01:16.961Z,sell,1.854e-05,4.0,7.416e-05
PIVX/BTC,1631804476961,2021-09-16T15:01:16.961Z,sell,1.852e-05,49.0,0.0009074799999999999
PIVX/BTC,1631804476961,2021-09-16T15:01:16.961Z,sell,1.851e-05,110.0,0.0020361
PIVX/BTC,1631804641317,2021-09-16T15:04:01.317Z,buy,1.857e-05,46.0,0.00085422
PIVX/BTC,1631804692874,2021-09-16T15:04:52.874Z,sell,1.852e-05,7.0,0.00012963999999999999
PIVX/BTC,1631804706771,2021-09-16T15:05:06.771Z,sell,1.857e-05,40.0,0.0007428000000000001
PIVX/BTC,1631804774484,2021-09-16T15:06:14.484Z,sell,1.857e-05,12.0,0.00022284
PIVX/BTC,1631804834532,2021-09-16T15:07:14.532Z,buy,1.859e-05,24.0,0.00044616
PIVX/BTC,1631804979163,2021-09-16T15:09:39.163Z,buy,1.859e-05,63.0,0.00117117
PIVX/BTC,1631804979193,2021-09-16T15:09:39.193Z,sell,1.859e-05,50.0,0.0009295
PIVX/BTC,1631805007930,2021-09-16T15:10:07.930Z,sell,1.857e-05,90.0,0.0016713
PIVX/BTC,1631805008319,2021-09-16T15:10:08.319Z,sell,1.857e-05,112.0,0.00207984
PIVX/BTC,1631805016860,2021-09-16T15:10:16.860Z,sell,1.857e-05,6.0,0.00011142
PIVX/BTC,1631805016989,2021-09-16T15:10:16.989Z,sell,1.857e-05,38.0,0.00070566
PIVX/BTC,1631805017036,2021-09-16T15:10:17.036Z,sell,1.857e-05,73.0,0.00135561
PIVX/BTC,1631805157678,2021-09-16T15:12:37.678Z,sell,1.857e-05,1033.0,0.01918281
PIVX/BTC,1631805200865,2021-09-16T15:13:20.865Z,sell,1.857e-05,100.0,0.001857
PIVX/BTC,1631805292045,2021-09-16T15:14:52.045Z,sell,1.857e-05,229.0,0.00425253
PIVX/BTC,1631805774232,2021-09-16T15:22:54.232Z,sell,1.857e-05,100.0,0.001857
PIVX/BTC,1631805972057,2021-09-16T15:26:12.057Z,buy,1.861e-05,21.0,0.00039081
PIVX/BTC,1631806001399,2021-09-16T15:26:41.399Z,sell,1.857e-05,35.0,0.00064995
PIVX/BTC,1631806016823,2021-09-16T15:26:56.823Z,sell,1.857e-05,32.0,0.00059424
PIVX/BTC,1631806018031,2021-09-16T15:26:58.031Z,sell,1.857e-05,26.0,0.00048282
PIVX/BTC,1631806018226,2021-09-16T15:26:58.226Z,sell,1.857e-05,24.0,0.00044568
PIVX/BTC,1631806102474,2021-09-16T15:28:22.474Z,buy,1.861e-05,5.0,9.305e-05
PIVX/BTC,1631806102474,2021-09-16T15:28:22.474Z,buy,1.863e-05,26.0,0.00048437999999999997
PIVX/BTC,1631806102474,2021-09-16T15:28:22.474Z,buy,1.864e-05,13.0,0.00024232000000000002
PIVX/BTC,1631806102474,2021-09-16T15:28:22.474Z,buy,1.865e-05,26.0,0.00048489999999999997
PIVX/BTC,1631806102474,2021-09-16T15:28:22.474Z,buy,1.866e-05,23.0,0.00042918000000000003
PIVX/BTC,1631806102474,2021-09-16T15:28:22.474Z,buy,1.867e-05,26.0,0.00048541999999999997
PIVX/BTC,1631806102474,2021-09-16T15:28:22.474Z,buy,1.868e-05,106.0,0.00198008
PIVX/BTC,1631806102474,2021-09-16T15:28:22.474Z,buy,1.869e-05,86.0,0.0016073399999999999
PIVX/BTC,1631806110390,2021-09-16T15:28:30.390Z,sell,1.864e-05,10.0,0.0001864
PIVX/BTC,1631806209857,2021-09-16T15:30:09.857Z,buy,1.868e-05,8.0,0.00014944
PIVX/BTC,1631806226850,2021-09-16T15:30:26.850Z,sell,1.865e-05,57.0,0.00106305
PIVX/BTC,1631806262330,2021-09-16T15:31:02.330Z,buy,1.87e-05,11.0,0.0002057
PIVX/BTC,1631806312181,2021-09-16T15:31:52.181Z,buy,1.87e-05,6.0,0.0001122
PIVX/BTC,1631806312197,2021-09-16T15:31:52.197Z,sell,1.87e-05,8.0,0.0001496
PIVX/BTC,1631806345192,2021-09-16T15:32:25.192Z,buy,1.871e-05,38.0,0.0007109799999999999
PIVX/BTC,1631806388029,2021-09-16T15:33:08.029Z,sell,1.871e-05,4.0,7.484e-05
PIVX/BTC,1631806406216,2021-09-16T15:33:26.216Z,sell,1.87e-05,23.0,0.0004301
PIVX/BTC,1631806484824,2021-09-16T15:34:44.824Z,sell,1.87e-05,40.0,0.000748
PIVX/BTC,1631806485529,2021-09-16T15:34:45.529Z,buy,1.871e-05,2.0,3.742e-05
PIVX/BTC,1631806494996,2021-09-16T15:34:54.996Z,buy,1.872e-05,10.0,0.0001872
PIVX/BTC,1631806570580,2021-09-16T15:36:10.580Z,sell,1.871e-05,65.0,0.0012161499999999998
PIVX/BTC,1631806626026,2021-09-16T15:37:06.026Z,buy,1.872e-05,258.0,0.00482976
PIVX/BTC,1631806691229,2021-09-16T15:38:11.229Z,sell,1.872e-05,40.0,0.0007488
PIVX/BTC,1631806744843,2021-09-16T15:39:04.843Z,buy,1.873e-05,161.0,0.0030155299999999998
PIVX/BTC,1631806785713,2021-09-16T15:39:45.713Z,sell,1.872e-05,71.0,0.00132912
PIVX/BTC,1631806785713,2021-09-16T15:39:45.713Z,sell,1.868e-05,26.0,0.00048568
PIVX/BTC,1631806785713,2021-09-16T15:39:45.713Z,sell,1.866e-05,92.0,0.0017167200000000001
PIVX/BTC,1631806926027,2021-09-16T15:42:06.027Z,sell,1.866e-05,21.0,0.00039186
PIVX/BTC,1631806926069,2021-09-16T15:42:06.069Z,buy,1.866e-05,40.0,0.0007464
PIVX/BTC,1631806946550,2021-09-16T15:42:26.550Z,sell,1.866e-05,188.0,0.0035080800000000002
PIVX/BTC,1631806951743,2021-09-16T15:42:31.743Z,buy,1.865e-05,402.0,0.0074973
PIVX/BTC,1631807098831,2021-09-16T15:44:58.831Z,buy,1.871e-05,60.0,0.0011225999999999999
PIVX/BTC,1631807126538,2021-09-16T15:45:26.538Z,buy,1.871e-05,59.0,0.00110389
PIVX/BTC,1631807152643,2021-09-16T15:45:52.643Z,buy,1.871e-05,13.0,0.00024323
PIVX/BTC,1631807252088,2021-09-16T15:47:32.088Z,sell,1.867e-05,50.0,0.0009335
PIVX/BTC,1631807544765,2021-09-16T15:52:24.765Z,buy,1.871e-05,6.0,0.00011225999999999999
PIVX/BTC,1631807613256,2021-09-16T15:53:33.256Z,buy,1.871e-05,1.0,1.871e-05
PIVX/BTC,1631807641730,2021-09-16T15:54:01.730Z,buy,1.872e-05,222.0,0.00415584
PIVX/BTC,1631807677615,2021-09-16T15:54:37.615Z,sell,1.871e-05,180.0,0.0033678
PIVX/BTC,1631807759036,2021-09-16T15:55:59.036Z,sell,1.871e-05,665.0,0.012442149999999999
PIVX/BTC,1631807795694,2021-09-16T15:56:35.694Z,buy,1.87e-05,23.0,0.0004301
PIVX/BTC,1631807795694,2021-09-16T15:56:35.694Z,buy,1.871e-05,6825.0,0.12769575
PIVX/BTC,1631807867781,2021-09-16T15:57:47.781Z,sell,1.871e-05,40.0,0.0007484
PIVX/BTC,1631807912550,2021-09-16T15:58:32.550Z,sell,1.871e-05,486.0,0.00909306
PIVX/BTC,1631807947763,2021-09-16T15:59:07.763Z,sell,1.871e-05,181.0,0.0033865099999999997
PIVX/BTC,1631807947763,2021-09-16T15:59:07.763Z,sell,1.871e-05,181.0,0.0033865099999999997
PIVX/BTC,1631808001098,2021-09-16T16:00:01.098Z,sell,1.871e-05,107.0,0.00200197
PIVX/BTC,1631808020662,2021-09-16T16:00:20.662Z,buy,1.872e-05,17.0,0.00031824
PIVX/BTC,1631808063968,2021-09-16T16:01:03.968Z,sell,1.871e-05,48.0,0.0008980799999999999
PIVX/BTC,1631808185450,2021-09-16T16:03:05.450Z,buy,1.872e-05,265.0,0.0049608000000000005
PIVX/BTC,1631808185450,2021-09-16T16:03:05.450Z,buy,1.872e-05,265.0,0.0049608000000000005
PIVX/BTC,1631808191656,2021-09-16T16:03:11.656Z,buy,1.873e-05,26.0,0.00048698
PIVX/BTC,1631808191656,2021-09-16T16:03:11.656Z,buy,1.874e-05,13.0,0.00024362
PIVX/BTC,1631808191656,2021-09-16T16:03:11.656Z,buy,1.875e-05,26.0,0.0004875
PIVX/BTC,1631808191656,2021-09-16T16:03:11.656Z,buy,1.877e-05,26.0,0.00048802000000000003
PIVX/BTC,1631808191656,2021-09-16T16:03:11.656Z,buy,1.878e-05,80.0,0.0015024
PIVX/BTC,1631808191656,2021-09-16T16:03:11.656Z,buy,1.879e-05,5.0,9.395000000000001e-05
PIVX/BTC,1631808334243,2021-09-16T16:05:34.243Z,buy,1.879e-05,27.0,0.0005073300000000001
PIVX/BTC,1631808389498,2021-09-16T16:06:29.498Z,buy,1.879e-05,20.0,0.00037580000000000003
PIVX/BTC,1631808389498,2021-09-16T16:06:29.498Z,buy,1.88e-05,23.0,0.0004324
PIVX/BTC,1631808389498,2021-09-16T16:06:29.498Z,buy,1.881e-05,38.0,0.00071478
PIVX/BTC,1631808398153,2021-09-16T16:06:38.153Z,sell,1.876e-05,26.0,0.00048776
PIVX/BTC,1631808471428,2021-09-16T16:07:51.428Z,sell,1.877e-05,29.0,0.0005443300000000001
PIVX/BTC,1631808471428,2021-09-16T16:07:51.428Z,sell,1.876e-05,3.0,5.6279999999999996e-05
PIVX/BTC,1631808511137,2021-09-16T16:08:31.137Z,buy,1.88e-05,6.0,0.0001128
PIVX/BTC,1631808516401,2021-09-16T16:08:36.401Z,sell,1.874e-05,26.0,0.00048724
PIVX/BTC,1631808516401,2021-09-16T16:08:36.401Z,sell,1.872e-05,276.0,0.0051667200000000005
PIVX/BTC,1631808516401,2021-09-16T16:08:36.401Z,sell,1.871e-05,129.0,0.0024135899999999997
PIVX/BTC,1631808666743,2021-09-16T16:11:06.743Z,buy,1.877e-05,13.0,0.00024401000000000002
PIVX/BTC,1631808675981,2021-09-16T16:11:15.981Z,buy,1.877e-05,13.0,0.00024401000000000002
PIVX/BTC,1631808675981,2021-09-16T16:11:15.981Z,buy,1.879e-05,276.0,0.00518604
PIVX/BTC,1631808675981,2021-09-16T16:11:15.981Z,buy,1.88e-05,208.0,0.0039104
PIVX/BTC,1631808728701,2021-09-16T16:12:08.701Z,buy,1.881e-05,13.0,0.00024453
PIVX/BTC,1631808789369,2021-09-16T16:13:09.369Z,sell,1.88e-05,14.0,0.0002632
PIVX/BTC,1631809022345,2021-09-16T16:17:02.345Z,buy,1.88e-05,21.0,0.0003948
PIVX/BTC,1631809044229,2021-09-16T16:17:24.229Z,sell,1.874e-05,36.0,0.00067464
PIVX/BTC,1631809051299,2021-09-16T16:17:31.299Z,buy,1.879e-05,35.0,0.0006576500000000001
PIVX/BTC,1631809096872,2021-09-16T16:18:16.872Z,buy,1.879e-05,26.0,0.00048854
PIVX/BTC,1631809096885,2021-09-16T16:18:16.885Z,sell,1.879e-05,28.0,0.00052612
PIVX/BTC,1631809175937,2021-09-16T16:19:35.937Z,sell,1.879e-05,88.0,0.0016535200000000001
PIVX/BTC,1631809222777,2021-09-16T16:20:22.777Z,buy,1.88e-05,6.0,0.0001128
PIVX/BTC,1631809341663,2021-09-16T16:22:21.663Z,buy,1.88e-05,29.0,0.0005452
PIVX/BTC,1631809586443,2021-09-16T16:26:26.443Z,sell,1.879e-05,339.0,0.00636981
PIVX/BTC,1631809586443,2021-09-16T16:26:26.443Z,sell,1.875e-05,106.0,0.0019874999999999997
PIVX/BTC,1631809586443,2021-09-16T16:26:26.443Z,sell,1.874e-05,366.0,0.00685884
PIVX/BTC,1631809586443,2021-09-16T16:26:26.443Z,sell,1.873e-05,54.0,0.0010114199999999999
PIVX/BTC,1631809586443,2021-09-16T16:26:26.443Z,sell,1.872e-05,262.0,0.00490464
PIVX/BTC,1631809586443,2021-09-16T16:26:26.443Z,sell,1.871e-05,676.0,0.01264796
PIVX/BTC,1631809663865,2021-09-16T16:27:43.865Z,sell,1.871e-05,36.0,0.0006735599999999999
PIVX/BTC,1631809881489,2021-09-16T16:31:21.489Z,buy,1.875e-05,53.0,0.0009937499999999998
PIVX/BTC,1631809886466,2021-09-16T16:31:26.466Z,buy,1.874e-05,250.0,0.004685
PIVX/BTC,1631809978466,2021-09-16T16:32:58.466Z,buy,1.874e-05,185.0,0.0034669
PIVX/BTC,1631810003154,2021-09-16T16:33:23.154Z,buy,1.874e-05,112.0,0.00209888
PIVX/BTC,1631810021922,2021-09-16T16:33:41.922Z,buy,1.874e-05,221.0,0.00414154
PIVX/BTC,1631810050617,2021-09-16T16:34:10.617Z,buy,1.874e-05,170.0,0.0031858
PIVX/BTC,1631810076467,2021-09-16T16:34:36.467Z,buy,1.872e-05,40.0,0.0007488
PIVX/BTC,1631810103184,2021-09-16T16:35:03.184Z,buy,1.872e-05,3.0,5.6160000000000004e-05
PIVX/BTC,1631810282942,2021-09-16T16:38:02.942Z,sell,1.872e-05,33.0,0.00061776
PIVX/BTC,1631810326293,2021-09-16T16:38:46.293Z,sell,1.872e-05,10.0,0.0001872
PIVX/BTC,1631810578415,2021-09-16T16:42:58.415Z,sell,1.872e-05,40.0,0.0007488
PIVX/BTC,1631810578415,2021-09-16T16:42:58.415Z,sell,1.871e-05,46.0,0.00086066
PIVX/BTC,1631810645258,2021-09-16T16:44:05.258Z,buy,1.875e-05,687.0,0.012881249999999999
PIVX/BTC,1631810678907,2021-09-16T16:44:38.907Z,buy,1.875e-05,167.0,0.00313125
PIVX/BTC,1631810748046,2021-09-16T16:45:48.046Z,buy,1.875e-05,163.0,0.00305625
PIVX/BTC,1631810862686,2021-09-16T16:47:42.686Z,buy,1.875e-05,163.0,0.00305625
PIVX/BTC,1631810920603,2021-09-16T16:48:40.603Z,sell,1.871e-05,1772.0,0.033154119999999995
PIVX/BTC,1631810920603,2021-09-16T16:48:40.603Z,sell,1.87e-05,26.0,0.0004862
PIVX/BTC,1631810920603,2021-09-16T16:48:40.603Z,sell,1.868e-05,26.0,0.00048568
PIVX/BTC,1631810920603,2021-09-16T16:48:40.603Z,sell,1.866e-05,300.0,0.0055980000000000005
PIVX/BTC,1631810920603,2021-09-16T16:48:40.603Z,sell,1.865e-05,811.0,0.015125149999999999
PIVX/BTC,1631810920603,2021-09-16T16:48:40.603Z,sell,1.864e-05,117.0,0.00218088
PIVX/BTC,1631810920603,2021-09-16T16:48:40.603Z,sell,1.862e-05,263.0,0.00489706
PIVX/BTC,1631810920603,2021-09-16T16:48:40.603Z,sell,1.861e-05,28.0,0.0005210799999999999
PIVX/BTC,1631810920603,2021-09-16T16:48:40.603Z,sell,1.86e-05,348.0,0.006472800000000001
PIVX/BTC,1631810920603,2021-09-16T16:48:40.603Z,sell,1.859e-05,334.0,0.00620906
PIVX/BTC,1631810920603,2021-09-16T16:48:40.603Z,sell,1.858e-05,3213.0,0.05969754000000001
PIVX/BTC,1631810920603,2021-09-16T16:48:40.603Z,sell,1.857e-05,6135.0,0.11392695
PIVX/BTC,1631810933248,2021-09-16T16:48:53.248Z,buy,1.863e-05,26.0,0.00048437999999999997
PIVX/BTC,1631810940150,2021-09-16T16:49:00.150Z,buy,1.865e-05,2.0,3.73e-05
PIVX/BTC,1631810960142,2021-09-16T16:49:20.142Z,buy,1.865e-05,24.0,0.0004476
PIVX/BTC,1631811241629,2021-09-16T16:54:01.629Z,sell,1.86e-05,120.0,0.002232
PIVX/BTC,1631811509527,2021-09-16T16:58:29.527Z,buy,1.867e-05,13.0,0.00024270999999999999
PIVX/BTC,1631811509527,2021-09-16T16:58:29.527Z,buy,1.867e-05,13.0,0.00024270999999999999
PIVX/BTC,1631811608612,2021-09-16T17:00:08.612Z,sell,1.86e-05,32.0,0.0005952
PIVX/BTC,1631811608612,2021-09-16T17:00:08.612Z,sell,1.858e-05,198.0,0.0036788400000000005
PIVX/BTC,1631811608612,2021-09-16T17:00:08.612Z,sell,1.857e-05,250.0,0.0046425
PIVX/BTC,1631811608612,2021-09-16T17:00:08.612Z,sell,1.856e-05,351.0,0.006514559999999999
PIVX/BTC,1631811608612,2021-09-16T17:00:08.612Z,sell,1.855e-05,7.0,0.00012985
PIVX/BTC,1631811608612,2021-09-16T17:00:08.612Z,sell,1.854e-05,1615.0,0.0299421
PIVX/BTC,1631811608612,2021-09-16T17:00:08.612Z,sell,1.853e-05,47.0,0.00087091
PIVX/BTC,1631811608612,2021-09-16T17:00:08.612Z,sell,1.852e-05,103.0,0.00190756
PIVX/BTC,1631811608612,2021-09-16T17:00:08.612Z,sell,1.851e-05,1031.0,0.01908381
PIVX/BTC,1631811614012,2021-09-16T17:00:14.012Z,buy,1.861e-05,26.0,0.00048386
PIVX/BTC,1631811614419,2021-09-16T17:00:14.419Z,buy,1.859e-05,13.0,0.00024167
PIVX/BTC,1631811614681,2021-09-16T17:00:14.681Z,buy,1.859e-05,26.0,0.00048334
PIVX/BTC,1631811614978,2021-09-16T17:00:14.978Z,buy,1.857e-05,26.0,0.00048282
PIVX/BTC,1631811734541,2021-09-16T17:02:14.541Z,buy,1.863e-05,142.0,0.00264546
PIVX/BTC,1631811736755,2021-09-16T17:02:16.755Z,sell,1.863e-05,27.0,0.00050301
PIVX/BTC,1631811736755,2021-09-16T17:02:16.755Z,sell,1.857e-05,105.0,0.00194985
PIVX/BTC,1631811736764,2021-09-16T17:02:16.764Z,buy,1.857e-05,120.0,0.0022284
PIVX/BTC,1631811736818,2021-09-16T17:02:16.818Z,buy,1.857e-05,143.0,0.00265551
PIVX/BTC,1631811736868,2021-09-16T17:02:16.868Z,buy,1.857e-05,313.0,0.00581241
PIVX/BTC,1631811753216,2021-09-16T17:02:33.216Z,sell,1.858e-05,26.0,0.00048308000000000004
PIVX/BTC,1631811851774,2021-09-16T17:04:11.774Z,sell,1.856e-05,150.0,0.0027839999999999996
PIVX/BTC,1631811854511,2021-09-16T17:04:14.511Z,sell,1.856e-05,64.0,0.00118784
PIVX/BTC,1631811877002,2021-09-16T17:04:37.002Z,sell,1.854e-05,9.0,0.00016685999999999998
PIVX/BTC,1631811900763,2021-09-16T17:05:00.763Z,buy,1.856e-05,40.0,0.0007423999999999999
PIVX/BTC,1631811911451,2021-09-16T17:05:11.451Z,sell,1.854e-05,17.0,0.00031518
PIVX/BTC,1631811916616,2021-09-16T17:05:16.616Z,buy,1.854e-05,177.0,0.0032815799999999997
PIVX/BTC,1631811956332,2021-09-16T17:05:56.332Z,sell,1.852e-05,26.0,0.00048152
PIVX/BTC,1631811956332,2021-09-16T17:05:56.332Z,sell,1.851e-05,314.0,0.00581214
PIVX/BTC,1631811956332,2021-09-16T17:05:56.332Z,sell,1.85e-05,525.0,0.009712499999999999
PIVX/BTC,1631811956332,2021-09-16T17:05:56.332Z,sell,1.848e-05,26.0,0.00048048
PIVX/BTC,1631811956332,2021-09-16T17:05:56.332Z,sell,1.847e-05,40.0,0.0007388000000000001
PIVX/BTC,1631811956332,2021-09-16T17:05:56.332Z,sell,1.846e-05,39.0,0.00071994
PIVX/BTC,1631811956332,2021-09-16T17:05:56.332Z,sell,1.845e-05,51.0,0.0009409500000000001
PIVX/BTC,1631811956332,2021-09-16T17:05:56.332Z,sell,1.844e-05,29.0,0.00053476
PIVX/BTC,1631811956332,2021-09-16T17:05:56.332Z,sell,1.843e-05,121.0,0.00223003
PIVX/BTC,1631811956332,2021-09-16T17:05:56.332Z,sell,1.842e-05,189.0,0.00348138
PIVX/BTC,1631811956332,2021-09-16T17:05:56.332Z,sell,1.841e-05,2091.0,0.038495310000000005
PIVX/BTC,1631811956332,2021-09-16T17:05:56.332Z,sell,1.841e-05,35.0,0.00064435
PIVX/BTC,1631811956361,2021-09-16T17:05:56.361Z,sell,1.842e-05,29.0,0.00053418
PIVX/BTC,1631811956494,2021-09-16T17:05:56.494Z,buy,1.842e-05,65.0,0.0011972999999999999
PIVX/BTC,1631811964213,2021-09-16T17:06:04.213Z,buy,1.846e-05,26.0,0.00047996
PIVX/BTC,1631811966939,2021-09-16T17:06:06.939Z,sell,1.846e-05,136.0,0.00251056
PIVX/BTC,1631811966939,2021-09-16T17:06:06.939Z,sell,1.842e-05,97.0,0.00178674
PIVX/BTC,1631811966939,2021-09-16T17:06:06.939Z,sell,1.841e-05,24.0,0.00044184000000000004
PIVX/BTC,1631811966939,2021-09-16T17:06:06.939Z,sell,1.839e-05,26.0,0.00047813999999999995
PIVX/BTC,1631811966939,2021-09-16T17:06:06.939Z,sell,1.838e-05,2294.0,0.04216372
PIVX/BTC,1631812074042,2021-09-16T17:07:54.042Z,buy,1.844e-05,12.0,0.00022128
PIVX/BTC,1631812127737,2021-09-16T17:08:47.737Z,sell,1.842e-05,15.0,0.0002763
PIVX/BTC,1631812127737,2021-09-16T17:08:47.737Z,sell,1.841e-05,833.0,0.015335530000000002
PIVX/BTC,1631812219190,2021-09-16T17:10:19.190Z,buy,1.844e-05,6.0,0.00011064
PIVX/BTC,1631812274503,2021-09-16T17:11:14.503Z,buy,1.844e-05,16.0,0.00029504
PIVX/BTC,1631812294604,2021-09-16T17:11:34.604Z,buy,1.846e-05,26.0,0.00047996
PIVX/BTC,1631812337194,2021-09-16T17:12:17.194Z,buy,1.848e-05,26.0,0.00048048
PIVX/BTC,1631812368611,2021-09-16T17:12:48.611Z,buy,1.849e-05,13.0,0.00024037
PIVX/BTC,1631812374351,2021-09-16T17:12:54.351Z,buy,1.851e-05,26.0,0.00048126
PIVX/BTC,1631812381892,2021-09-16T17:13:01.892Z,buy,1.852e-05,10.0,0.0001852
PIVX/BTC,1631812410975,2021-09-16T17:13:30.975Z,buy,1.852e-05,12.0,0.00022223999999999999
PIVX/BTC,1631812444325,2021-09-16T17:14:04.325Z,buy,1.853e-05,6.0,0.00011118
PIVX/BTC,1631812450904,2021-09-16T17:14:10.904Z,buy,1.853e-05,20.0,0.0003706
PIVX/BTC,1631812451578,2021-09-16T17:14:11.578Z,buy,1.854e-05,57.0,0.00105678
PIVX/BTC,1631812493694,2021-09-16T17:14:53.694Z,buy,1.854e-05,9.0,0.00016685999999999998
PIVX/BTC,1631812629878,2021-09-16T17:17:09.878Z,buy,1.854e-05,146.0,0.00270684
PIVX/BTC,1631812644567,2021-09-16T17:17:24.567Z,buy,1.854e-05,44.0,0.0008157599999999999
PIVX/BTC,1631813616270,2021-09-16T17:33:36.270Z,sell,1.85e-05,15.0,0.00027749999999999997
PIVX/BTC,1631813838551,2021-09-16T17:37:18.551Z,sell,1.85e-05,8.0,0.000148
PIVX/BTC,1631813840106,2021-09-16T17:37:20.106Z,sell,1.85e-05,18.0,0.00033299999999999996
PIVX/BTC,1631814070714,2021-09-16T17:41:10.714Z,sell,1.85e-05,20.0,0.00037
PIVX/BTC,1631814081545,2021-09-16T17:41:21.545Z,sell,1.85e-05,6.0,0.00011099999999999999
PIVX/BTC,1631814081570,2021-09-16T17:41:21.570Z,sell,1.85e-05,51.0,0.0009435
PIVX/BTC,1631814081632,2021-09-16T17:41:21.632Z,sell,1.85e-05,6.0,0.00011099999999999999
PIVX/BTC,1631814081661,2021-09-16T17:41:21.661Z,sell,1.85e-05,6.0,0.00011099999999999999
PIVX/BTC,1631814081686,2021-09-16T17:41:21.686Z,sell,1.85e-05,6.0,0.00011099999999999999
PIVX/BTC,1631814081703,2021-09-16T17:41:21.703Z,sell,1.85e-05,17.0,0.0003145
PIVX/BTC,1631814081729,2021-09-16T17:41:21.729Z,sell,1.85e-05,7.0,0.0001295
PIVX/BTC,1631814081754,2021-09-16T17:41:21.754Z,sell,1.85e-05,30.0,0.0005549999999999999
PIVX/BTC,1631814081790,2021-09-16T17:41:21.790Z,sell,1.85e-05,11.0,0.00020349999999999999
PIVX/BTC,1631814081833,2021-09-16T17:41:21.833Z,sell,1.85e-05,8.0,0.000148
PIVX/BTC,1631814087837,2021-09-16T17:41:27.837Z,sell,1.85e-05,7.0,0.0001295
PIVX/BTC,1631814094305,2021-09-16T17:41:34.305Z,sell,1.85e-05,91.0,0.0016834999999999999
PIVX/BTC,1631814094452,2021-09-16T17:41:34.452Z,sell,1.85e-05,90.0,0.0016649999999999998
PIVX/BTC,1631814094525,2021-09-16T17:41:34.525Z,sell,1.85e-05,91.0,0.0016834999999999999
PIVX/BTC,1631814181429,2021-09-16T17:43:01.429Z,sell,1.85e-05,25.0,0.00046249999999999997
PIVX/BTC,1631814433606,2021-09-16T17:47:13.606Z,buy,1.854e-05,40.0,0.0007415999999999999
PIVX/BTC,1631814472281,2021-09-16T17:47:52.281Z,buy,1.855e-05,26.0,0.0004823
PIVX/BTC,1631814472286,2021-09-16T17:47:52.286Z,sell,1.856e-05,499.0,0.00926144
PIVX/BTC,1631815089754,2021-09-16T17:58:09.754Z,sell,1.85e-05,26.0,0.000481
PIVX/BTC,1631815089754,2021-09-16T17:58:09.754Z,sell,1.85e-05,26.0,0.000481
PIVX/BTC,1631815171324,2021-09-16T17:59:31.324Z,sell,1.848e-05,215.0,0.0039732
PIVX/BTC,1631815171881,2021-09-16T17:59:31.881Z,sell,1.846e-05,12.0,0.00022152
PIVX/BTC,1631815172003,2021-09-16T17:59:32.003Z,sell,1.846e-05,6.0,0.00011076
PIVX/BTC,1631815172040,2021-09-16T17:59:32.040Z,sell,1.846e-05,21.0,0.00038766
PIVX/BTC,1631815179228,2021-09-16T17:59:39.228Z,sell,1.845e-05,6.0,0.00011070000000000001
PIVX/BTC,1631815191137,2021-09-16T17:59:51.137Z,sell,1.845e-05,22.0,0.00040590000000000005
PIVX/BTC,1631815342872,2021-09-16T18:02:22.872Z,buy,1.848e-05,331.0,0.00611688
PIVX/BTC,1631815412052,2021-09-16T18:03:32.052Z,buy,1.85e-05,171.0,0.0031634999999999996
PIVX/BTC,1631815590401,2021-09-16T18:06:30.401Z,buy,1.85e-05,23.0,0.0004255
PIVX/BTC,1631815646111,2021-09-16T18:07:26.111Z,buy,1.85e-05,18.0,0.00033299999999999996
PIVX/BTC,1631815650682,2021-09-16T18:07:30.682Z,buy,1.85e-05,38.0,0.000703
PIVX/BTC,1631815650682,2021-09-16T18:07:30.682Z,buy,1.851e-05,517.0,0.00956967
PIVX/BTC,1631815650682,2021-09-16T18:07:30.682Z,buy,1.853e-05,26.0,0.00048178
PIVX/BTC,1631815650682,2021-09-16T18:07:30.682Z,buy,1.854e-05,13.0,0.00024102
PIVX/BTC,1631815650682,2021-09-16T18:07:30.682Z,buy,1.855e-05,26.0,0.0004823
PIVX/BTC,1631815650682,2021-09-16T18:07:30.682Z,buy,1.856e-05,27.0,0.00050112
PIVX/BTC,1631815650682,2021-09-16T18:07:30.682Z,buy,1.857e-05,112.0,0.00207984
PIVX/BTC,1631815650682,2021-09-16T18:07:30.682Z,buy,1.858e-05,19.0,0.00035302
PIVX/BTC,1631815650682,2021-09-16T18:07:30.682Z,buy,1.859e-05,206.0,0.0038295399999999998
PIVX/BTC,1631815659133,2021-09-16T18:07:39.133Z,sell,1.854e-05,26.0,0.00048204
PIVX/BTC,1631815691615,2021-09-16T18:08:11.615Z,sell,1.852e-05,6.0,0.00011111999999999999
PIVX/BTC,1631815693565,2021-09-16T18:08:13.565Z,sell,1.852e-05,20.0,0.0003704
PIVX/BTC,1631815693565,2021-09-16T18:08:13.565Z,sell,1.851e-05,5.0,9.255e-05
PIVX/BTC,1631815694424,2021-09-16T18:08:14.424Z,sell,1.851e-05,6.0,0.00011106000000000001
PIVX/BTC,1631815694474,2021-09-16T18:08:14.474Z,sell,1.851e-05,2.0,3.702e-05
PIVX/BTC,1631815694474,2021-09-16T18:08:14.474Z,sell,1.85e-05,4.0,7.4e-05
PIVX/BTC,1631815694530,2021-09-16T18:08:14.530Z,sell,1.85e-05,6.0,0.00011099999999999999
PIVX/BTC,1631815699701,2021-09-16T18:08:19.701Z,sell,1.85e-05,16.0,0.000296
PIVX/BTC,1631815699701,2021-09-16T18:08:19.701Z,sell,1.848e-05,79.0,0.00145992
PIVX/BTC,1631815699701,2021-09-16T18:08:19.701Z,sell,1.846e-05,219.0,0.0040427399999999995
PIVX/BTC,1631815832012,2021-09-16T18:10:32.012Z,buy,1.851e-05,10.0,0.0001851
PIVX/BTC,1631815990765,2021-09-16T18:13:10.765Z,buy,1.851e-05,16.0,0.00029616
PIVX/BTC,1631816059066,2021-09-16T18:14:19.066Z,buy,1.853e-05,26.0,0.00048178
PIVX/BTC,1631816059066,2021-09-16T18:14:19.066Z,buy,1.854e-05,13.0,0.00024102
PIVX/BTC,1631816059066,2021-09-16T18:14:19.066Z,buy,1.855e-05,26.0,0.0004823
PIVX/BTC,1631816059066,2021-09-16T18:14:19.066Z,buy,1.856e-05,272.0,0.005048319999999999
PIVX/BTC,1631816059066,2021-09-16T18:14:19.066Z,buy,1.857e-05,100.0,0.001857
PIVX/BTC,1631816103483,2021-09-16T18:15:03.483Z,sell,1.851e-05,36.0,0.0006663600000000001
PIVX/BTC,1631816156713,2021-09-16T18:15:56.713Z,sell,1.851e-05,10.0,0.0001851
PIVX/BTC,1631816306309,2021-09-16T18:18:26.309Z,buy,1.856e-05,27.0,0.00050112
PIVX/BTC,1631816316349,2021-09-16T18:18:36.349Z,sell,1.852e-05,520.0,0.009630399999999999
PIVX/BTC,1631816370514,2021-09-16T18:19:30.514Z,sell,1.852e-05,602.0,0.011149039999999999
PIVX/BTC,1631816370514,2021-09-16T18:19:30.514Z,sell,1.851e-05,1075.0,0.01989825
PIVX/BTC,1631816478979,2021-09-16T18:21:18.979Z,sell,1.85e-05,26.0,0.000481
PIVX/BTC,1631816635091,2021-09-16T18:23:55.091Z,sell,1.848e-05,26.0,0.00048048
PIVX/BTC,1631816635091,2021-09-16T18:23:55.091Z,sell,1.846e-05,343.0,0.0063317799999999995
PIVX/BTC,1631816635091,2021-09-16T18:23:55.091Z,sell,1.845e-05,204.0,0.0037638000000000003
PIVX/BTC,1631816635091,2021-09-16T18:23:55.091Z,sell,1.843e-05,71.0,0.00130853
PIVX/BTC,1631816635091,2021-09-16T18:23:55.091Z,sell,1.842e-05,58.0,0.00106836
PIVX/BTC,1631816635091,2021-09-16T18:23:55.091Z,sell,1.842e-05,50.0,0.0009209999999999999
PIVX/BTC,1631816635091,2021-09-16T18:23:55.091Z,sell,1.841e-05,62.0,0.0011414200000000002
PIVX/BTC,1631816635091,2021-09-16T18:23:55.091Z,sell,1.84e-05,190.0,0.003496
PIVX/BTC,1631816642428,2021-09-16T18:24:02.428Z,buy,1.84e-05,13.0,0.00023920000000000001
PIVX/BTC,1631816642904,2021-09-16T18:24:02.904Z,buy,1.84e-05,46.0,0.0008464
PIVX/BTC,1631816642913,2021-09-16T18:24:02.913Z,buy,1.84e-05,40.0,0.000736
PIVX/BTC,1631816674461,2021-09-16T18:24:34.461Z,sell,1.839e-05,26.0,0.00047813999999999995
PIVX/BTC,1631816674461,2021-09-16T18:24:34.461Z,sell,1.838e-05,23.0,0.00042274
PIVX/BTC,1631816674461,2021-09-16T18:24:34.461Z,sell,1.837e-05,780.0,0.014328599999999999
PIVX/BTC,1631816674461,2021-09-16T18:24:34.461Z,sell,1.836e-05,62.0,0.00113832
PIVX/BTC,1631816674461,2021-09-16T18:24:34.461Z,sell,1.835e-05,33.0,0.00060555
PIVX/BTC,1631816674461,2021-09-16T18:24:34.461Z,sell,1.834e-05,55.0,0.0010087
PIVX/BTC,1631816674461,2021-09-16T18:24:34.461Z,sell,1.833e-05,4.0,7.332e-05
PIVX/BTC,1631816676988,2021-09-16T18:24:36.988Z,buy,1.836e-05,67.0,0.0012301200000000001
PIVX/BTC,1631816678958,2021-09-16T18:24:38.958Z,sell,1.833e-05,150.0,0.0027494999999999998
PIVX/BTC,1631816678958,2021-09-16T18:24:38.958Z,sell,1.832e-05,24.0,0.00043968
PIVX/BTC,1631816678969,2021-09-16T18:24:38.969Z,buy,1.832e-05,21.0,0.00038472
PIVX/BTC,1631816678970,2021-09-16T18:24:38.970Z,buy,1.832e-05,43.0,0.00078776
PIVX/BTC,1631816679058,2021-09-16T18:24:39.058Z,buy,1.832e-05,21.0,0.00038472
PIVX/BTC,1631816679876,2021-09-16T18:24:39.876Z,buy,1.832e-05,40.0,0.0007328
PIVX/BTC,1631816683041,2021-09-16T18:24:43.041Z,sell,1.831e-05,549.0,0.010052189999999999
PIVX/BTC,1631816683041,2021-09-16T18:24:43.041Z,sell,1.829e-05,26.0,0.00047554
PIVX/BTC,1631816683041,2021-09-16T18:24:43.041Z,sell,1.828e-05,11.0,0.00020108000000000002
PIVX/BTC,1631816683051,2021-09-16T18:24:43.051Z,buy,1.828e-05,57.0,0.00104196
PIVX/BTC,1631816683120,2021-09-16T18:24:43.120Z,buy,1.828e-05,266.0,0.004862480000000001
PIVX/BTC,1631816683730,2021-09-16T18:24:43.730Z,buy,1.828e-05,125.0,0.002285
PIVX/BTC,1631816683823,2021-09-16T18:24:43.823Z,buy,1.828e-05,448.0,0.008189440000000001
PIVX/BTC,1631816685808,2021-09-16T18:24:45.808Z,buy,1.828e-05,28.0,0.0005118400000000001
PIVX/BTC,1631816685868,2021-09-16T18:24:45.868Z,buy,1.828e-05,420.0,0.007677600000000001
PIVX/BTC,1631816685914,2021-09-16T18:24:45.914Z,buy,1.828e-05,448.0,0.008189440000000001
PIVX/BTC,1631816687070,2021-09-16T18:24:47.070Z,sell,1.827e-05,2092.0,0.03822084
PIVX/BTC,1631816876110,2021-09-16T18:27:56.110Z,sell,1.828e-05,329.0,0.00601412
PIVX/BTC,1631816883634,2021-09-16T18:28:03.634Z,buy,1.828e-05,60.0,0.0010968
PIVX/BTC,1631816938337,2021-09-16T18:28:58.337Z,sell,1.827e-05,1524.0,0.02784348
PIVX/BTC,1631817041964,2021-09-16T18:30:41.964Z,buy,1.83e-05,329.0,0.0060207
PIVX/BTC,1631817041964,2021-09-16T18:30:41.964Z,buy,1.831e-05,1161.0,0.021257909999999998
PIVX/BTC,1631817051499,2021-09-16T18:30:51.499Z,buy,1.832e-05,26.0,0.00047632
PIVX/BTC,1631817064325,2021-09-16T18:31:04.325Z,buy,1.834e-05,26.0,0.00047684
PIVX/BTC,1631817064950,2021-09-16T18:31:04.950Z,buy,1.836e-05,26.0,0.00047736
PIVX/BTC,1631817065023,2021-09-16T18:31:05.023Z,sell,1.836e-05,41.0,0.00075276
PIVX/BTC,1631817066075,2021-09-16T18:31:06.075Z,buy,1.838e-05,26.0,0.00047788
PIVX/BTC,1631817217885,2021-09-16T18:33:37.885Z,buy,1.838e-05,8.0,0.00014704
PIVX/BTC,1631817248988,2021-09-16T18:34:08.988Z,sell,1.838e-05,155.0,0.0028489
PIVX/BTC,1631817248988,2021-09-16T18:34:08.988Z,sell,1.837e-05,911.0,0.016735069999999998
PIVX/BTC,1631817248988,2021-09-16T18:34:08.988Z,sell,1.834e-05,1621.0,0.02972914
PIVX/BTC,1631817829036,2021-09-16T18:43:49.036Z,buy,1.839e-05,13.0,0.00023906999999999997
PIVX/BTC,1631817982162,2021-09-16T18:46:22.162Z,buy,1.84e-05,26.0,0.00047840000000000003
PIVX/BTC,1631817982162,2021-09-16T18:46:22.162Z,buy,1.842e-05,26.0,0.00047892
PIVX/BTC,1631817982162,2021-09-16T18:46:22.162Z,buy,1.844e-05,39.0,0.0007191599999999999
PIVX/BTC,1631817982162,2021-09-16T18:46:22.162Z,buy,1.845e-05,372.0,0.0068634
PIVX/BTC,1631817982162,2021-09-16T18:46:22.162Z,buy,1.846e-05,129.0,0.00238134
PIVX/BTC,1631818263469,2021-09-16T18:51:03.469Z,sell,1.846e-05,358.0,0.00660868
PIVX/BTC,1631818310095,2021-09-16T18:51:50.095Z,buy,1.848e-05,18.0,0.00033264
PIVX/BTC,1631818574322,2021-09-16T18:56:14.322Z,sell,1.846e-05,1001.0,0.01847846
PIVX/BTC,1631818574322,2021-09-16T18:56:14.322Z,sell,1.846e-05,1001.0,0.01847846
PIVX/BTC,1631818977988,2021-09-16T19:02:57.988Z,sell,1.847e-05,470.0,0.0086809
PIVX/BTC,1631819048075,2021-09-16T19:04:08.075Z,sell,1.847e-05,25.0,0.00046175000000000003
PIVX/BTC,1631819149155,2021-09-16T19:05:49.155Z,sell,1.847e-05,33.0,0.0006095100000000001
PIVX/BTC,1631819196105,2021-09-16T19:06:36.105Z,sell,1.847e-05,52.0,0.00096044
PIVX/BTC,1631819196250,2021-09-16T19:06:36.250Z,sell,1.847e-05,78.0,0.00144066
PIVX/BTC,1631819202223,2021-09-16T19:06:42.223Z,sell,1.847e-05,40.0,0.0007388000000000001
PIVX/BTC,1631819245191,2021-09-16T19:07:25.191Z,sell,1.847e-05,124.0,0.00229028
PIVX/BTC,1631819245459,2021-09-16T19:07:25.459Z,sell,1.847e-05,30.0,0.0005541000000000001
PIVX/BTC,1631819245509,2021-09-16T19:07:25.509Z,sell,1.847e-05,30.0,0.0005541000000000001
PIVX/BTC,1631819373010,2021-09-16T19:09:33.010Z,sell,1.847e-05,759.0,0.01401873
PIVX/BTC,1631819886774,2021-09-16T19:18:06.774Z,buy,1.848e-05,19.0,0.00035112
PIVX/BTC,1631820112248,2021-09-16T19:21:52.248Z,buy,1.849e-05,11.0,0.00020339000000000002
PIVX/BTC,1631820462777,2021-09-16T19:27:42.777Z,sell,1.848e-05,66.0,0.00121968
PIVX/BTC,1631820628900,2021-09-16T19:30:28.900Z,buy,1.849e-05,13.0,0.00024037
PIVX/BTC,1631820729484,2021-09-16T19:32:09.484Z,sell,1.848e-05,12.0,0.00022176
PIVX/BTC,1631821002694,2021-09-16T19:36:42.694Z,buy,1.851e-05,189.0,0.00349839
PIVX/BTC,1631821006901,2021-09-16T19:36:46.901Z,buy,1.851e-05,162.0,0.00299862
PIVX/BTC,1631821039768,2021-09-16T19:37:19.768Z,buy,1.851e-05,62.0,0.00114762
PIVX/BTC,1631821039823,2021-09-16T19:37:19.823Z,sell,1.851e-05,125.0,0.0023137500000000003
PIVX/BTC,1631821121304,2021-09-16T19:38:41.304Z,sell,1.851e-05,70.0,0.0012957
PIVX/BTC,1631821149715,2021-09-16T19:39:09.715Z,buy,1.851e-05,6.0,0.00011106000000000001
PIVX/BTC,1631821246553,2021-09-16T19:40:46.553Z,buy,1.852e-05,56.0,0.0010371199999999999
PIVX/BTC,1631821379107,2021-09-16T19:42:59.107Z,sell,1.848e-05,224.0,0.00413952
PIVX/BTC,1631821546271,2021-09-16T19:45:46.271Z,sell,1.848e-05,83.0,0.0015338399999999999
PIVX/BTC,1631821994220,2021-09-16T19:53:14.220Z,sell,1.848e-05,91.0,0.0016816799999999999
PIVX/BTC,1631821994220,2021-09-16T19:53:14.220Z,sell,1.848e-05,91.0,0.0016816799999999999
PIVX/BTC,1631822294779,2021-09-16T19:58:14.779Z,buy,1.853e-05,2.0,3.706e-05
PIVX/BTC,1631822294779,2021-09-16T19:58:14.779Z,sell,1.848e-05,448.0,0.00827904
PIVX/BTC,1631822294802,2021-09-16T19:58:14.802Z,sell,1.848e-05,643.0,0.01188264
PIVX/BTC,1631822328269,2021-09-16T19:58:48.269Z,sell,1.848e-05,71.0,0.00131208
PIVX/BTC,1631822342389,2021-09-16T19:59:02.389Z,sell,1.848e-05,7.0,0.00012936
PIVX/BTC,1631822438046,2021-09-16T20:00:38.046Z,sell,1.848e-05,44.0,0.00081312
PIVX/BTC,1631822463614,2021-09-16T20:01:03.614Z,sell,1.848e-05,2.0,3.696e-05
PIVX/BTC,1631822463614,2021-09-16T20:01:03.614Z,sell,1.847e-05,612.0,0.01130364
PIVX/BTC,1631822463949,2021-09-16T20:01:03.949Z,sell,1.847e-05,20.0,0.00036940000000000003
PIVX/BTC,1631822469613,2021-09-16T20:01:09.613Z,sell,1.847e-05,29.0,0.00053563
PIVX/BTC,1631822470699,2021-09-16T20:01:10.699Z,sell,1.847e-05,400.0,0.0073880000000000005
PIVX/BTC,1631822470932,2021-09-16T20:01:10.932Z,sell,1.847e-05,60.0,0.0011082000000000002
PIVX/BTC,1631822471601,2021-09-16T20:01:11.601Z,sell,1.847e-05,287.0,0.00530089
PIVX/BTC,1631822472147,2021-09-16T20:01:12.147Z,sell,1.847e-05,56.0,0.00103432
PIVX/BTC,1631822472630,2021-09-16T20:01:12.630Z,sell,1.847e-05,233.0,0.00430351
PIVX/BTC,1631822473773,2021-09-16T20:01:13.773Z,sell,1.847e-05,134.0,0.0024749800000000003
PIVX/BTC,1631822473861,2021-09-16T20:01:13.861Z,sell,1.847e-05,23.0,0.00042481
PIVX/BTC,1631822474190,2021-09-16T20:01:14.190Z,sell,1.847e-05,89.0,0.00164383
PIVX/BTC,1631822474302,2021-09-16T20:01:14.302Z,sell,1.847e-05,92.0,0.00169924
PIVX/BTC,1631822474916,2021-09-16T20:01:14.916Z,sell,1.847e-05,127.0,0.00234569
PIVX/BTC,1631822475269,2021-09-16T20:01:15.269Z,sell,1.847e-05,43.0,0.0007942100000000001
PIVX/BTC,1631822475340,2021-09-16T20:01:15.340Z,sell,1.847e-05,18.0,0.00033246
PIVX/BTC,1631822475641,2021-09-16T20:01:15.641Z,sell,1.847e-05,41.0,0.00075727
PIVX/BTC,1631822475836,2021-09-16T20:01:15.836Z,sell,1.847e-05,222.0,0.00410034
PIVX/BTC,1631822476359,2021-09-16T20:01:16.359Z,sell,1.847e-05,33.0,0.0006095100000000001
PIVX/BTC,1631822476378,2021-09-16T20:01:16.378Z,sell,1.847e-05,571.0,0.010546370000000001
PIVX/BTC,1631822476505,2021-09-16T20:01:16.505Z,sell,1.847e-05,20.0,0.00036940000000000003
PIVX/BTC,1631822477175,2021-09-16T20:01:17.175Z,sell,1.847e-05,122.0,0.00225334
PIVX/BTC,1631822480311,2021-09-16T20:01:20.311Z,sell,1.847e-05,34.0,0.00062798
PIVX/BTC,1631822481193,2021-09-16T20:01:21.193Z,sell,1.847e-05,52.0,0.00096044
PIVX/BTC,1631822481375,2021-09-16T20:01:21.375Z,sell,1.847e-05,538.0,0.00993686
PIVX/BTC,1631822481910,2021-09-16T20:01:21.910Z,sell,1.847e-05,18.0,0.00033246
PIVX/BTC,1631822482152,2021-09-16T20:01:22.152Z,sell,1.847e-05,85.0,0.00156995
PIVX/BTC,1631822482593,2021-09-16T20:01:22.593Z,sell,1.847e-05,150.0,0.0027705
PIVX/BTC,1631822482875,2021-09-16T20:01:22.875Z,sell,1.847e-05,17.0,0.00031399
PIVX/BTC,1631822483222,2021-09-16T20:01:23.222Z,sell,1.847e-05,158.0,0.00291826
PIVX/BTC,1631822484952,2021-09-16T20:01:24.952Z,sell,1.847e-05,41.0,0.00075727
PIVX/BTC,1631822486645,2021-09-16T20:01:26.645Z,sell,1.847e-05,258.0,0.00476526
PIVX/BTC,1631822487163,2021-09-16T20:01:27.163Z,sell,1.847e-05,53.0,0.0009789100000000002
PIVX/BTC,1631822487329,2021-09-16T20:01:27.329Z,sell,1.847e-05,67.0,0.0012374900000000002
PIVX/BTC,1631822487681,2021-09-16T20:01:27.681Z,sell,1.847e-05,1530.0,0.028259100000000002
PIVX/BTC,1631822488827,2021-09-16T20:01:28.827Z,sell,1.847e-05,36.0,0.00066492
PIVX/BTC,1631822490371,2021-09-16T20:01:30.371Z,sell,1.847e-05,21.0,0.00038787
PIVX/BTC,1631822491041,2021-09-16T20:01:31.041Z,sell,1.847e-05,66.0,0.0012190200000000001
PIVX/BTC,1631822491182,2021-09-16T20:01:31.182Z,sell,1.847e-05,495.0,0.00914265
PIVX/BTC,1631822491913,2021-09-16T20:01:31.913Z,sell,1.847e-05,21.0,0.00038787
PIVX/BTC,1631822491932,2021-09-16T20:01:31.932Z,sell,1.847e-05,24.0,0.00044328
PIVX/BTC,1631822492180,2021-09-16T20:01:32.180Z,sell,1.847e-05,113.0,0.00208711
PIVX/BTC,1631822492480,2021-09-16T20:01:32.480Z,sell,1.847e-05,520.0,0.0096044
PIVX/BTC,1631822492788,2021-09-16T20:01:32.788Z,sell,1.847e-05,43.0,0.0007942100000000001
PIVX/BTC,1631822493561,2021-09-16T20:01:33.561Z,sell,1.847e-05,63.0,0.00116361
PIVX/BTC,1631822493969,2021-09-16T20:01:33.969Z,sell,1.847e-05,194.0,0.00358318
PIVX/BTC,1631822494364,2021-09-16T20:01:34.364Z,sell,1.847e-05,134.0,0.0024749800000000003
PIVX/BTC,1631822494513,2021-09-16T20:01:34.513Z,sell,1.847e-05,162.0,0.0029921400000000003
PIVX/BTC,1631822495062,2021-09-16T20:01:35.062Z,sell,1.847e-05,111.0,0.00205017
PIVX/BTC,1631822495524,2021-09-16T20:01:35.524Z,sell,1.847e-05,18.0,0.00033246
PIVX/BTC,1631822495549,2021-09-16T20:01:35.549Z,sell,1.847e-05,55.0,0.00101585
PIVX/BTC,1631822496058,2021-09-16T20:01:36.058Z,sell,1.847e-05,34.0,0.00062798
PIVX/BTC,1631822496231,2021-09-16T20:01:36.231Z,sell,1.847e-05,40.0,0.0007388000000000001
PIVX/BTC,1631822497232,2021-09-16T20:01:37.232Z,sell,1.847e-05,64.0,0.00118208
PIVX/BTC,1631822497452,2021-09-16T20:01:37.452Z,sell,1.847e-05,39.0,0.00072033
PIVX/BTC,1631822498297,2021-09-16T20:01:38.297Z,sell,1.847e-05,88.0,0.0016253600000000002
PIVX/BTC,1631822498422,2021-09-16T20:01:38.422Z,sell,1.847e-05,16.0,0.00029552
PIVX/BTC,1631822498887,2021-09-16T20:01:38.887Z,sell,1.847e-05,25.0,0.00046175000000000003
PIVX/BTC,1631822500570,2021-09-16T20:01:40.570Z,sell,1.847e-05,111.0,0.00205017
PIVX/BTC,1631822501047,2021-09-16T20:01:41.047Z,sell,1.847e-05,275.0,0.00507925
PIVX/BTC,1631822501929,2021-09-16T20:01:41.929Z,sell,1.847e-05,3550.0,0.0655685
PIVX/BTC,1631822502409,2021-09-16T20:01:42.409Z,sell,1.847e-05,40.0,0.0007388000000000001
PIVX/BTC,1631822503207,2021-09-16T20:01:43.207Z,sell,1.847e-05,98.0,0.00181006
PIVX/BTC,1631822503725,2021-09-16T20:01:43.725Z,sell,1.847e-05,30.0,0.0005541000000000001
PIVX/BTC,1631822504611,2021-09-16T20:01:44.611Z,sell,1.847e-05,40.0,0.0007388000000000001
PIVX/BTC,1631822504818,2021-09-16T20:01:44.818Z,sell,1.847e-05,64.0,0.00118208
PIVX/BTC,1631822505764,2021-09-16T20:01:45.764Z,sell,1.847e-05,248.0,0.00458056
PIVX/BTC,1631822505823,2021-09-16T20:01:45.823Z,sell,1.847e-05,26.0,0.00048022
PIVX/BTC,1631822506184,2021-09-16T20:01:46.184Z,sell,1.847e-05,16.0,0.00029552
PIVX/BTC,1631822506438,2021-09-16T20:01:46.438Z,sell,1.847e-05,553.0,0.010213910000000001
PIVX/BTC,1631822506451,2021-09-16T20:01:46.451Z,sell,1.847e-05,49.0,0.00090503
PIVX/BTC,1631822508096,2021-09-16T20:01:48.096Z,sell,1.847e-05,402.0,0.0074249400000000005
PIVX/BTC,1631822508312,2021-09-16T20:01:48.312Z,sell,1.847e-05,89.0,0.00164383
PIVX/BTC,1631822508497,2021-09-16T20:01:48.497Z,sell,1.847e-05,62.0,0.00114514
PIVX/BTC,1631822508679,2021-09-16T20:01:48.679Z,sell,1.847e-05,44.0,0.0008126800000000001
PIVX/BTC,1631822511267,2021-09-16T20:01:51.267Z,sell,1.847e-05,181.0,0.00334307
PIVX/BTC,1631822512797,2021-09-16T20:01:52.797Z,sell,1.847e-05,83.0,0.00153301
PIVX/BTC,1631822513317,2021-09-16T20:01:53.317Z,sell,1.847e-05,92.0,0.00169924
PIVX/BTC,1631822514155,2021-09-16T20:01:54.155Z,sell,1.847e-05,55.0,0.00101585
PIVX/BTC,1631822609346,2021-09-16T20:03:29.346Z,buy,1.853e-05,118.0,0.00218654
PIVX/BTC,1631822609372,2021-09-16T20:03:29.372Z,sell,1.853e-05,67.0,0.00124151
PIVX/BTC,1631822622121,2021-09-16T20:03:42.121Z,buy,1.854e-05,112.0,0.00207648
PIVX/BTC,1631822641048,2021-09-16T20:04:01.048Z,buy,1.854e-05,49.0,0.0009084599999999999
PIVX/BTC,1631822641124,2021-09-16T20:04:01.124Z,sell,1.854e-05,40.0,0.0007415999999999999
PIVX/BTC,1631822656209,2021-09-16T20:04:16.209Z,buy,1.855e-05,67.0,0.00124285
PIVX/BTC,1631822931022,2021-09-16T20:08:51.022Z,buy,1.855e-05,2.0,3.71e-05
PIVX/BTC,1631822931022,2021-09-16T20:08:51.022Z,buy,1.857e-05,149.0,0.00276693
PIVX/BTC,1631822931022,2021-09-16T20:08:51.022Z,buy,1.858e-05,7.0,0.00013006
PIVX/BTC,1631822931022,2021-09-16T20:08:51.022Z,buy,1.859e-05,10.0,0.0001859
PIVX/BTC,1631823013193,2021-09-16T20:10:13.193Z,buy,1.858e-05,9.0,0.00016722000000000002
PIVX/BTC,1631823148942,2021-09-16T20:12:28.942Z,sell,1.853e-05,731.0,0.01354543
PIVX/BTC,1631823148942,2021-09-16T20:12:28.942Z,sell,1.852e-05,26.0,0.00048152
PIVX/BTC,1631823148942,2021-09-16T20:12:28.942Z,sell,1.85e-05,26.0,0.000481
PIVX/BTC,1631823148942,2021-09-16T20:12:28.942Z,sell,1.848e-05,80.0,0.0014784
PIVX/BTC,1631823148942,2021-09-16T20:12:28.942Z,sell,1.847e-05,58.0,0.00107126
PIVX/BTC,1631823150832,2021-09-16T20:12:30.832Z,sell,1.847e-05,1600.0,0.029552000000000002
PIVX/BTC,1631823189285,2021-09-16T20:13:09.285Z,buy,1.853e-05,26.0,0.00048178
PIVX/BTC,1631823387591,2021-09-16T20:16:27.591Z,sell,1.848e-05,65.0,0.0012012
PIVX/BTC,1631823499268,2021-09-16T20:18:19.268Z,sell,1.848e-05,26.0,0.00048048
PIVX/BTC,1631823501680,2021-09-16T20:18:21.680Z,buy,1.848e-05,86.0,0.00158928
PIVX/BTC,1631823751264,2021-09-16T20:22:31.264Z,sell,1.847e-05,29.0,0.00053563
PIVX/BTC,1631823950268,2021-09-16T20:25:50.268Z,sell,1.847e-05,99.0,0.00182853
PIVX/BTC,1631824054761,2021-09-16T20:27:34.761Z,sell,1.847e-05,1071.0,0.01978137
PIVX/BTC,1631824111486,2021-09-16T20:28:31.486Z,buy,1.853e-05,52.0,0.00096356
PIVX/BTC,1631824111486,2021-09-16T20:28:31.486Z,buy,1.855e-05,5.0,9.275e-05
PIVX/BTC,1631824116351,2021-09-16T20:28:36.351Z,sell,1.848e-05,99.0,0.0018295199999999998
PIVX/BTC,1631824116483,2021-09-16T20:28:36.483Z,sell,1.848e-05,26.0,0.00048048
PIVX/BTC,1631824116483,2021-09-16T20:28:36.483Z,sell,1.847e-05,7.0,0.00012929
PIVX/BTC,1631824218411,2021-09-16T20:30:18.411Z,sell,1.847e-05,20.0,0.00036940000000000003
PIVX/BTC,1631824397701,2021-09-16T20:33:17.701Z,sell,1.847e-05,142.0,0.00262274
PIVX/BTC,1631824592795,2021-09-16T20:36:32.795Z,sell,1.847e-05,391.0,0.007221770000000001
PIVX/BTC,1631824642811,2021-09-16T20:37:22.811Z,sell,1.847e-05,334.0,0.00616898
PIVX/BTC,1631824751796,2021-09-16T20:39:11.796Z,sell,1.847e-05,22.0,0.00040634000000000004
PIVX/BTC,1631824890078,2021-09-16T20:41:30.078Z,sell,1.847e-05,401.0,0.00740647
PIVX/BTC,1631824893494,2021-09-16T20:41:33.494Z,sell,1.847e-05,59.0,0.0010897300000000001
PIVX/BTC,1631825044677,2021-09-16T20:44:04.677Z,sell,1.847e-05,31.0,0.00057257
PIVX/BTC,1631825160849,2021-09-16T20:46:00.849Z,buy,1.852e-05,43.0,0.00079636
PIVX/BTC,1631825173346,2021-09-16T20:46:13.346Z,sell,1.847e-05,1831.0,0.03381857
PIVX/BTC,1631825182040,2021-09-16T20:46:22.040Z,sell,1.847e-05,124.0,0.00229028
PIVX/BTC,1631825184858,2021-09-16T20:46:24.858Z,sell,1.847e-05,40.0,0.0007388000000000001
PIVX/BTC,1631825186541,2021-09-16T20:46:26.541Z,sell,1.847e-05,7.0,0.00012929
PIVX/BTC,1631825190537,2021-09-16T20:46:30.537Z,sell,1.847e-05,190.0,0.0035093000000000004
PIVX/BTC,1631825191800,2021-09-16T20:46:31.800Z,sell,1.847e-05,2515.0,0.04645205
PIVX/BTC,1631825192057,2021-09-16T20:46:32.057Z,sell,1.847e-05,1672.0,0.03088184
PIVX/BTC,1631825192536,2021-09-16T20:46:32.536Z,sell,1.847e-05,6.0,0.00011082
PIVX/BTC,1631825193821,2021-09-16T20:46:33.821Z,sell,1.847e-05,51.0,0.0009419700000000001
PIVX/BTC,1631825196222,2021-09-16T20:46:36.222Z,sell,1.847e-05,501.0,0.00925347
PIVX/BTC,1631825257852,2021-09-16T20:47:37.852Z,sell,1.847e-05,24.0,0.00044328
PIVX/BTC,1631825372962,2021-09-16T20:49:32.962Z,buy,1.853e-05,23.0,0.00042619
PIVX/BTC,1631825376232,2021-09-16T20:49:36.232Z,sell,1.848e-05,40.0,0.0007392
PIVX/BTC,1631825412985,2021-09-16T20:50:12.985Z,sell,1.848e-05,60.0,0.0011088
PIVX/BTC,1631825482208,2021-09-16T20:51:22.208Z,sell,1.848e-05,1.0,1.848e-05
PIVX/BTC,1631825482208,2021-09-16T20:51:22.208Z,sell,1.847e-05,135.0,0.0024934500000000004
PIVX/BTC,1631825482276,2021-09-16T20:51:22.276Z,sell,1.847e-05,46.0,0.00084962
PIVX/BTC,1631825482869,2021-09-16T20:51:22.869Z,sell,1.847e-05,44.0,0.0008126800000000001
PIVX/BTC,1631825487264,2021-09-16T20:51:27.264Z,sell,1.847e-05,126.0,0.00232722
PIVX/BTC,1631825492437,2021-09-16T20:51:32.437Z,sell,1.847e-05,65.0,0.00120055
PIVX/BTC,1631825509736,2021-09-16T20:51:49.736Z,sell,1.847e-05,40.0,0.0007388000000000001
PIVX/BTC,1631825567154,2021-09-16T20:52:47.154Z,buy,1.851e-05,37.0,0.0006848700000000001
PIVX/BTC,1631825567154,2021-09-16T20:52:47.154Z,buy,1.851e-05,37.0,0.0006848700000000001
PIVX/BTC,1631825653900,2021-09-16T20:54:13.900Z,buy,1.851e-05,10.0,0.0001851
PIVX/BTC,1631825676979,2021-09-16T20:54:36.979Z,buy,1.851e-05,51.0,0.00094401
PIVX/BTC,1631825676979,2021-09-16T20:54:36.979Z,buy,1.853e-05,3.0,5.559e-05
PIVX/BTC,1631825676979,2021-09-16T20:54:36.979Z,buy,1.855e-05,21.0,0.00038955
PIVX/BTC,1631825676979,2021-09-16T20:54:36.979Z,buy,1.857e-05,92.0,0.00170844
PIVX/BTC,1631825676987,2021-09-16T20:54:36.987Z,sell,1.857e-05,93.0,0.00172701
PIVX/BTC,1631825677010,2021-09-16T20:54:37.010Z,sell,1.857e-05,282.0,0.00523674
PIVX/BTC,1631825677085,2021-09-16T20:54:37.085Z,sell,1.857e-05,40.0,0.0007428000000000001
PIVX/BTC,1631825677131,2021-09-16T20:54:37.131Z,sell,1.857e-05,156.0,0.00289692
PIVX/BTC,1631825678300,2021-09-16T20:54:38.300Z,sell,1.857e-05,99.0,0.00183843
PIVX/BTC,1631825679073,2021-09-16T20:54:39.073Z,sell,1.857e-05,101.0,0.00187557
PIVX/BTC,1631825682486,2021-09-16T20:54:42.486Z,sell,1.857e-05,74.0,0.00137418
PIVX/BTC,1631825688359,2021-09-16T20:54:48.359Z,sell,1.857e-05,1943.0,0.03608151
PIVX/BTC,1631825706597,2021-09-16T20:55:06.597Z,sell,1.857e-05,34.0,0.00063138
PIVX/BTC,1631825706884,2021-09-16T20:55:06.884Z,buy,1.858e-05,17.0,0.00031586000000000006
PIVX/BTC,1631825768486,2021-09-16T20:56:08.486Z,buy,1.858e-05,30.0,0.0005574
PIVX/BTC,1631825771735,2021-09-16T20:56:11.735Z,sell,1.858e-05,145.0,0.0026941
PIVX/BTC,1631825771745,2021-09-16T20:56:11.745Z,sell,1.857e-05,24.0,0.00044568
PIVX/BTC,1631825772271,2021-09-16T20:56:12.271Z,sell,1.857e-05,122.0,0.00226554
PIVX/BTC,1631825773153,2021-09-16T20:56:13.153Z,sell,1.857e-05,54.0,0.00100278
PIVX/BTC,1631825773248,2021-09-16T20:56:13.248Z,sell,1.857e-05,145.0,0.00269265
PIVX/BTC,1631825776179,2021-09-16T20:56:16.179Z,sell,1.857e-05,122.0,0.00226554
PIVX/BTC,1631825776292,2021-09-16T20:56:16.292Z,sell,1.857e-05,136.0,0.00252552
PIVX/BTC,1631825781272,2021-09-16T20:56:21.272Z,sell,1.857e-05,122.0,0.00226554
PIVX/BTC,1631825781336,2021-09-16T20:56:21.336Z,sell,1.857e-05,135.0,0.00250695
PIVX/BTC,1631825786287,2021-09-16T20:56:26.287Z,sell,1.857e-05,122.0,0.00226554
PIVX/BTC,1631825786382,2021-09-16T20:56:26.382Z,sell,1.857e-05,136.0,0.00252552
PIVX/BTC,1631825786420,2021-09-16T20:56:26.420Z,sell,1.857e-05,549.0,0.01019493
PIVX/BTC,1631825787878,2021-09-16T20:56:27.878Z,sell,1.857e-05,72.0,0.00133704
PIVX/BTC,1631825791837,2021-09-16T20:56:31.837Z,sell,1.857e-05,123.0,0.0022841100000000002
PIVX/BTC,1631825792682,2021-09-16T20:56:32.682Z,sell,1.857e-05,149.0,0.00276693
PIVX/BTC,1631825816233,2021-09-16T20:56:56.233Z,buy,1.856e-05,1446.0,0.02683776
PIVX/BTC,1631825816233,2021-09-16T20:56:56.233Z,buy,1.857e-05,453.0,0.00841221
PIVX/BTC,1631825816233,2021-09-16T20:56:56.233Z,buy,1.858e-05,23979.0,0.44552982
PIVX/BTC,1631825887691,2021-09-16T20:58:07.691Z,sell,1.858e-05,6.0,0.00011148000000000001
PIVX/BTC,1631825907081,2021-09-16T20:58:27.081Z,sell,1.858e-05,40.0,0.0007432000000000001
PIVX/BTC,1631825912923,2021-09-16T20:58:32.923Z,sell,1.858e-05,100.0,0.0018580000000000003
PIVX/BTC,1631826174257,2021-09-16T21:02:54.257Z,sell,1.858e-05,50.0,0.0009290000000000001
PIVX/BTC,1631826196361,2021-09-16T21:03:16.361Z,sell,1.858e-05,119.0,0.00221102
PIVX/BTC,1631826416346,2021-09-16T21:06:56.346Z,buy,1.859e-05,29.0,0.00053911
PIVX/BTC,1631826416346,2021-09-16T21:06:56.346Z,buy,1.861e-05,26.0,0.00048386
PIVX/BTC,1631826416346,2021-09-16T21:06:56.346Z,buy,1.863e-05,75.0,0.00139725
PIVX/BTC,1631826421959,2021-09-16T21:07:01.959Z,sell,1.859e-05,62.0,0.00115258
PIVX/BTC,1631826427511,2021-09-16T21:07:07.511Z,sell,1.858e-05,41.0,0.0007617800000000001
PIVX/BTC,1631826668750,2021-09-16T21:11:08.750Z,sell,1.858e-05,9.0,0.00016722000000000002
PIVX/BTC,1631826674932,2021-09-16T21:11:14.932Z,sell,1.858e-05,1444.0,0.026829520000000003
PIVX/BTC,1631826779700,2021-09-16T21:12:59.700Z,sell,1.858e-05,24.0,0.00044592000000000004
PIVX/BTC,1631827113420,2021-09-16T21:18:33.420Z,sell,1.859e-05,32.0,0.00059488
PIVX/BTC,1631827113425,2021-09-16T21:18:33.425Z,sell,1.859e-05,76.0,0.00141284
PIVX/BTC,1631827113904,2021-09-16T21:18:33.904Z,sell,1.859e-05,41.0,0.00076219
PIVX/BTC,1631827114567,2021-09-16T21:18:34.567Z,sell,1.859e-05,75.0,0.00139425
PIVX/BTC,1631827467512,2021-09-16T21:24:27.512Z,sell,1.859e-05,81.0,0.00150579
PIVX/BTC,1631827760429,2021-09-16T21:29:20.429Z,sell,1.859e-05,36.0,0.00066924
PIVX/BTC,1631828020822,2021-09-16T21:33:40.822Z,buy,1.861e-05,19.0,0.00035359
PIVX/BTC,1631828115730,2021-09-16T21:35:15.730Z,sell,1.859e-05,19.0,0.00035321
PIVX/BTC,1631828217112,2021-09-16T21:36:57.112Z,sell,1.859e-05,53.0,0.00098527
PIVX/BTC,1631828228446,2021-09-16T21:37:08.446Z,sell,1.859e-05,53.0,0.00098527
PIVX/BTC,1631828237542,2021-09-16T21:37:17.542Z,sell,1.859e-05,53.0,0.00098527
PIVX/BTC,1631828278428,2021-09-16T21:37:58.428Z,sell,1.859e-05,40.0,0.0007436
PIVX/BTC,1631828282206,2021-09-16T21:38:02.206Z,sell,1.859e-05,53.0,0.00098527
PIVX/BTC,1631828302068,2021-09-16T21:38:22.068Z,sell,1.859e-05,46.0,0.00085514
PIVX/BTC,1631828302068,2021-09-16T21:38:22.068Z,sell,1.858e-05,7.0,0.00013006
PIVX/BTC,1631828367244,2021-09-16T21:39:27.244Z,sell,1.858e-05,53.0,0.00098474
PIVX/BTC,1631828369445,2021-09-16T21:39:29.445Z,sell,1.858e-05,86.0,0.00159788
PIVX/BTC,1631828413043,2021-09-16T21:40:13.043Z,sell,1.858e-05,53.0,0.00098474
PIVX/BTC,1631828430679,2021-09-16T21:40:30.679Z,sell,1.858e-05,171.0,0.0031771800000000004
PIVX/BTC,1631828431038,2021-09-16T21:40:31.038Z,sell,1.858e-05,53.0,0.00098474
PIVX/BTC,1631828434853,2021-09-16T21:40:34.853Z,sell,1.858e-05,171.0,0.0031771800000000004
PIVX/BTC,1631828438057,2021-09-16T21:40:38.057Z,sell,1.858e-05,24.0,0.00044592000000000004
PIVX/BTC,1631828450957,2021-09-16T21:40:50.957Z,sell,1.858e-05,122.0,0.00226676
PIVX/BTC,1631828451598,2021-09-16T21:40:51.598Z,sell,1.858e-05,53.0,0.00098474
PIVX/BTC,1631828532491,2021-09-16T21:42:12.491Z,sell,1.858e-05,67.0,0.0012448600000000002
PIVX/BTC,1631828571377,2021-09-16T21:42:51.377Z,sell,1.858e-05,126.0,0.00234108
PIVX/BTC,1631828575340,2021-09-16T21:42:55.340Z,sell,1.858e-05,66.0,0.0012262800000000002
PIVX/BTC,1631829160253,2021-09-16T21:52:40.253Z,buy,1.862e-05,12.0,0.00022344000000000002
PIVX/BTC,1631829160253,2021-09-16T21:52:40.253Z,buy,1.862e-05,12.0,0.00022344000000000002
PIVX/BTC,1631829280664,2021-09-16T21:54:40.664Z,buy,1.862e-05,22.0,0.00040964
PIVX/BTC,1631829640170,2021-09-16T22:00:40.170Z,buy,1.861e-05,11.0,0.00020470999999999998
PIVX/BTC,1631829640170,2021-09-16T22:00:40.170Z,buy,1.862e-05,31.0,0.00057722
PIVX/BTC,1631829640170,2021-09-16T22:00:40.170Z,buy,1.863e-05,2.0,3.726e-05
PIVX/BTC,1631829663290,2021-09-16T22:01:03.290Z,buy,1.862e-05,10.0,0.00018620000000000003
PIVX/BTC,1631829663290,2021-09-16T22:01:03.290Z,buy,1.863e-05,10.0,0.0001863
PIVX/BTC,1631829663482,2021-09-16T22:01:03.482Z,buy,1.863e-05,47.0,0.00087561
PIVX/BTC,1631829663482,2021-09-16T22:01:03.482Z,buy,1.864e-05,13.0,0.00024232000000000002
PIVX/BTC,1631829663482,2021-09-16T22:01:03.482Z,buy,1.865e-05,107.0,0.00199555
PIVX/BTC,1631829663482,2021-09-16T22:01:03.482Z,buy,1.866e-05,78.0,0.00145548
PIVX/BTC,1631829663482,2021-09-16T22:01:03.482Z,buy,1.867e-05,13.0,0.00024270999999999999
PIVX/BTC,1631829663482,2021-09-16T22:01:03.482Z,buy,1.868e-05,351.0,0.0065566800000000005
PIVX/BTC,1631829664136,2021-09-16T22:01:04.136Z,sell,1.862e-05,53.0,0.00098686
PIVX/BTC,1631829672953,2021-09-16T22:01:12.953Z,buy,1.866e-05,182.0,0.0033961200000000003
PIVX/BTC,1631829673821,2021-09-16T22:01:13.821Z,buy,1.867e-05,6.0,0.00011202
PIVX/BTC,1631829673821,2021-09-16T22:01:13.821Z,buy,1.869e-05,27.0,0.0005046299999999999
PIVX/BTC,1631829673845,2021-09-16T22:01:13.845Z,sell,1.863e-05,6.0,0.00011177999999999999
PIVX/BTC,1631829673925,2021-09-16T22:01:13.925Z,sell,1.864e-05,32.0,0.00059648
PIVX/BTC,1631829673992,2021-09-16T22:01:13.992Z,sell,1.864e-05,31.0,0.00057784
PIVX/BTC,1631829674139,2021-09-16T22:01:14.139Z,sell,1.863e-05,53.0,0.0009873899999999999
PIVX/BTC,1631829674278,2021-09-16T22:01:14.278Z,buy,1.864e-05,192.0,0.0035788800000000004
PIVX/BTC,1631829674942,2021-09-16T22:01:14.942Z,buy,1.864e-05,17.0,0.00031688
PIVX/BTC,1631829674942,2021-09-16T22:01:14.942Z,buy,1.868e-05,43.0,0.00080324
PIVX/BTC,1631829675773,2021-09-16T22:01:15.773Z,buy,1.867e-05,63.0,0.00117621
PIVX/BTC,1631829675773,2021-09-16T22:01:15.773Z,buy,1.868e-05,86.0,0.00160648
PIVX/BTC,1631829675773,2021-09-16T22:01:15.773Z,buy,1.869e-05,65.0,0.00121485
PIVX/BTC,1631829675773,2021-09-16T22:01:15.773Z,buy,1.87e-05,365.0,0.0068255
PIVX/BTC,1631829675773,2021-09-16T22:01:15.773Z,buy,1.871e-05,754.0,0.01410734
PIVX/BTC,1631829675773,2021-09-16T22:01:15.773Z,buy,1.872e-05,119.0,0.00222768
PIVX/BTC,1631829675773,2021-09-16T22:01:15.773Z,buy,1.873e-05,26.0,0.00048698
PIVX/BTC,1631829675773,2021-09-16T22:01:15.773Z,buy,1.874e-05,32.0,0.00059968
PIVX/BTC,1631829675773,2021-09-16T22:01:15.773Z,buy,1.875e-05,32.0,0.0006
PIVX/BTC,1631829675773,2021-09-16T22:01:15.773Z,buy,1.877e-05,26.0,0.00048802000000000003
PIVX/BTC,1631829675773,2021-09-16T22:01:15.773Z,buy,1.878e-05,198.0,0.00371844
PIVX/BTC,1631829675773,2021-09-16T22:01:15.773Z,buy,1.879e-05,46.0,0.0008643400000000001
PIVX/BTC,1631829675773,2021-09-16T22:01:15.773Z,buy,1.881e-05,200.0,0.003762
PIVX/BTC,1631829675773,2021-09-16T22:01:15.773Z,buy,1.883e-05,3046.0,0.05735618
PIVX/BTC,1631829676632,2021-09-16T22:01:16.632Z,buy,1.883e-05,174.0,0.0032764200000000004
PIVX/BTC,1631829677628,2021-09-16T22:01:17.628Z,buy,1.876e-05,84.0,0.00157584
PIVX/BTC,1631829677628,2021-09-16T22:01:17.628Z,buy,1.884e-05,39.0,0.00073476
PIVX/BTC,1631829677628,2021-09-16T22:01:17.628Z,buy,1.885e-05,21.0,0.00039585
PIVX/BTC,1631829677628,2021-09-16T22:01:17.628Z,buy,1.886e-05,26.0,0.00049036
PIVX/BTC,1631829677628,2021-09-16T22:01:17.628Z,buy,1.888e-05,611.0,0.01153568
PIVX/BTC,1631829677628,2021-09-16T22:01:17.628Z,buy,1.889e-05,186.0,0.00351354
PIVX/BTC,1631829677628,2021-09-16T22:01:17.628Z,buy,1.89e-05,535.0,0.010111499999999999
PIVX/BTC,1631829678486,2021-09-16T22:01:18.486Z,sell,1.867e-05,146.0,0.00272582
PIVX/BTC,1631829678576,2021-09-16T22:01:18.576Z,buy,1.878e-05,62.0,0.00116436
PIVX/BTC,1631829678720,2021-09-16T22:01:18.720Z,sell,1.868e-05,91.0,0.00169988
PIVX/BTC,1631829678826,2021-09-16T22:01:18.826Z,sell,1.868e-05,16.0,0.00029888
PIVX/BTC,1631829679067,2021-09-16T22:01:19.067Z,buy,1.869e-05,106.0,0.0019811399999999997
PIVX/BTC,1631829679261,2021-09-16T22:01:19.261Z,buy,1.869e-05,22.0,0.00041118
PIVX/BTC,1631829679571,2021-09-16T22:01:19.571Z,buy,1.869e-05,6.0,0.00011214
PIVX/BTC,1631829679571,2021-09-16T22:01:19.571Z,buy,1.878e-05,78.0,0.00146484
PIVX/BTC,1631829679587,2021-09-16T22:01:19.587Z,buy,1.877e-05,19.0,0.00035663000000000003
PIVX/BTC,1631829679587,2021-09-16T22:01:19.587Z,buy,1.878e-05,36.0,0.00067608
PIVX/BTC,1631829679939,2021-09-16T22:01:19.939Z,sell,1.869e-05,51.0,0.0009531899999999999
PIVX/BTC,1631829679939,2021-09-16T22:01:19.939Z,sell,1.868e-05,7.0,0.00013076
PIVX/BTC,1631829680137,2021-09-16T22:01:20.137Z,buy,1.878e-05,7.0,0.00013146
PIVX/BTC,1631829680137,2021-09-16T22:01:20.137Z,buy,1.879e-05,35.0,0.0006576500000000001
PIVX/BTC,1631829680254,2021-09-16T22:01:20.254Z,buy,1.879e-05,63.0,0.00118377
PIVX/BTC,1631829680254,2021-09-16T22:01:20.254Z,buy,1.889e-05,85.0,0.0016056500000000001
PIVX/BTC,1631829680901,2021-09-16T22:01:20.901Z,sell,1.871e-05,102.0,0.0019084199999999999
PIVX/BTC,1631829680935,2021-09-16T22:01:20.935Z,buy,1.888e-05,62.0,0.00117056
PIVX/BTC,1631829681030,2021-09-16T22:01:21.030Z,sell,1.872e-05,26.0,0.00048672
PIVX/BTC,1631829681183,2021-09-16T22:01:21.183Z,sell,1.877e-05,28.0,0.00052556
PIVX/BTC,1631829682047,2021-09-16T22:01:22.047Z,buy,1.886e-05,6.0,0.00011316
PIVX/BTC,1631829682047,2021-09-16T22:01:22.047Z,buy,1.887e-05,23.0,0.00043401000000000003
PIVX/BTC,1631829682059,2021-09-16T22:01:22.059Z,sell,1.877e-05,78.0,0.00146406
PIVX/BTC,1631829682402,2021-09-16T22:01:22.402Z,sell,1.879e-05,26.0,0.00048854
PIVX/BTC,1631829682402,2021-09-16T22:01:22.402Z,sell,1.876e-05,15.0,0.0002814
PIVX/BTC,1631829682469,2021-09-16T22:01:22.469Z,sell,1.881e-05,13.0,0.00024453
PIVX/BTC,1631829682566,2021-09-16T22:01:22.566Z,buy,1.881e-05,106.0,0.00199386
PIVX/BTC,1631829682566,2021-09-16T22:01:22.566Z,buy,1.885e-05,28.0,0.0005278
PIVX/BTC,1631829682687,2021-09-16T22:01:22.687Z,sell,1.881e-05,26.0,0.00048906
PIVX/BTC,1631829682695,2021-09-16T22:01:22.695Z,sell,1.876e-05,24.0,0.00045023999999999997
PIVX/BTC,1631829682695,2021-09-16T22:01:22.695Z,sell,1.874e-05,2.0,3.748e-05
PIVX/BTC,1631829682740,2021-09-16T22:01:22.740Z,buy,1.885e-05,60.0,0.001131
PIVX/BTC,1631829682740,2021-09-16T22:01:22.740Z,buy,1.888e-05,6.0,0.00011328
PIVX/BTC,1631829683352,2021-09-16T22:01:23.352Z,sell,1.883e-05,26.0,0.00048958
PIVX/BTC,1631829683375,2021-09-16T22:01:23.375Z,buy,1.887e-05,53.0,0.00100011
PIVX/BTC,1631829683421,2021-09-16T22:01:23.421Z,buy,1.887e-05,62.0,0.00116994
PIVX/BTC,1631829683611,2021-09-16T22:01:23.611Z,sell,1.874e-05,24.0,0.00044976
PIVX/BTC,1631829683626,2021-09-16T22:01:23.626Z,buy,1.874e-05,17.0,0.00031858
PIVX/BTC,1631829683634,2021-09-16T22:01:23.634Z,sell,1.885e-05,9.0,0.00016965
PIVX/BTC,1631829684724,2021-09-16T22:01:24.724Z,buy,1.877e-05,26.0,0.00048802000000000003
PIVX/BTC,1631829684724,2021-09-16T22:01:24.724Z,buy,1.879e-05,13.0,0.00024427
PIVX/BTC,1631829684724,2021-09-16T22:01:24.724Z,buy,1.887e-05,165.0,0.00311355
PIVX/BTC,1631829684825,2021-09-16T22:01:24.825Z,sell,1.872e-05,36.0,0.00067392
PIVX/BTC,1631829684844,2021-09-16T22:01:24.844Z,buy,1.887e-05,273.0,0.00515151
PIVX/BTC,1631829684853,2021-09-16T22:01:24.853Z,sell,1.872e-05,61.0,0.00114192
PIVX/BTC,1631829684964,2021-09-16T22:01:24.964Z,buy,1.887e-05,92.0,0.0017360400000000001
PIVX/BTC,1631829685195,2021-09-16T22:01:25.195Z,buy,1.887e-05,43.0,0.00081141
PIVX/BTC,1631829685660,2021-09-16T22:01:25.660Z,buy,1.888e-05,41.0,0.0007740799999999999
PIVX/BTC,1631829686205,2021-09-16T22:01:26.205Z,buy,1.884e-05,25.0,0.00047099999999999996
PIVX/BTC,1631829686261,2021-09-16T22:01:26.261Z,buy,1.884e-05,14.0,0.00026376
PIVX/BTC,1631829686261,2021-09-16T22:01:26.261Z,buy,1.888e-05,386.0,0.0072876799999999995
PIVX/BTC,1631829686304,2021-09-16T22:01:26.304Z,buy,1.888e-05,323.0,0.0060982399999999996
PIVX/BTC,1631829686450,2021-09-16T22:01:26.450Z,buy,1.888e-05,25.0,0.000472
PIVX/BTC,1631829686450,2021-09-16T22:01:26.450Z,buy,1.889e-05,12.0,0.00022668
PIVX/BTC,1631829686470,2021-09-16T22:01:26.470Z,sell,1.878e-05,50.0,0.000939
PIVX/BTC,1631829686907,2021-09-16T22:01:26.907Z,sell,1.877e-05,73.0,0.0013702100000000002
PIVX/BTC,1631829687131,2021-09-16T22:01:27.131Z,buy,1.885e-05,17.0,0.00032045
PIVX/BTC,1631829687233,2021-09-16T22:01:27.233Z,sell,1.878e-05,8.0,0.00015024
PIVX/BTC,1631829687250,2021-09-16T22:01:27.250Z,buy,1.886e-05,26.0,0.00049036
PIVX/BTC,1631829687250,2021-09-16T22:01:27.250Z,buy,1.887e-05,7.0,0.00013209000000000002
PIVX/BTC,1631829687250,2021-09-16T22:01:27.250Z,buy,1.888e-05,22.0,0.00041536
PIVX/BTC,1631829687287,2021-09-16T22:01:27.287Z,buy,1.888e-05,51.0,0.0009628799999999999
PIVX/BTC,1631829687287,2021-09-16T22:01:27.287Z,buy,1.889e-05,59.0,0.00111451
PIVX/BTC,1631829687318,2021-09-16T22:01:27.318Z,buy,1.889e-05,932.0,0.01760548
PIVX/BTC,1631829687318,2021-09-16T22:01:27.318Z,buy,1.89e-05,1377.0,0.026025299999999998
PIVX/BTC,1631829687321,2021-09-16T22:01:27.321Z,sell,1.88e-05,8.0,0.0001504
PIVX/BTC,1631829688249,2021-09-16T22:01:28.249Z,buy,1.879e-05,26.0,0.00048854
PIVX/BTC,1631829688249,2021-09-16T22:01:28.249Z,buy,1.881e-05,26.0,0.00048906
PIVX/BTC,1631829688249,2021-09-16T22:01:28.249Z,buy,1.888e-05,23.0,0.00043423999999999996
PIVX/BTC,1631829688587,2021-09-16T22:01:28.587Z,sell,1.872e-05,9.0,0.00016848
PIVX/BTC,1631829688852,2021-09-16T22:01:28.852Z,sell,1.872e-05,55.0,0.0010296
PIVX/BTC,1631829689210,2021-09-16T22:01:29.210Z,buy,1.884e-05,23.0,0.00043332
PIVX/BTC,1631829689210,2021-09-16T22:01:29.210Z,buy,1.888e-05,3.0,5.664e-05
PIVX/BTC,1631829689210,2021-09-16T22:01:29.210Z,buy,1.89e-05,148.0,0.0027971999999999997
PIVX/BTC,1631829689265,2021-09-16T22:01:29.265Z,sell,1.888e-05,27.0,0.0005097599999999999
PIVX/BTC,1631829689596,2021-09-16T22:01:29.596Z,buy,1.89e-05,18.0,0.0003402
PIVX/BTC,1631829689610,2021-09-16T22:01:29.610Z,buy,1.89e-05,16.0,0.0003024
PIVX/BTC,1631829689638,2021-09-16T22:01:29.638Z,buy,1.89e-05,579.0,0.010943099999999999
PIVX/BTC,1631829689655,2021-09-16T22:01:29.655Z,sell,1.888e-05,71.0,0.00134048
PIVX/BTC,1631829690356,2021-09-16T22:01:30.356Z,buy,1.89e-05,220.0,0.004157999999999999
PIVX/BTC,1631829690927,2021-09-16T22:01:30.927Z,buy,1.89e-05,11.0,0.00020789999999999998
PIVX/BTC,1631829690943,2021-09-16T22:01:30.943Z,buy,1.89e-05,250.0,0.004725
PIVX/BTC,1631829691699,2021-09-16T22:01:31.699Z,sell,1.882e-05,250.0,0.004705
PIVX/BTC,1631829691879,2021-09-16T22:01:31.879Z,buy,1.889e-05,567.0,0.01071063
PIVX/BTC,1631829692036,2021-09-16T22:01:32.036Z,buy,1.889e-05,123.0,0.0023234700000000002
PIVX/BTC,1631829692056,2021-09-16T22:01:32.056Z,buy,1.89e-05,20.0,0.00037799999999999997
PIVX/BTC,1631829692919,2021-09-16T22:01:32.919Z,buy,1.89e-05,518.0,0.009790199999999999
PIVX/BTC,1631829692934,2021-09-16T22:01:32.934Z,sell,1.882e-05,106.0,0.00199492
PIVX/BTC,1631829693153,2021-09-16T22:01:33.153Z,buy,1.89e-05,26.0,0.0004913999999999999
PIVX/BTC,1631829693153,2021-09-16T22:01:33.153Z,buy,1.891e-05,17.0,0.00032147
PIVX/BTC,1631829693153,2021-09-16T22:01:33.153Z,buy,1.892e-05,44.0,0.0008324799999999999
PIVX/BTC,1631829693258,2021-09-16T22:01:33.258Z,sell,1.882e-05,41.0,0.00077162
PIVX/BTC,1631829693889,2021-09-16T22:01:33.889Z,sell,1.883e-05,26.0,0.00048958
PIVX/BTC,1631829693889,2021-09-16T22:01:33.889Z,sell,1.881e-05,15.0,0.00028215
PIVX/BTC,1631829694348,2021-09-16T22:01:34.348Z,buy,1.891e-05,51.0,0.00096441
PIVX/BTC,1631829694370,2021-09-16T22:01:34.370Z,buy,1.891e-05,21.0,0.00039711
PIVX/BTC,1631829694830,2021-09-16T22:01:34.830Z,buy,1.892e-05,387.0,0.007322039999999999
PIVX/BTC,1631829695168,2021-09-16T22:01:35.168Z,buy,1.892e-05,490.0,0.0092708
PIVX/BTC,1631829695852,2021-09-16T22:01:35.852Z,buy,1.892e-05,33.0,0.0006243599999999999
PIVX/BTC,1631829696181,2021-09-16T22:01:36.181Z,buy,1.892e-05,52.0,0.00098384
PIVX/BTC,1631829696373,2021-09-16T22:01:36.373Z,buy,1.891e-05,6.0,0.00011346
PIVX/BTC,1631829696373,2021-09-16T22:01:36.373Z,buy,1.892e-05,73.0,0.00138116
PIVX/BTC,1631829696507,2021-09-16T22:01:36.507Z,sell,1.887e-05,14.0,0.00026418000000000004
PIVX/BTC,1631829696551,2021-09-16T22:01:36.551Z,sell,1.887e-05,8.0,0.00015096
PIVX/BTC,1631829696562,2021-09-16T22:01:36.562Z,sell,1.892e-05,12.0,0.00022703999999999997
PIVX/BTC,1631829696562,2021-09-16T22:01:36.562Z,sell,1.887e-05,70.0,0.0013209
PIVX/BTC,1631829696577,2021-09-16T22:01:36.577Z,sell,1.887e-05,103.0,0.0019436100000000001
PIVX/BTC,1631829696577,2021-09-16T22:01:36.577Z,sell,1.882e-05,58.0,0.0010915599999999999
PIVX/BTC,1631829696587,2021-09-16T22:01:36.587Z,sell,1.887e-05,21.0,0.00039627
PIVX/BTC,1631829696599,2021-09-16T22:01:36.599Z,buy,1.892e-05,32.0,0.00060544
PIVX/BTC,1631829696620,2021-09-16T22:01:36.620Z,buy,1.892e-05,18.0,0.00034055999999999995
PIVX/BTC,1631829696624,2021-09-16T22:01:36.624Z,buy,1.892e-05,70.0,0.0013243999999999999
PIVX/BTC,1631829696748,2021-09-16T22:01:36.748Z,sell,1.882e-05,41.0,0.00077162
PIVX/BTC,1631829697060,2021-09-16T22:01:37.060Z,sell,1.881e-05,24.0,0.00045144
PIVX/BTC,1631829697060,2021-09-16T22:01:37.060Z,sell,1.88e-05,28.0,0.0005264
PIVX/BTC,1631829697060,2021-09-16T22:01:37.060Z,sell,1.879e-05,26.0,0.00048854
PIVX/BTC,1631829697060,2021-09-16T22:01:37.060Z,sell,1.878e-05,250.0,0.0046949999999999995
PIVX/BTC,1631829697060,2021-09-16T22:01:37.060Z,sell,1.877e-05,308.0,0.0057811600000000005
PIVX/BTC,1631829697060,2021-09-16T22:01:37.060Z,sell,1.876e-05,595.0,0.0111622
PIVX/BTC,1631829697060,2021-09-16T22:01:37.060Z,sell,1.874e-05,26.0,0.00048724
PIVX/BTC,1631829697060,2021-09-16T22:01:37.060Z,sell,1.873e-05,333.0,0.00623709
PIVX/BTC,1631829697060,2021-09-16T22:01:37.060Z,sell,1.872e-05,76.0,0.00142272
PIVX/BTC,1631829697108,2021-09-16T22:01:37.108Z,buy,1.882e-05,56.0,0.0010539199999999999
PIVX/BTC,1631829697148,2021-09-16T22:01:37.148Z,buy,1.882e-05,12.0,0.00022584
PIVX/BTC,1631829697251,2021-09-16T22:01:37.251Z,buy,1.892e-05,30.0,0.0005675999999999999
PIVX/BTC,1631829697592,2021-09-16T22:01:37.592Z,sell,1.887e-05,26.0,0.00049062
PIVX/BTC,1631829697848,2021-09-16T22:01:37.848Z,buy,1.891e-05,66.0,0.00124806
PIVX/BTC,1631829698136,2021-09-16T22:01:38.136Z,buy,1.889e-05,13.0,0.00024557
PIVX/BTC,1631829698136,2021-09-16T22:01:38.136Z,buy,1.891e-05,5.0,9.455e-05
PIVX/BTC,1631829698300,2021-09-16T22:01:38.300Z,buy,1.888e-05,26.0,0.00049088
PIVX/BTC,1631829698300,2021-09-16T22:01:38.300Z,buy,1.892e-05,71.0,0.0013433199999999998
PIVX/BTC,1631829698738,2021-09-16T22:01:38.738Z,buy,1.892e-05,40.0,0.0007568
PIVX/BTC,1631829699499,2021-09-16T22:01:39.499Z,buy,1.892e-05,33.0,0.0006243599999999999
PIVX/BTC,1631829699991,2021-09-16T22:01:39.991Z,buy,1.893e-05,23.0,0.00043539
PIVX/BTC,1631829699991,2021-09-16T22:01:39.991Z,buy,1.894e-05,39.0,0.00073866
PIVX/BTC,1631829699991,2021-09-16T22:01:39.991Z,buy,1.895e-05,1.0,1.895e-05
PIVX/BTC,1631829700012,2021-09-16T22:01:40.012Z,sell,1.886e-05,82.0,0.00154652
PIVX/BTC,1631829700133,2021-09-16T22:01:40.133Z,buy,1.889e-05,106.0,0.00200234
PIVX/BTC,1631829700133,2021-09-16T22:01:40.133Z,buy,1.895e-05,70.0,0.0013265
PIVX/BTC,1631829700176,2021-09-16T22:01:40.176Z,buy,1.895e-05,24.0,0.0004548
PIVX/BTC,1631829700415,2021-09-16T22:01:40.415Z,sell,1.886e-05,26.0,0.00049036
PIVX/BTC,1631829700459,2021-09-16T22:01:40.459Z,buy,1.895e-05,161.0,0.00305095
PIVX/BTC,1631829700576,2021-09-16T22:01:40.576Z,sell,1.886e-05,1109.0,0.02091574
PIVX/BTC,1631829700637,2021-09-16T22:01:40.637Z,buy,1.894e-05,43.0,0.00081442
PIVX/BTC,1631829700668,2021-09-16T22:01:40.668Z,sell,1.886e-05,687.0,0.012956819999999999
PIVX/BTC,1631829700735,2021-09-16T22:01:40.735Z,sell,1.885e-05,14.0,0.0002639
PIVX/BTC,1631829700948,2021-09-16T22:01:40.948Z,sell,1.884e-05,26.0,0.00048984
PIVX/BTC,1631829701153,2021-09-16T22:01:41.153Z,buy,1.894e-05,23.0,0.00043562000000000006
PIVX/BTC,1631829701158,2021-09-16T22:01:41.158Z,buy,1.894e-05,39.0,0.00073866
PIVX/BTC,1631829701280,2021-09-16T22:01:41.280Z,sell,1.885e-05,26.0,0.0004901
PIVX/BTC,1631829701384,2021-09-16T22:01:41.384Z,sell,1.885e-05,13.0,0.00024505
PIVX/BTC,1631829701501,2021-09-16T22:01:41.501Z,sell,1.884e-05,26.0,0.00048984
PIVX/BTC,1631829702274,2021-09-16T22:01:42.274Z,buy,1.891e-05,17.0,0.00032147
PIVX/BTC,1631829702815,2021-09-16T22:01:42.815Z,buy,1.891e-05,36.0,0.00068076
PIVX/BTC,1631829703624,2021-09-16T22:01:43.624Z,buy,1.891e-05,529.0,0.010003390000000001
PIVX/BTC,1631829703889,2021-09-16T22:01:43.889Z,buy,1.891e-05,329.0,0.00622139
PIVX/BTC,1631829703889,2021-09-16T22:01:43.889Z,buy,1.892e-05,26.0,0.00049192
PIVX/BTC,1631829703889,2021-09-16T22:01:43.889Z,buy,1.893e-05,45.0,0.00085185
PIVX/BTC,1631829704457,2021-09-16T22:01:44.457Z,buy,1.893e-05,39.0,0.00073827
PIVX/BTC,1631829704617,2021-09-16T22:01:44.617Z,sell,1.889e-05,26.0,0.00049114
PIVX/BTC,1631829704617,2021-09-16T22:01:44.617Z,sell,1.886e-05,13.0,0.00024518
PIVX/BTC,1631829704617,2021-09-16T22:01:44.617Z,sell,1.884e-05,2.0,3.768e-05
PIVX/BTC,1631829704773,2021-09-16T22:01:44.773Z,buy,1.894e-05,300.0,0.005682
PIVX/BTC,1631829705543,2021-09-16T22:01:45.543Z,buy,1.89e-05,26.0,0.0004913999999999999
PIVX/BTC,1631829705543,2021-09-16T22:01:45.543Z,buy,1.893e-05,65.0,0.00123045
PIVX/BTC,1631829705591,2021-09-16T22:01:45.591Z,sell,1.885e-05,108.0,0.0020358
PIVX/BTC,1631829705597,2021-09-16T22:01:45.597Z,sell,1.885e-05,81.0,0.0015268500000000002
PIVX/BTC,1631829705853,2021-09-16T22:01:45.853Z,sell,1.885e-05,53.0,0.00099905
PIVX/BTC,1631829707289,2021-09-16T22:01:47.289Z,sell,1.887e-05,26.0,0.00049062
PIVX/BTC,1631829707473,2021-09-16T22:01:47.473Z,buy,1.891e-05,79.0,0.00149389
PIVX/BTC,1631829707473,2021-09-16T22:01:47.473Z,buy,1.893e-05,39.0,0.00073827
PIVX/BTC,1631829708397,2021-09-16T22:01:48.397Z,buy,1.893e-05,90.0,0.0017037
PIVX/BTC,1631829708397,2021-09-16T22:01:48.397Z,buy,1.894e-05,21.0,0.00039774000000000005
PIVX/BTC,1631829708706,2021-09-16T22:01:48.706Z,buy,1.894e-05,131.0,0.00248114
PIVX/BTC,1631829708974,2021-09-16T22:01:48.974Z,buy,1.894e-05,183.0,0.00346602
PIVX/BTC,1631829709552,2021-09-16T22:01:49.552Z,buy,1.894e-05,247.0,0.0046781800000000005
PIVX/BTC,1631829710468,2021-09-16T22:01:50.468Z,buy,1.894e-05,285.0,0.005397900000000001
PIVX/BTC,1631829710564,2021-09-16T22:01:50.564Z,buy,1.894e-05,4.0,7.576e-05
PIVX/BTC,1631829710564,2021-09-16T22:01:50.564Z,buy,1.895e-05,22.0,0.0004169
PIVX/BTC,1631829712447,2021-09-16T22:01:52.447Z,buy,1.892e-05,26.0,0.00049192
PIVX/BTC,1631829712447,2021-09-16T22:01:52.447Z,buy,1.895e-05,55.0,0.00104225
PIVX/BTC,1631829712759,2021-09-16T22:01:52.759Z,sell,1.886e-05,53.0,0.00099958
PIVX/BTC,1631829713435,2021-09-16T22:01:53.435Z,buy,1.894e-05,43.0,0.00081442
PIVX/BTC,1631829713513,2021-09-16T22:01:53.513Z,buy,1.895e-05,15.0,0.00028425
PIVX/BTC,1631829713949,2021-09-16T22:01:53.949Z,buy,1.894e-05,252.0,0.00477288
PIVX/BTC,1631829714009,2021-09-16T22:01:54.009Z,buy,1.894e-05,56.0,0.00106064
PIVX/BTC,1631829714852,2021-09-16T22:01:54.852Z,buy,1.892e-05,62.0,0.00117304
PIVX/BTC,1631829714852,2021-09-16T22:01:54.852Z,buy,1.893e-05,6.0,0.00011358000000000001
PIVX/BTC,1631829714852,2021-09-16T22:01:54.852Z,buy,1.895e-05,160.0,0.003032
PIVX/BTC,1631829714915,2021-09-16T22:01:54.915Z,buy,1.895e-05,67.0,0.00126965
PIVX/BTC,1631829714915,2021-09-16T22:01:54.915Z,buy,1.896e-05,26.0,0.0004929600000000001
PIVX/BTC,1631829714915,2021-09-16T22:01:54.915Z,buy,1.897e-05,19.0,0.00036043
PIVX/BTC,1631829714997,2021-09-16T22:01:54.997Z,sell,1.89e-05,50.0,0.0009449999999999999
PIVX/BTC,1631829715130,2021-09-16T22:01:55.130Z,sell,1.889e-05,26.0,0.00049114
PIVX/BTC,1631829715204,2021-09-16T22:01:55.204Z,sell,1.887e-05,26.0,0.00049062
PIVX/BTC,1631829715468,2021-09-16T22:01:55.468Z,buy,1.89e-05,834.0,0.015762599999999998
PIVX/BTC,1631829715468,2021-09-16T22:01:55.468Z,buy,1.895e-05,1374.0,0.0260373
PIVX/BTC,1631829715468,2021-09-16T22:01:55.468Z,buy,1.897e-05,1302.0,0.02469894
PIVX/BTC,1631829716226,2021-09-16T22:01:56.226Z,buy,1.896e-05,40.0,0.0007584
PIVX/BTC,1631829716448,2021-09-16T22:01:56.448Z,buy,1.897e-05,25.0,0.00047425
PIVX/BTC,1631829716448,2021-09-16T22:01:56.448Z,buy,1.898e-05,141.0,0.0026761800000000002
PIVX/BTC,1631829717407,2021-09-16T22:01:57.407Z,buy,1.898e-05,88.0,0.0016702400000000001
PIVX/BTC,1631829717447,2021-09-16T22:01:57.447Z,buy,1.898e-05,53.0,0.00100594
PIVX/BTC,1631829717962,2021-09-16T22:01:57.962Z,buy,1.898e-05,239.0,0.0045362200000000005
PIVX/BTC,1631829718163,2021-09-16T22:01:58.163Z,buy,1.898e-05,24.0,0.00045552000000000006
PIVX/BTC,1631829718181,2021-09-16T22:01:58.181Z,sell,1.891e-05,48.0,0.00090768
PIVX/BTC,1631829718219,2021-09-16T22:01:58.219Z,buy,1.898e-05,47.0,0.0008920600000000001
PIVX/BTC,1631829718621,2021-09-16T22:01:58.621Z,sell,1.891e-05,13.0,0.00024583
PIVX/BTC,1631829719028,2021-09-16T22:01:59.028Z,buy,1.892e-05,26.0,0.00049192
PIVX/BTC,1631829719028,2021-09-16T22:01:59.028Z,buy,1.894e-05,26.0,0.00049244
PIVX/BTC,1631829719028,2021-09-16T22:01:59.028Z,buy,1.897e-05,13.0,0.00024660999999999997
PIVX/BTC,1631829719028,2021-09-16T22:01:59.028Z,buy,1.898e-05,4.0,7.592e-05
PIVX/BTC,1631829719069,2021-09-16T22:01:59.069Z,sell,1.891e-05,39.0,0.00073749
PIVX/BTC,1631829721388,2021-09-16T22:02:01.388Z,buy,1.896e-05,20.0,0.0003792
PIVX/BTC,1631829722159,2021-09-16T22:02:02.159Z,buy,1.896e-05,49.0,0.0009290400000000001
PIVX/BTC,1631829722159,2021-09-16T22:02:02.159Z,buy,1.898e-05,67.0,0.00127166
PIVX/BTC,1631829722225,2021-09-16T22:02:02.225Z,sell,1.894e-05,10.0,0.00018940000000000002
PIVX/BTC,1631829723517,2021-09-16T22:02:03.517Z,sell,1.893e-05,341.0,0.00645513
PIVX/BTC,1631829724231,2021-09-16T22:02:04.231Z,sell,1.891e-05,15.0,0.00028365
PIVX/BTC,1631829727077,2021-09-16T22:02:07.077Z,buy,1.895e-05,24.0,0.0004548
PIVX/BTC,1631829727077,2021-09-16T22:02:07.077Z,buy,1.897e-05,487.0,0.009238389999999999
PIVX/BTC,1631829727077,2021-09-16T22:02:07.077Z,buy,1.898e-05,84.0,0.0015943200000000002
PIVX/BTC,1631829729375,2021-09-16T22:02:09.375Z,buy,1.893e-05,103.0,0.00194979
PIVX/BTC,1631829730344,2021-09-16T22:02:10.344Z,buy,1.893e-05,105.0,0.00198765
PIVX/BTC,1631829731103,2021-09-16T22:02:11.103Z,sell,1.891e-05,11.0,0.00020801
PIVX/BTC,1631829734439,2021-09-16T22:02:14.439Z,sell,1.889e-05,21.0,0.00039669
PIVX/BTC,1631829734439,2021-09-16T22:02:14.439Z,sell,1.889e-05,5.0,9.445e-05
PIVX/BTC,1631829736660,2021-09-16T22:02:16.660Z,sell,1.887e-05,26.0,0.00049062
PIVX/BTC,1631829736660,2021-09-16T22:02:16.660Z,sell,1.886e-05,13.0,0.00024518
PIVX/BTC,1631829736660,2021-09-16T22:02:16.660Z,sell,1.885e-05,15.0,0.00028275
PIVX/BTC,1631829757086,2021-09-16T22:02:37.086Z,sell,1.885e-05,11.0,0.00020735
PIVX/BTC,1631829768251,2021-09-16T22:02:48.251Z,sell,1.884e-05,4.0,7.536e-05
PIVX/BTC,1631829768251,2021-09-16T22:02:48.251Z,sell,1.883e-05,7.0,0.00013181
PIVX/BTC,1631829769421,2021-09-16T22:02:49.421Z,sell,1.883e-05,9.0,0.00016947000000000002
PIVX/BTC,1631829769429,2021-09-16T22:02:49.429Z,sell,1.883e-05,10.0,0.00018830000000000002
PIVX/BTC,1631829769429,2021-09-16T22:02:49.429Z,sell,1.881e-05,39.0,0.00073359
PIVX/BTC,1631829769429,2021-09-16T22:02:49.429Z,sell,1.88e-05,6.0,0.0001128
PIVX/BTC,1631829769429,2021-09-16T22:02:49.429Z,sell,1.879e-05,94.0,0.0017662600000000002
PIVX/BTC,1631829769429,2021-09-16T22:02:49.429Z,sell,1.879e-05,18.0,0.00033822
PIVX/BTC,1631829769429,2021-09-16T22:02:49.429Z,sell,1.879e-05,37.0,0.00069523
PIVX/BTC,1631829769429,2021-09-16T22:02:49.429Z,sell,1.879e-05,14.0,0.00026306
PIVX/BTC,1631829769779,2021-09-16T22:02:49.779Z,sell,1.877e-05,117.0,0.0021960900000000004
PIVX/BTC,1631829769779,2021-09-16T22:02:49.779Z,sell,1.876e-05,39.0,0.00073164
PIVX/BTC,1631829769779,2021-09-16T22:02:49.779Z,sell,1.875e-05,250.0,0.0046875
PIVX/BTC,1631829769779,2021-09-16T22:02:49.779Z,sell,1.874e-05,138.0,0.00258612
PIVX/BTC,1631829769779,2021-09-16T22:02:49.779Z,sell,1.873e-05,174.0,0.0032590199999999996
PIVX/BTC,1631829769779,2021-09-16T22:02:49.779Z,sell,1.872e-05,35.0,0.0006552
PIVX/BTC,1631829769779,2021-09-16T22:02:49.779Z,sell,1.871e-05,24.0,0.00044903999999999994
PIVX/BTC,1631829769779,2021-09-16T22:02:49.779Z,sell,1.87e-05,26.0,0.0004862
PIVX/BTC,1631829769779,2021-09-16T22:02:49.779Z,sell,1.869e-05,243.0,0.004541669999999999
PIVX/BTC,1631829770766,2021-09-16T22:02:50.766Z,sell,1.869e-05,11.0,0.00020559
PIVX/BTC,1631829770772,2021-09-16T22:02:50.772Z,sell,1.869e-05,11.0,0.00020559
PIVX/BTC,1631829770772,2021-09-16T22:02:50.772Z,sell,1.869e-05,11.0,0.00020559
PIVX/BTC,1631829770772,2021-09-16T22:02:50.772Z,sell,1.869e-05,11.0,0.00020559
PIVX/BTC,1631829770776,2021-09-16T22:02:50.776Z,sell,1.869e-05,76.0,0.0014204399999999998
PIVX/BTC,1631829770780,2021-09-16T22:02:50.780Z,sell,1.869e-05,44.0,0.00082236
PIVX/BTC,1631829770781,2021-09-16T22:02:50.781Z,sell,1.869e-05,12.0,0.00022428
PIVX/BTC,1631829770800,2021-09-16T22:02:50.800Z,sell,1.868e-05,11.0,0.00020548000000000002
PIVX/BTC,1631829771188,2021-09-16T22:02:51.188Z,sell,1.869e-05,12.0,0.00022428
PIVX/BTC,1631829771505,2021-09-16T22:02:51.505Z,sell,1.869e-05,12.0,0.00022428
PIVX/BTC,1631829774905,2021-09-16T22:02:54.905Z,buy,1.876e-05,6.0,0.00011255999999999999
PIVX/BTC,1631829779523,2021-09-16T22:02:59.523Z,sell,1.869e-05,142.0,0.00265398
PIVX/BTC,1631829779523,2021-09-16T22:02:59.523Z,sell,1.868e-05,452.0,0.00844336
PIVX/BTC,1631829783079,2021-09-16T22:03:03.079Z,sell,1.868e-05,102.0,0.00190536
PIVX/BTC,1631829785631,2021-09-16T22:03:05.631Z,buy,1.873e-05,20.0,0.0003746
PIVX/BTC,1631829810691,2021-09-16T22:03:30.691Z,buy,1.873e-05,6.0,0.00011237999999999999
PIVX/BTC,1631829823652,2021-09-16T22:03:43.652Z,buy,1.875e-05,26.0,0.0004875
PIVX/BTC,1631829823652,2021-09-16T22:03:43.652Z,buy,1.877e-05,276.0,0.00518052
PIVX/BTC,1631829823652,2021-09-16T22:03:43.652Z,buy,1.878e-05,309.0,0.00580302
PIVX/BTC,1631829823652,2021-09-16T22:03:43.652Z,buy,1.879e-05,75.0,0.0014092500000000001
PIVX/BTC,1631829827932,2021-09-16T22:03:47.932Z,sell,1.873e-05,209.0,0.00391457
PIVX/BTC,1631829827932,2021-09-16T22:03:47.932Z,sell,1.872e-05,26.0,0.00048672
PIVX/BTC,1631829827932,2021-09-16T22:03:47.932Z,sell,1.871e-05,240.0,0.004490399999999999
PIVX/BTC,1631829831888,2021-09-16T22:03:51.888Z,buy,1.877e-05,26.0,0.00048802000000000003
PIVX/BTC,1631829831888,2021-09-16T22:03:51.888Z,buy,1.879e-05,203.0,0.00381437
PIVX/BTC,1631829837999,2021-09-16T22:03:57.999Z,buy,1.879e-05,11.0,0.00020669000000000001
PIVX/BTC,1631829845770,2021-09-16T22:04:05.770Z,buy,1.879e-05,11.0,0.00020669000000000001
PIVX/BTC,1631829984468,2021-09-16T22:06:24.468Z,buy,1.878e-05,250.0,0.0046949999999999995
PIVX/BTC,1631829984468,2021-09-16T22:06:24.468Z,buy,1.879e-05,261.0,0.00490419
PIVX/BTC,1631829984468,2021-09-16T22:06:24.468Z,buy,1.881e-05,132.0,0.00248292
PIVX/BTC,1631829984468,2021-09-16T22:06:24.468Z,buy,1.883e-05,877.0,0.01651391
PIVX/BTC,1631829984468,2021-09-16T22:06:24.468Z,buy,1.884e-05,58.0,0.00109272
PIVX/BTC,1631829984468,2021-09-16T22:06:24.468Z,buy,1.886e-05,177.0,0.00333822
PIVX/BTC,1631829984468,2021-09-16T22:06:24.468Z,buy,1.888e-05,41.0,0.0007740799999999999
PIVX/BTC,1631829984468,2021-09-16T22:06:24.468Z,buy,1.889e-05,132.0,0.00249348
PIVX/BTC,1631829984468,2021-09-16T22:06:24.468Z,buy,1.89e-05,565.0,0.010678499999999999
PIVX/BTC,1631829984468,2021-09-16T22:06:24.468Z,buy,1.891e-05,988.0,0.01868308
PIVX/BTC,1631829990122,2021-09-16T22:06:30.122Z,sell,1.885e-05,26.0,0.0004901
PIVX/BTC,1631829992129,2021-09-16T22:06:32.129Z,sell,1.883e-05,26.0,0.00048958
PIVX/BTC,1631830014869,2021-09-16T22:06:54.869Z,buy,1.883e-05,44.0,0.00082852
PIVX/BTC,1631830044905,2021-09-16T22:07:24.905Z,sell,1.881e-05,39.0,0.00073359
PIVX/BTC,1631830047983,2021-09-16T22:07:27.983Z,sell,1.879e-05,26.0,0.00048854
PIVX/BTC,1631830047983,2021-09-16T22:07:27.983Z,sell,1.877e-05,106.0,0.00198962
PIVX/BTC,1631830047983,2021-09-16T22:07:27.983Z,sell,1.876e-05,1.0,1.876e-05
PIVX/BTC,1631830049079,2021-09-16T22:07:29.079Z,sell,1.876e-05,130.0,0.0024388
PIVX/BTC,1631830055103,2021-09-16T22:07:35.103Z,sell,1.876e-05,133.0,0.0024950799999999998
PIVX/BTC,1631830058293,2021-09-16T22:07:38.293Z,sell,1.874e-05,26.0,0.00048724
PIVX/BTC,1631830058293,2021-09-16T22:07:38.293Z,sell,1.872e-05,26.0,0.00048672
PIVX/BTC,1631830058293,2021-09-16T22:07:38.293Z,sell,1.871e-05,13.0,0.00024323
PIVX/BTC,1631830058293,2021-09-16T22:07:38.293Z,sell,1.87e-05,47.0,0.0008789000000000001
PIVX/BTC,1631830248168,2021-09-16T22:10:48.168Z,buy,1.875e-05,26.0,0.0004875
PIVX/BTC,1631830248168,2021-09-16T22:10:48.168Z,buy,1.877e-05,26.0,0.00048802000000000003
PIVX/BTC,1631830248168,2021-09-16T22:10:48.168Z,buy,1.879e-05,39.0,0.0007328100000000001
PIVX/BTC,1631830248168,2021-09-16T22:10:48.168Z,buy,1.881e-05,26.0,0.00048906
PIVX/BTC,1631830248168,2021-09-16T22:10:48.168Z,buy,1.882e-05,69.0,0.00129858
PIVX/BTC,1631830485532,2021-09-16T22:14:45.532Z,sell,1.876e-05,26.0,0.00048776
PIVX/BTC,1631830486785,2021-09-16T22:14:46.785Z,sell,1.874e-05,6.0,0.00011244
PIVX/BTC,1631830486785,2021-09-16T22:14:46.785Z,sell,1.874e-05,11.0,0.00020614
PIVX/BTC,1631830487602,2021-09-16T22:14:47.602Z,sell,1.874e-05,6.0,0.00011244
PIVX/BTC,1631830539054,2021-09-16T22:15:39.054Z,buy,1.881e-05,26.0,0.00048906
PIVX/BTC,1631830697953,2021-09-16T22:18:17.953Z,buy,1.883e-05,6.0,0.00011298
PIVX/BTC,1631830702192,2021-09-16T22:18:22.192Z,sell,1.876e-05,26.0,0.00048776
PIVX/BTC,1631830702192,2021-09-16T22:18:22.192Z,sell,1.874e-05,107.0,0.00200518
PIVX/BTC,1631830710300,2021-09-16T22:18:30.300Z,sell,1.873e-05,117.0,0.00219141
PIVX/BTC,1631830728201,2021-09-16T22:18:48.201Z,sell,1.872e-05,22.0,0.00041184
PIVX/BTC,1631830969154,2021-09-16T22:22:49.154Z,sell,1.873e-05,106.0,0.0019853799999999997
PIVX/BTC,1631830969154,2021-09-16T22:22:49.154Z,sell,1.872e-05,349.0,0.00653328
PIVX/BTC,1631831200743,2021-09-16T22:26:40.743Z,buy,1.877e-05,6.0,0.00011262000000000002
PIVX/BTC,1631831207209,2021-09-16T22:26:47.209Z,sell,1.873e-05,133.0,0.0024910899999999996
PIVX/BTC,1631831223386,2021-09-16T22:27:03.386Z,sell,1.872e-05,134.0,0.00250848
PIVX/BTC,1631831224381,2021-09-16T22:27:04.381Z,sell,1.872e-05,129.0,0.00241488
PIVX/BTC,1631831349699,2021-09-16T22:29:09.699Z,sell,1.872e-05,451.0,0.00844272
PIVX/BTC,1631831657651,2021-09-16T22:34:17.651Z,sell,1.871e-05,114.0,0.00213294
PIVX/BTC,1631831728589,2021-09-16T22:35:28.589Z,sell,1.871e-05,116.0,0.0021703599999999997
PIVX/BTC,1631831753565,2021-09-16T22:35:53.565Z,buy,1.876e-05,6.0,0.00011255999999999999
PIVX/BTC,1631831961665,2021-09-16T22:39:21.665Z,buy,1.877e-05,20.0,0.0003754
PIVX/BTC,1631831961665,2021-09-16T22:39:21.665Z,buy,1.879e-05,27.0,0.0005073300000000001
PIVX/BTC,1631832120266,2021-09-16T22:42:00.266Z,sell,1.874e-05,26.0,0.00048724
PIVX/BTC,1631832120266,2021-09-16T22:42:00.266Z,sell,1.872e-05,26.0,0.00048672
PIVX/BTC,1631832120266,2021-09-16T22:42:00.266Z,sell,1.871e-05,1.0,1.871e-05
PIVX/BTC,1631832123385,2021-09-16T22:42:03.385Z,sell,1.872e-05,55.0,0.0010296
PIVX/BTC,1631832123385,2021-09-16T22:42:03.385Z,sell,1.871e-05,79.0,0.0014780899999999998
PIVX/BTC,1631832124375,2021-09-16T22:42:04.375Z,sell,1.871e-05,77.0,0.0014406699999999998
PIVX/BTC,1631832124375,2021-09-16T22:42:04.375Z,sell,1.87e-05,57.0,0.0010659
PIVX/BTC,1631832125369,2021-09-16T22:42:05.369Z,sell,1.87e-05,129.0,0.0024123
PIVX/BTC,1631832336223,2021-09-16T22:45:36.223Z,sell,1.87e-05,600.0,0.01122
PIVX/BTC,1631832336223,2021-09-16T22:45:36.223Z,sell,1.869e-05,90.0,0.0016821
PIVX/BTC,1631832336223,2021-09-16T22:45:36.223Z,sell,1.87e-05,600.0,0.01122
PIVX/BTC,1631832336223,2021-09-16T22:45:36.223Z,sell,1.869e-05,90.0,0.0016821
PIVX/BTC,1631832893004,2021-09-16T22:54:53.004Z,sell,1.869e-05,83.0,0.00155127
PIVX/BTC,1631832894505,2021-09-16T22:54:54.505Z,buy,1.875e-05,26.0,0.0004875
PIVX/BTC,1631832897121,2021-09-16T22:54:57.121Z,sell,1.875e-05,59.0,0.0011062499999999998
PIVX/BTC,1631832925218,2021-09-16T22:55:25.218Z,buy,1.877e-05,26.0,0.00048802000000000003
PIVX/BTC,1631832925218,2021-09-16T22:55:25.218Z,buy,1.879e-05,9.0,0.00016911
PIVX/BTC,1631833044328,2021-09-16T22:57:24.328Z,buy,1.879e-05,29.0,0.00054491
PIVX/BTC,1631833044328,2021-09-16T22:57:24.328Z,buy,1.881e-05,17.0,0.00031977000000000004
PIVX/BTC,1631833093797,2021-09-16T22:58:13.797Z,buy,1.881e-05,115.0,0.00216315
PIVX/BTC,1631833094146,2021-09-16T22:58:14.146Z,sell,1.881e-05,53.0,0.00099693
PIVX/BTC,1631833096323,2021-09-16T22:58:16.323Z,sell,1.881e-05,133.0,0.00250173
PIVX/BTC,1631833097734,2021-09-16T22:58:17.734Z,sell,1.881e-05,133.0,0.00250173
PIVX/BTC,1631833115028,2021-09-16T22:58:35.028Z,sell,1.881e-05,81.0,0.0015236100000000001
PIVX/BTC,1631833205857,2021-09-16T23:00:05.857Z,buy,1.881e-05,6.0,0.00011286
PIVX/BTC,1631833205857,2021-09-16T23:00:05.857Z,buy,1.884e-05,39.0,0.00073476
PIVX/BTC,1631833205857,2021-09-16T23:00:05.857Z,buy,1.886e-05,10.0,0.00018859999999999998
PIVX/BTC,1631833369280,2021-09-16T23:02:49.280Z,buy,1.885e-05,24.0,0.00045240000000000005
PIVX/BTC,1631833369280,2021-09-16T23:02:49.280Z,buy,1.886e-05,16.0,0.00030176
PIVX/BTC,1631833369280,2021-09-16T23:02:49.280Z,buy,1.887e-05,16.0,0.00030192
PIVX/BTC,1631833418430,2021-09-16T23:03:38.430Z,buy,1.886e-05,31.0,0.00058466
PIVX/BTC,1631833418430,2021-09-16T23:03:38.430Z,buy,1.888e-05,24.0,0.00045312
PIVX/BTC,1631833462729,2021-09-16T23:04:22.729Z,buy,1.888e-05,11.0,0.00020768
PIVX/BTC,1631833476176,2021-09-16T23:04:36.176Z,buy,1.888e-05,56.0,0.0010572799999999999
PIVX/BTC,1631833476975,2021-09-16T23:04:36.975Z,buy,1.888e-05,28.0,0.0005286399999999999
PIVX/BTC,1631833511185,2021-09-16T23:05:11.185Z,buy,1.888e-05,12.0,0.00022656
PIVX/BTC,1631833511310,2021-09-16T23:05:11.310Z,sell,1.883e-05,23.0,0.00043309
PIVX/BTC,1631833684256,2021-09-16T23:08:04.256Z,sell,1.883e-05,3.0,5.649e-05
PIVX/BTC,1631833684256,2021-09-16T23:08:04.256Z,sell,1.881e-05,26.0,0.00048906
PIVX/BTC,1631833684256,2021-09-16T23:08:04.256Z,sell,1.879e-05,26.0,0.00048854
PIVX/BTC,1631833684256,2021-09-16T23:08:04.256Z,sell,1.876e-05,45.0,0.0008442
PIVX/BTC,1631833991397,2021-09-16T23:13:11.397Z,sell,1.876e-05,28.0,0.00052528
PIVX/BTC,1631834211390,2021-09-16T23:16:51.390Z,buy,1.881e-05,2.0,3.762e-05
PIVX/BTC,1631834803205,2021-09-16T23:26:43.205Z,buy,1.878e-05,100.0,0.001878
PIVX/BTC,1631835149616,2021-09-16T23:32:29.616Z,buy,1.875e-05,26.0,0.0004875
PIVX/BTC,1631835149621,2021-09-16T23:32:29.621Z,buy,1.875e-05,26.0,0.0004875
PIVX/BTC,1631835149840,2021-09-16T23:32:29.840Z,buy,1.875e-05,26.0,0.0004875
PIVX/BTC,1631835149843,2021-09-16T23:32:29.843Z,buy,1.875e-05,26.0,0.0004875
PIVX/BTC,1631835149872,2021-09-16T23:32:29.872Z,buy,1.875e-05,5.0,9.374999999999999e-05
PIVX/BTC,1631835149872,2021-09-16T23:32:29.872Z,buy,1.876e-05,21.0,0.00039396
PIVX/BTC,1631835149875,2021-09-16T23:32:29.875Z,buy,1.876e-05,26.0,0.00048776
PIVX/BTC,1631835149880,2021-09-16T23:32:29.880Z,buy,1.876e-05,26.0,0.00048776
PIVX/BTC,1631835149905,2021-09-16T23:32:29.905Z,buy,1.877e-05,26.0,0.00048802000000000003
PIVX/BTC,1631835149914,2021-09-16T23:32:29.914Z,buy,1.877e-05,26.0,0.00048802000000000003
PIVX/BTC,1631835149945,2021-09-16T23:32:29.945Z,buy,1.877e-05,14.0,0.00026278
PIVX/BTC,1631835149955,2021-09-16T23:32:29.955Z,buy,1.877e-05,26.0,0.00048802000000000003
PIVX/BTC,1631835149976,2021-09-16T23:32:29.976Z,buy,1.877e-05,26.0,0.00048802000000000003
PIVX/BTC,1631835149993,2021-09-16T23:32:29.993Z,buy,1.877e-05,26.0,0.00048802000000000003
PIVX/BTC,1631835150035,2021-09-16T23:32:30.035Z,buy,1.877e-05,7.0,0.00013139
PIVX/BTC,1631835150052,2021-09-16T23:32:30.052Z,buy,1.877e-05,6.0,0.00011262000000000002
PIVX/BTC,1631835150056,2021-09-16T23:32:30.056Z,buy,1.877e-05,26.0,0.00048802000000000003
PIVX/BTC,1631835150062,2021-09-16T23:32:30.062Z,buy,1.877e-05,11.0,0.00020647000000000002
PIVX/BTC,1631835150068,2021-09-16T23:32:30.068Z,buy,1.877e-05,26.0,0.00048802000000000003
PIVX/BTC,1631835150072,2021-09-16T23:32:30.072Z,buy,1.877e-05,26.0,0.00048802000000000003
PIVX/BTC,1631835150084,2021-09-16T23:32:30.084Z,buy,1.877e-05,26.0,0.00048802000000000003
PIVX/BTC,1631835150098,2021-09-16T23:32:30.098Z,buy,1.877e-05,26.0,0.00048802000000000003
PIVX/BTC,1631835150122,2021-09-16T23:32:30.122Z,buy,1.877e-05,26.0,0.00048802000000000003
PIVX/BTC,1631835150138,2021-09-16T23:32:30.138Z,buy,1.877e-05,26.0,0.00048802000000000003
PIVX/BTC,1631835150160,2021-09-16T23:32:30.160Z,buy,1.877e-05,26.0,0.00048802000000000003
PIVX/BTC,1631835150161,2021-09-16T23:32:30.161Z,buy,1.877e-05,26.0,0.00048802000000000003
PIVX/BTC,1631835150236,2021-09-16T23:32:30.236Z,buy,1.877e-05,26.0,0.00048802000000000003
PIVX/BTC,1631835150257,2021-09-16T23:32:30.257Z,buy,1.877e-05,26.0,0.00048802000000000003
PIVX/BTC,1631835150268,2021-09-16T23:32:30.268Z,buy,1.877e-05,26.0,0.00048802000000000003
PIVX/BTC,1631835150330,2021-09-16T23:32:30.330Z,buy,1.877e-05,26.0,0.00048802000000000003
PIVX/BTC,1631835150336,2021-09-16T23:32:30.336Z,buy,1.877e-05,8.0,0.00015016
PIVX/BTC,1631835150336,2021-09-16T23:32:30.336Z,buy,1.879e-05,18.0,0.00033822
PIVX/BTC,1631835150492,2021-09-16T23:32:30.492Z,buy,1.879e-05,26.0,0.00048854
PIVX/BTC,1631835150645,2021-09-16T23:32:30.645Z,buy,1.879e-05,26.0,0.00048854
PIVX/BTC,1631835150646,2021-09-16T23:32:30.646Z,buy,1.879e-05,26.0,0.00048854
PIVX/BTC,1631835151375,2021-09-16T23:32:31.375Z,buy,1.88e-05,25.0,0.00047
PIVX/BTC,1631835166211,2021-09-16T23:32:46.211Z,buy,1.88e-05,33.0,0.0006204
PIVX/BTC,1631835169199,2021-09-16T23:32:49.199Z,buy,1.88e-05,14.0,0.0002632
PIVX/BTC,1631835173023,2021-09-16T23:32:53.023Z,buy,1.88e-05,430.0,0.008084
PIVX/BTC,1631835194996,2021-09-16T23:33:14.996Z,buy,1.881e-05,24.0,0.00045144
PIVX/BTC,1631835194996,2021-09-16T23:33:14.996Z,buy,1.884e-05,39.0,0.00073476
PIVX/BTC,1631835194996,2021-09-16T23:33:14.996Z,buy,1.885e-05,33.0,0.0006220500000000001
PIVX/BTC,1631835194996,2021-09-16T23:33:14.996Z,buy,1.886e-05,26.0,0.00049036
PIVX/BTC,1631835195005,2021-09-16T23:33:15.005Z,sell,1.886e-05,86.0,0.00162196
PIVX/BTC,1631835195019,2021-09-16T23:33:15.019Z,sell,1.886e-05,85.0,0.0016030999999999999
PIVX/BTC,1631835195022,2021-09-16T23:33:15.022Z,sell,1.886e-05,39.0,0.0007355399999999999
PIVX/BTC,1631835195022,2021-09-16T23:33:15.022Z,sell,1.88e-05,171.0,0.0032148
PIVX/BTC,1631835199619,2021-09-16T23:33:19.619Z,sell,1.882e-05,338.0,0.006361159999999999
PIVX/BTC,1631835204395,2021-09-16T23:33:24.395Z,buy,1.887e-05,71.0,0.0013397700000000001
PIVX/BTC,1631835235331,2021-09-16T23:33:55.331Z,buy,1.887e-05,216.0,0.00407592
PIVX/BTC,1631835235331,2021-09-16T23:33:55.331Z,buy,1.888e-05,1445.0,0.0272816
PIVX/BTC,1631835238984,2021-09-16T23:33:58.984Z,sell,1.883e-05,26.0,0.00048958
PIVX/BTC,1631835240272,2021-09-16T23:34:00.272Z,sell,1.881e-05,735.0,0.01382535
PIVX/BTC,1631835243215,2021-09-16T23:34:03.215Z,buy,1.888e-05,26.0,0.00049088
PIVX/BTC,1631835243215,2021-09-16T23:34:03.215Z,buy,1.889e-05,42.0,0.00079338
PIVX/BTC,1631835249626,2021-09-16T23:34:09.626Z,sell,1.885e-05,39.0,0.0007351500000000001
PIVX/BTC,1631835251415,2021-09-16T23:34:11.415Z,buy,1.886e-05,26.0,0.00049036
PIVX/BTC,1631835251415,2021-09-16T23:34:11.415Z,buy,1.889e-05,196.0,0.00370244
PIVX/BTC,1631835258563,2021-09-16T23:34:18.563Z,buy,1.89e-05,26.0,0.0004913999999999999
PIVX/BTC,1631835258563,2021-09-16T23:34:18.563Z,buy,1.892e-05,22.0,0.00041623999999999996
PIVX/BTC,1631835413695,2021-09-16T23:36:53.695Z,sell,1.886e-05,17.0,0.00032062
PIVX/BTC,1631835413695,2021-09-16T23:36:53.695Z,sell,1.885e-05,387.0,0.0072949500000000006
PIVX/BTC,1631835427298,2021-09-16T23:37:07.298Z,buy,1.885e-05,26.0,0.0004901
PIVX/BTC,1631835427388,2021-09-16T23:37:07.388Z,buy,1.885e-05,26.0,0.0004901
PIVX/BTC,1631835427626,2021-09-16T23:37:07.626Z,buy,1.885e-05,26.0,0.0004901
PIVX/BTC,1631835427741,2021-09-16T23:37:07.741Z,buy,1.885e-05,11.0,0.00020735
PIVX/BTC,1631835447253,2021-09-16T23:37:27.253Z,sell,1.883e-05,23.0,0.00043309
PIVX/BTC,1631835447372,2021-09-16T23:37:27.372Z,sell,1.883e-05,15.0,0.00028245
PIVX/BTC,1631835465403,2021-09-16T23:37:45.403Z,buy,1.885e-05,49.0,0.00092365
PIVX/BTC,1631835494467,2021-09-16T23:38:14.467Z,buy,1.888e-05,6.0,0.00011328
PIVX/BTC,1631835610790,2021-09-16T23:40:10.790Z,buy,1.888e-05,63.0,0.00118944
PIVX/BTC,1631835610790,2021-09-16T23:40:10.790Z,buy,1.89e-05,26.0,0.0004913999999999999
PIVX/BTC,1631835610790,2021-09-16T23:40:10.790Z,buy,1.892e-05,161.0,0.00304612
PIVX/BTC,1631835610790,2021-09-16T23:40:10.790Z,buy,1.893e-05,25.0,0.00047325
PIVX/BTC,1631835610790,2021-09-16T23:40:10.790Z,buy,1.894e-05,39.0,0.00073866
PIVX/BTC,1631835610790,2021-09-16T23:40:10.790Z,buy,1.895e-05,13.0,0.00024635
PIVX/BTC,1631835614867,2021-09-16T23:40:14.867Z,sell,1.889e-05,26.0,0.00049114
PIVX/BTC,1631835623502,2021-09-16T23:40:23.502Z,buy,1.894e-05,32.0,0.00060608
PIVX/BTC,1631835623502,2021-09-16T23:40:23.502Z,buy,1.895e-05,2.0,3.79e-05
PIVX/BTC,1631835623502,2021-09-16T23:40:23.502Z,buy,1.896e-05,26.0,0.0004929600000000001
PIVX/BTC,1631835623502,2021-09-16T23:40:23.502Z,buy,1.897e-05,123.0,0.00233331
PIVX/BTC,1631835627552,2021-09-16T23:40:27.552Z,sell,1.889e-05,26.0,0.00049114
PIVX/BTC,1631835628032,2021-09-16T23:40:28.032Z,sell,1.891e-05,26.0,0.00049166
PIVX/BTC,1631835701127,2021-09-16T23:41:41.127Z,buy,1.893e-05,6.0,0.00011358000000000001
PIVX/BTC,1631835701127,2021-09-16T23:41:41.127Z,buy,1.894e-05,26.0,0.00049244
PIVX/BTC,1631835701127,2021-09-16T23:41:41.127Z,buy,1.896e-05,26.0,0.0004929600000000001
PIVX/BTC,1631835701127,2021-09-16T23:41:41.127Z,buy,1.897e-05,266.0,0.00504602
PIVX/BTC,1631835701127,2021-09-16T23:41:41.127Z,buy,1.898e-05,816.0,0.01548768
PIVX/BTC,1631835701144,2021-09-16T23:41:41.144Z,sell,1.888e-05,39.0,0.0007363199999999999
PIVX/BTC,1631835716615,2021-09-16T23:41:56.615Z,sell,1.891e-05,26.0,0.00049166
PIVX/BTC,1631835721344,2021-09-16T23:42:01.344Z,buy,1.896e-05,19.0,0.00036024
PIVX/BTC,1631835721729,2021-09-16T23:42:01.729Z,sell,1.891e-05,328.0,0.00620248
PIVX/BTC,1631835809699,2021-09-16T23:43:29.699Z,sell,1.889e-05,26.0,0.00049114
PIVX/BTC,1631835831488,2021-09-16T23:43:51.488Z,buy,1.889e-05,37.0,0.0006989300000000001
PIVX/BTC,1631835864826,2021-09-16T23:44:24.826Z,buy,1.889e-05,20.0,0.0003778
PIVX/BTC,1631835864826,2021-09-16T23:44:24.826Z,buy,1.889e-05,20.0,0.0003778
PIVX/BTC,1631835950326,2021-09-16T23:45:50.326Z,buy,1.889e-05,1472.0,0.02780608
PIVX/BTC,1631836078762,2021-09-16T23:47:58.762Z,buy,1.889e-05,81.0,0.00153009
PIVX/BTC,1631836179724,2021-09-16T23:49:39.724Z,buy,1.889e-05,255.0,0.00481695
PIVX/BTC,1631836268509,2021-09-16T23:51:08.509Z,buy,1.888e-05,221.0,0.00417248
PIVX/BTC,1631836278832,2021-09-16T23:51:18.832Z,buy,1.888e-05,110.0,0.0020767999999999997
PIVX/BTC,1631836385124,2021-09-16T23:53:05.124Z,sell,1.887e-05,77.0,0.0014529900000000001
PIVX/BTC,1631836413729,2021-09-16T23:53:33.729Z,sell,1.887e-05,171.0,0.00322677
PIVX/BTC,1631836413729,2021-09-16T23:53:33.729Z,sell,1.886e-05,138.0,0.00260268
PIVX/BTC,1631836413729,2021-09-16T23:53:33.729Z,sell,1.885e-05,26.0,0.0004901
PIVX/BTC,1631836413729,2021-09-16T23:53:33.729Z,sell,1.883e-05,1.0,1.883e-05
PIVX/BTC,1631836414260,2021-09-16T23:53:34.260Z,sell,1.883e-05,17.0,0.00032011
PIVX/BTC,1631836424908,2021-09-16T23:53:44.908Z,buy,1.888e-05,26.0,0.00049088
PIVX/BTC,1631836425001,2021-09-16T23:53:45.001Z,buy,1.888e-05,31.0,0.00058528
PIVX/BTC,1631836425009,2021-09-16T23:53:45.009Z,buy,1.888e-05,31.0,0.00058528
PIVX/BTC,1631836425076,2021-09-16T23:53:45.076Z,buy,1.888e-05,31.0,0.00058528
PIVX/BTC,1631836425138,2021-09-16T23:53:45.138Z,buy,1.888e-05,31.0,0.00058528
PIVX/BTC,1631836425176,2021-09-16T23:53:45.176Z,buy,1.888e-05,31.0,0.00058528
PIVX/BTC,1631836425235,2021-09-16T23:53:45.235Z,buy,1.888e-05,31.0,0.00058528
PIVX/BTC,1631836425238,2021-09-16T23:53:45.238Z,buy,1.888e-05,12.0,0.00022656
PIVX/BTC,1631836425238,2021-09-16T23:53:45.238Z,buy,1.89e-05,19.0,0.0003591
PIVX/BTC,1631836610626,2021-09-16T23:56:50.626Z,sell,1.885e-05,222.0,0.0041847
PIVX/BTC,1631836730500,2021-09-16T23:58:50.500Z,buy,1.889e-05,55.0,0.00103895
PIVX/BTC,1631836730500,2021-09-16T23:58:50.500Z,buy,1.89e-05,13.0,0.00024569999999999995
PIVX/BTC,1631836730500,2021-09-16T23:58:50.500Z,buy,1.892e-05,26.0,0.00049192
PIVX/BTC,1631836730500,2021-09-16T23:58:50.500Z,buy,1.894e-05,39.0,0.00073866
PIVX/BTC,1631836730500,2021-09-16T23:58:50.500Z,buy,1.895e-05,12.0,0.0002274
PIVX/BTC,1631836730500,2021-09-16T23:58:50.500Z,buy,1.896e-05,7.0,0.00013272000000000002
PIVX/BTC,1631836730500,2021-09-16T23:58:50.500Z,buy,1.897e-05,292.0,0.00553924
PIVX/BTC,1631836775988,2021-09-16T23:59:35.988Z,buy,1.894e-05,22.0,0.00041668000000000006
PIVX/BTC,1631836775988,2021-09-16T23:59:35.988Z,buy,1.896e-05,6.0,0.00011376000000000001
PIVX/BTC,1631836775988,2021-09-16T23:59:35.988Z,buy,1.897e-05,36.0,0.00068292
PIVX/BTC,1631836775988,2021-09-16T23:59:35.988Z,buy,1.898e-05,41.0,0.0007781800000000001
PIVX/BTC,1631836776057,2021-09-16T23:59:36.057Z,sell,1.892e-05,22.0,0.00041623999999999996
PIVX/BTC,1631836883844,2021-09-17T00:01:23.844Z,sell,1.892e-05,351.0,0.00664092
PIVX/BTC,1631836936681,2021-09-17T00:02:16.681Z,buy,1.892e-05,1148.0,0.02172016
PIVX/BTC,1631836936681,2021-09-17T00:02:16.681Z,buy,1.896e-05,779.0,0.014769840000000001
PIVX/BTC,1631836961830,2021-09-17T00:02:41.830Z,sell,1.891e-05,26.0,0.00049166
PIVX/BTC,1631836961830,2021-09-17T00:02:41.830Z,sell,1.889e-05,26.0,0.00049114
PIVX/BTC,1631837047048,2021-09-17T00:04:07.048Z,sell,1.888e-05,30.0,0.0005664
PIVX/BTC,1631837055448,2021-09-17T00:04:15.448Z,sell,1.888e-05,8.0,0.00015104
PIVX/BTC,1631837125962,2021-09-17T00:05:25.962Z,sell,1.888e-05,60.0,0.0011328
PIVX/BTC,1631837125962,2021-09-17T00:05:25.962Z,sell,1.887e-05,26.0,0.00049062
PIVX/BTC,1631837125962,2021-09-17T00:05:25.962Z,sell,1.886e-05,13.0,0.00024518
PIVX/BTC,1631837125962,2021-09-17T00:05:25.962Z,sell,1.885e-05,59.0,0.0011121500000000001
PIVX/BTC,1631837354942,2021-09-17T00:09:14.942Z,sell,1.885e-05,54.0,0.0010179
PIVX/BTC,1631837463448,2021-09-17T00:11:03.448Z,sell,1.885e-05,83.0,0.00156455
PIVX/BTC,1631837474718,2021-09-17T00:11:14.718Z,buy,1.885e-05,39.0,0.0007351500000000001
PIVX/BTC,1631837530350,2021-09-17T00:12:10.350Z,sell,1.883e-05,32.0,0.00060256
PIVX/BTC,1631837530758,2021-09-17T00:12:10.758Z,sell,1.881e-05,20.0,0.00037620000000000004
PIVX/BTC,1631837536302,2021-09-17T00:12:16.302Z,buy,1.885e-05,209.0,0.00393965
PIVX/BTC,1631837536304,2021-09-17T00:12:16.304Z,buy,1.885e-05,139.0,0.00262015
PIVX/BTC,1631837536304,2021-09-17T00:12:16.304Z,buy,1.888e-05,26.0,0.00049088
PIVX/BTC,1631837536304,2021-09-17T00:12:16.304Z,buy,1.89e-05,26.0,0.0004913999999999999
PIVX/BTC,1631837536304,2021-09-17T00:12:16.304Z,buy,1.892e-05,26.0,0.00049192
PIVX/BTC,1631837536304,2021-09-17T00:12:16.304Z,buy,1.893e-05,18.0,0.00034074
PIVX/BTC,1631837536304,2021-09-17T00:12:16.304Z,buy,1.894e-05,49.0,0.0009280600000000001
PIVX/BTC,1631837718782,2021-09-17T00:15:18.782Z,buy,1.894e-05,22.0,0.00041668000000000006
PIVX/BTC,1631837718782,2021-09-17T00:15:18.782Z,buy,1.895e-05,44.0,0.0008338
PIVX/BTC,1631837718782,2021-09-17T00:15:18.782Z,buy,1.896e-05,386.0,0.007318560000000001
PIVX/BTC,1631837718782,2021-09-17T00:15:18.782Z,buy,1.898e-05,123.0,0.00233454
PIVX/BTC,1631837740926,2021-09-17T00:15:40.926Z,sell,1.892e-05,81.0,0.0015325199999999999
PIVX/BTC,1631837771076,2021-09-17T00:16:11.076Z,sell,1.891e-05,13.0,0.00024583
PIVX/BTC,1631837812333,2021-09-17T00:16:52.333Z,sell,1.891e-05,13.0,0.00024583
PIVX/BTC,1631837812333,2021-09-17T00:16:52.333Z,sell,1.889e-05,276.0,0.00521364
PIVX/BTC,1631837812333,2021-09-17T00:16:52.333Z,sell,1.888e-05,285.0,0.0053808
PIVX/BTC,1631837951868,2021-09-17T00:19:11.868Z,sell,1.887e-05,17.0,0.00032079
PIVX/BTC,1631838486848,2021-09-17T00:28:06.848Z,buy,1.894e-05,16.0,0.00030304
PIVX/BTC,1631838791650,2021-09-17T00:33:11.650Z,buy,1.89e-05,2215.0,0.0418635
PIVX/BTC,1631838798098,2021-09-17T00:33:18.098Z,buy,1.89e-05,12.0,0.00022679999999999998
PIVX/BTC,1631838836951,2021-09-17T00:33:56.951Z,sell,1.887e-05,9.0,0.00016983
PIVX/BTC,1631838836951,2021-09-17T00:33:56.951Z,sell,1.886e-05,263.0,0.00496018
PIVX/BTC,1631838836951,2021-09-17T00:33:56.951Z,sell,1.885e-05,55.0,0.0010367500000000001
PIVX/BTC,1631838844153,2021-09-17T00:34:04.153Z,buy,1.89e-05,60.0,0.001134
PIVX/BTC,1631838886332,2021-09-17T00:34:46.332Z,buy,1.89e-05,9.0,0.0001701
PIVX/BTC,1631838940741,2021-09-17T00:35:40.741Z,buy,1.89e-05,39.0,0.0007371
PIVX/BTC,1631838940741,2021-09-17T00:35:40.741Z,buy,1.89e-05,39.0,0.0007371
PIVX/BTC,1631839944808,2021-09-17T00:52:24.808Z,buy,1.89e-05,6.0,0.00011339999999999999
PIVX/BTC,1631839992983,2021-09-17T00:53:12.983Z,sell,1.887e-05,114.0,0.00215118
PIVX/BTC,1631840056862,2021-09-17T00:54:16.862Z,buy,1.89e-05,51.0,0.0009639
PIVX/BTC,1631840097892,2021-09-17T00:54:57.892Z,sell,1.887e-05,24.0,0.00045288
PIVX/BTC,1631840104596,2021-09-17T00:55:04.596Z,sell,1.887e-05,29.0,0.00054723
PIVX/BTC,1631840145844,2021-09-17T00:55:45.844Z,sell,1.885e-05,236.0,0.0044486000000000005
PIVX/BTC,1631840147041,2021-09-17T00:55:47.041Z,sell,1.883e-05,26.0,0.00048958
PIVX/BTC,1631840147041,2021-09-17T00:55:47.041Z,sell,1.881e-05,30.0,0.0005643
PIVX/BTC,1631840511058,2021-09-17T01:01:51.058Z,sell,1.881e-05,124.0,0.0023324400000000003
PIVX/BTC,1631840643467,2021-09-17T01:04:03.467Z,buy,1.881e-05,72.0,0.00135432
PIVX/BTC,1631840678622,2021-09-17T01:04:38.622Z,buy,1.881e-05,11.0,0.00020691
PIVX/BTC,1631840869860,2021-09-17T01:07:49.860Z,sell,1.88e-05,213.0,0.0040044
