symbol,timestamp,datetime,side,price,amount,btc_volume
POA/BTC,1583866815721,2020-03-10T19:00:15.721Z,buy,1.63e-06,6251.0,0.010189130000000001
POA/BTC,1583866832412,2020-03-10T19:00:32.412Z,buy,1.63e-06,3125.0,0.00509375
POA/BTC,1583868149327,2020-03-10T19:22:29.327Z,sell,1.62e-06,105.0,0.0001701
POA/BTC,1583868662646,2020-03-10T19:31:02.646Z,buy,1.63e-06,74688.0,0.12174144
POA/BTC,1583868736684,2020-03-10T19:32:16.684Z,sell,1.62e-06,436.0,0.00070632
POA/BTC,1583868950312,2020-03-10T19:35:50.312Z,buy,1.63e-06,62.0,0.00010106
POA/BTC,1583869420202,2020-03-10T19:43:40.202Z,buy,1.63e-06,125.0,0.00020375000000000002
POA/BTC,1583869580208,2020-03-10T19:46:20.208Z,buy,1.64e-06,62.0,0.00010168
POA/BTC,1583870322041,2020-03-10T19:58:42.041Z,sell,1.63e-06,4313.0,0.00703019
POA/BTC,1583870322041,2020-03-10T19:58:42.041Z,sell,1.62e-06,2959.0,0.0047935799999999995
POA/BTC,1583870327521,2020-03-10T19:58:47.521Z,buy,1.64e-06,62.0,0.00010168
POA/BTC,1583870327521,2020-03-10T19:58:47.521Z,buy,1.64e-06,62.0,0.00010168
POA/BTC,1583870915424,2020-03-10T20:08:35.424Z,buy,1.64e-06,550.0,0.000902
POA/BTC,1583870924987,2020-03-10T20:08:44.987Z,sell,1.63e-06,200.0,0.000326
POA/BTC,1583870928119,2020-03-10T20:08:48.119Z,buy,1.64e-06,3049.0,0.00500036
POA/BTC,1583870934843,2020-03-10T20:08:54.843Z,sell,1.63e-06,99.0,0.00016137
POA/BTC,1583871905718,2020-03-10T20:25:05.718Z,sell,1.63e-06,99.0,0.00016137
POA/BTC,1583872057055,2020-03-10T20:27:37.055Z,buy,1.64e-06,62.0,0.00010168
POA/BTC,1583872489734,2020-03-10T20:34:49.734Z,buy,1.64e-06,11675.0,0.019147
POA/BTC,1583872713385,2020-03-10T20:38:33.385Z,sell,1.63e-06,274.0,0.00044662
POA/BTC,1583872827709,2020-03-10T20:40:27.709Z,buy,1.64e-06,2439.0,0.00399996
POA/BTC,1583872991533,2020-03-10T20:43:11.533Z,buy,1.64e-06,5748.0,0.00942672
POA/BTC,1583873240375,2020-03-10T20:47:20.375Z,buy,1.65e-06,200.0,0.00033
POA/BTC,1583873243332,2020-03-10T20:47:23.332Z,sell,1.64e-06,176.0,0.00028864
POA/BTC,1583873349070,2020-03-10T20:49:09.070Z,buy,1.65e-06,62.0,0.0001023
POA/BTC,1583873478193,2020-03-10T20:51:18.193Z,sell,1.63e-06,123.0,0.00020049
POA/BTC,1583873597330,2020-03-10T20:53:17.330Z,buy,1.65e-06,1212.0,0.0019998
POA/BTC,1583873657462,2020-03-10T20:54:17.462Z,sell,1.64e-06,61.0,0.00010004
POA/BTC,1583873862108,2020-03-10T20:57:42.108Z,buy,1.64e-06,61.0,0.00010004
POA/BTC,1583873862173,2020-03-10T20:57:42.173Z,buy,1.65e-06,4362.0,0.0071973
POA/BTC,1583873863249,2020-03-10T20:57:43.249Z,sell,1.64e-06,584.0,0.00095776
POA/BTC,1583873864080,2020-03-10T20:57:44.080Z,sell,1.64e-06,77.0,0.00012628
POA/BTC,1583873865445,2020-03-10T20:57:45.445Z,sell,1.64e-06,1651.0,0.00270764
POA/BTC,1583873866696,2020-03-10T20:57:46.696Z,sell,1.64e-06,1118.0,0.00183352
POA/BTC,1583873867886,2020-03-10T20:57:47.886Z,sell,1.64e-06,3313.0,0.00543332
POA/BTC,1583873867886,2020-03-10T20:57:47.886Z,sell,1.64e-06,3313.0,0.00543332
POA/BTC,1583874207789,2020-03-10T21:03:27.789Z,sell,1.64e-06,563.0,0.0009233199999999999
POA/BTC,1583874234467,2020-03-10T21:03:54.467Z,sell,1.64e-06,438.0,0.0007183199999999999
POA/BTC,1583874586354,2020-03-10T21:09:46.354Z,buy,1.65e-06,14395.0,0.023751750000000002
POA/BTC,1583874590489,2020-03-10T21:09:50.489Z,buy,1.65e-06,3512.0,0.0057948
POA/BTC,1583874594962,2020-03-10T21:09:54.962Z,buy,1.65e-06,146.0,0.0002409
POA/BTC,1583874594962,2020-03-10T21:09:54.962Z,buy,1.66e-06,732.0,0.00121512
POA/BTC,1583874596369,2020-03-10T21:09:56.369Z,buy,1.66e-06,215.0,0.0003569
POA/BTC,1583874597756,2020-03-10T21:09:57.756Z,buy,1.66e-06,72.0,0.00011952
POA/BTC,1583874604708,2020-03-10T21:10:04.708Z,buy,1.66e-06,7056.0,0.01171296
POA/BTC,1583874629760,2020-03-10T21:10:29.760Z,sell,1.65e-06,1876.0,0.0030954000000000003
POA/BTC,1583874643189,2020-03-10T21:10:43.189Z,sell,1.64e-06,2516.0,0.00412624
POA/BTC,1583874675592,2020-03-10T21:11:15.592Z,sell,1.64e-06,62.0,0.00010168
POA/BTC,1583874745507,2020-03-10T21:12:25.507Z,sell,1.64e-06,23663.0,0.03880732
POA/BTC,1583874892653,2020-03-10T21:14:52.653Z,buy,1.64e-06,62.0,0.00010168
POA/BTC,1583875207297,2020-03-10T21:20:07.297Z,sell,1.64e-06,61.0,0.00010004
POA/BTC,1583875449192,2020-03-10T21:24:09.192Z,buy,1.64e-06,23084.0,0.03785776
POA/BTC,1583875881787,2020-03-10T21:31:21.787Z,buy,1.64e-06,10874.0,0.01783336
POA/BTC,1583875974655,2020-03-10T21:32:54.655Z,sell,1.64e-06,5080.0,0.0083312
POA/BTC,1583876367696,2020-03-10T21:39:27.696Z,buy,1.65e-06,185.0,0.00030525
POA/BTC,1583876769939,2020-03-10T21:46:09.939Z,sell,1.64e-06,61.0,0.00010004
POA/BTC,1583876769939,2020-03-10T21:46:09.939Z,sell,1.64e-06,61.0,0.00010004
POA/BTC,1583877540941,2020-03-10T21:59:00.941Z,sell,1.63e-06,65.0,0.00010595
POA/BTC,1583878949403,2020-03-10T22:22:29.403Z,sell,1.63e-06,36993.0,0.06029859
POA/BTC,1583878949475,2020-03-10T22:22:29.475Z,buy,1.63e-06,471.0,0.00076773
POA/BTC,1583878949575,2020-03-10T22:22:29.575Z,buy,1.63e-06,236.0,0.00038468000000000004
POA/BTC,1583878992380,2020-03-10T22:23:12.380Z,buy,1.63e-06,1777.0,0.00289651
POA/BTC,1583879002152,2020-03-10T22:23:22.152Z,buy,1.63e-06,573.0,0.00093399
POA/BTC,1583879135383,2020-03-10T22:25:35.383Z,buy,1.63e-06,66128.0,0.10778864
POA/BTC,1583879619583,2020-03-10T22:33:39.583Z,buy,1.63e-06,5201.0,0.00847763
POA/BTC,1583879772598,2020-03-10T22:36:12.598Z,buy,1.63e-06,62.0,0.00010106
POA/BTC,1583879900435,2020-03-10T22:38:20.435Z,sell,1.62e-06,1381.0,0.00223722
POA/BTC,1583879900435,2020-03-10T22:38:20.435Z,sell,1.62e-06,1381.0,0.00223722
POA/BTC,1583880514617,2020-03-10T22:48:34.617Z,sell,1.62e-06,1545.0,0.0025028999999999997
POA/BTC,1583880582672,2020-03-10T22:49:42.672Z,sell,1.62e-06,1543.0,0.00249966
POA/BTC,1583881084814,2020-03-10T22:58:04.814Z,buy,1.63e-06,516.0,0.00084108
POA/BTC,1583883316674,2020-03-10T23:35:16.674Z,buy,1.63e-06,123.0,0.00020049
POA/BTC,1583883316674,2020-03-10T23:35:16.674Z,buy,1.63e-06,123.0,0.00020049
POA/BTC,1583883706898,2020-03-10T23:41:46.898Z,buy,1.63e-06,804.0,0.0013105200000000001
POA/BTC,1583886353940,2020-03-11T00:25:53.940Z,buy,1.63e-06,62.0,0.00010106
POA/BTC,1583886353940,2020-03-11T00:25:53.940Z,buy,1.63e-06,62.0,0.00010106
POA/BTC,1583888607946,2020-03-11T01:03:27.946Z,buy,1.63e-06,4665.0,0.00760395
POA/BTC,1583888808344,2020-03-11T01:06:48.344Z,buy,1.63e-06,67.0,0.00010921
POA/BTC,1583888808344,2020-03-11T01:06:48.344Z,buy,1.63e-06,67.0,0.00010921
POA/BTC,1583894087327,2020-03-11T02:34:47.327Z,sell,1.62e-06,9104.0,0.01474848
POA/BTC,1583894087571,2020-03-11T02:34:47.571Z,buy,1.62e-06,25000.0,0.0405
POA/BTC,1583894087573,2020-03-11T02:34:47.573Z,buy,1.62e-06,4042.0,0.00654804
POA/BTC,1583894096816,2020-03-11T02:34:56.816Z,buy,1.63e-06,337.0,0.00054931
POA/BTC,1583894097346,2020-03-11T02:34:57.346Z,buy,1.63e-06,3374.0,0.00549962
POA/BTC,1583894098378,2020-03-11T02:34:58.378Z,buy,1.63e-06,337.0,0.00054931
POA/BTC,1583894098430,2020-03-11T02:34:58.430Z,buy,1.63e-06,3374.0,0.00549962
POA/BTC,1583894100403,2020-03-11T02:35:00.403Z,buy,1.63e-06,337.0,0.00054931
POA/BTC,1583894100472,2020-03-11T02:35:00.472Z,buy,1.63e-06,1904.0,0.0031035200000000002
POA/BTC,1583894100472,2020-03-11T02:35:00.472Z,buy,1.64e-06,1470.0,0.0024108
POA/BTC,1583894102812,2020-03-11T02:35:02.812Z,sell,1.63e-06,176.0,0.00028688
POA/BTC,1583894160680,2020-03-11T02:36:00.680Z,sell,1.63e-06,1196.0,0.0019494800000000002
POA/BTC,1583894160680,2020-03-11T02:36:00.680Z,sell,1.63e-06,1196.0,0.0019494800000000002
POA/BTC,1583896085921,2020-03-11T03:08:05.921Z,sell,1.62e-06,1341.0,0.00217242
POA/BTC,1583896251656,2020-03-11T03:10:51.656Z,buy,1.63e-06,1623.0,0.00264549
POA/BTC,1583896251686,2020-03-11T03:10:51.686Z,sell,1.63e-06,15384.0,0.02507592
POA/BTC,1583896251691,2020-03-11T03:10:51.691Z,sell,1.63e-06,2256.0,0.0036772800000000002
POA/BTC,1583896352752,2020-03-11T03:12:32.752Z,buy,1.64e-06,5550.0,0.009101999999999999
POA/BTC,1583896354229,2020-03-11T03:12:34.229Z,sell,1.63e-06,176.0,0.00028688
POA/BTC,1583896415474,2020-03-11T03:13:35.474Z,sell,1.63e-06,1204.0,0.00196252
POA/BTC,1583896521945,2020-03-11T03:15:21.945Z,sell,1.62e-06,19263.0,0.031206059999999997
POA/BTC,1583896774667,2020-03-11T03:19:34.667Z,sell,1.63e-06,62.0,0.00010106
POA/BTC,1583896774667,2020-03-11T03:19:34.667Z,sell,1.63e-06,62.0,0.00010106
POA/BTC,1583897839010,2020-03-11T03:37:19.010Z,buy,1.64e-06,62.0,0.00010168
POA/BTC,1583897854215,2020-03-11T03:37:34.215Z,buy,1.64e-06,122.0,0.00020008
POA/BTC,1583898017565,2020-03-11T03:40:17.565Z,sell,1.63e-06,62.0,0.00010106
POA/BTC,1583898017565,2020-03-11T03:40:17.565Z,sell,1.62e-06,37.0,5.994e-05
POA/BTC,1583898713113,2020-03-11T03:51:53.113Z,sell,1.62e-06,123.0,0.00019925999999999999
POA/BTC,1583898713113,2020-03-11T03:51:53.113Z,sell,1.62e-06,123.0,0.00019925999999999999
POA/BTC,1583902915644,2020-03-11T05:01:55.644Z,sell,1.63e-06,62.0,0.00010106
POA/BTC,1583902915644,2020-03-11T05:01:55.644Z,sell,1.62e-06,37.0,5.994e-05
POA/BTC,1583902915644,2020-03-11T05:01:55.644Z,sell,1.63e-06,62.0,0.00010106
POA/BTC,1583902915644,2020-03-11T05:01:55.644Z,sell,1.62e-06,37.0,5.994e-05
POA/BTC,1583905060703,2020-03-11T05:37:40.703Z,sell,1.63e-06,174.0,0.00028362
POA/BTC,1583905178342,2020-03-11T05:39:38.342Z,sell,1.63e-06,342.0,0.0005574600000000001
POA/BTC,1583905253997,2020-03-11T05:40:53.997Z,buy,1.64e-06,1235.0,0.0020254
POA/BTC,1583905259787,2020-03-11T05:40:59.787Z,buy,1.64e-06,402.0,0.0006592799999999999
POA/BTC,1583905458217,2020-03-11T05:44:18.217Z,buy,1.64e-06,8714.0,0.01429096
POA/BTC,1583905459447,2020-03-11T05:44:19.447Z,buy,1.64e-06,190.0,0.0003116
POA/BTC,1583905515234,2020-03-11T05:45:15.234Z,buy,1.64e-06,10000.0,0.0164
POA/BTC,1583905535510,2020-03-11T05:45:35.510Z,buy,1.64e-06,551.0,0.0009036399999999999
POA/BTC,1583905630568,2020-03-11T05:47:10.568Z,sell,1.63e-06,12725.0,0.02074175
POA/BTC,1583905630588,2020-03-11T05:47:10.588Z,sell,1.63e-06,2518.0,0.004104340000000001
POA/BTC,1583905953050,2020-03-11T05:52:33.050Z,sell,1.63e-06,1004.0,0.00163652
POA/BTC,1583905953086,2020-03-11T05:52:33.086Z,buy,1.63e-06,316.0,0.00051508
POA/BTC,1583906108344,2020-03-11T05:55:08.344Z,buy,1.63e-06,18547.0,0.030231610000000003
POA/BTC,1583906431749,2020-03-11T06:00:31.749Z,sell,1.63e-06,7108.0,0.01158604
POA/BTC,1583906431749,2020-03-11T06:00:31.749Z,sell,1.63e-06,7108.0,0.01158604
POA/BTC,1583907143163,2020-03-11T06:12:23.163Z,sell,1.63e-06,3653.0,0.00595439
POA/BTC,1583907152820,2020-03-11T06:12:32.820Z,buy,1.63e-06,209.0,0.00034067
POA/BTC,1583907187001,2020-03-11T06:13:07.001Z,buy,1.63e-06,1503.0,0.00244989
POA/BTC,1583907339148,2020-03-11T06:15:39.148Z,sell,1.63e-06,682.0,0.00111166
POA/BTC,1583907339148,2020-03-11T06:15:39.148Z,sell,1.62e-06,18743.0,0.03036366
POA/BTC,1583907745925,2020-03-11T06:22:25.925Z,sell,1.62e-06,247.0,0.00040014
POA/BTC,1583907806357,2020-03-11T06:23:26.357Z,buy,1.63e-06,84.0,0.00013692
POA/BTC,1583907831320,2020-03-11T06:23:51.320Z,buy,1.63e-06,907.0,0.00147841
POA/BTC,1583907831329,2020-03-11T06:23:51.329Z,buy,1.63e-06,243.0,0.00039609000000000004
POA/BTC,1583907865564,2020-03-11T06:24:25.564Z,buy,1.63e-06,3062.0,0.00499106
POA/BTC,1583908716185,2020-03-11T06:38:36.185Z,sell,1.63e-06,2775.0,0.00452325
POA/BTC,1583909096970,2020-03-11T06:44:56.970Z,sell,1.63e-06,1109.0,0.0018076700000000002
POA/BTC,1583909541925,2020-03-11T06:52:21.925Z,sell,1.63e-06,13365.0,0.02178495
POA/BTC,1583909878183,2020-03-11T06:57:58.183Z,sell,1.63e-06,5494.0,0.00895522
POA/BTC,1583909878183,2020-03-11T06:57:58.183Z,sell,1.63e-06,5494.0,0.00895522
POA/BTC,1583910171640,2020-03-11T07:02:51.640Z,sell,1.63e-06,264.0,0.00043032000000000004
POA/BTC,1583910325660,2020-03-11T07:05:25.660Z,sell,1.63e-06,62.0,0.00010106
POA/BTC,1583910567308,2020-03-11T07:09:27.308Z,buy,1.63e-06,77.0,0.00012551
POA/BTC,1583910630303,2020-03-11T07:10:30.303Z,buy,1.63e-06,1390.0,0.0022657000000000003
POA/BTC,1583910641684,2020-03-11T07:10:41.684Z,buy,1.63e-06,142.0,0.00023146
POA/BTC,1583910689978,2020-03-11T07:11:29.978Z,buy,1.63e-06,2146.0,0.00349798
POA/BTC,1583910726924,2020-03-11T07:12:06.924Z,buy,1.63e-06,825.0,0.00134475
POA/BTC,1583911151006,2020-03-11T07:19:11.006Z,buy,1.63e-06,547.0,0.00089161
POA/BTC,1583911610025,2020-03-11T07:26:50.025Z,buy,1.63e-06,300.0,0.0004890000000000001
POA/BTC,1583911620590,2020-03-11T07:27:00.590Z,buy,1.63e-06,11355.0,0.01850865
POA/BTC,1583911640539,2020-03-11T07:27:20.539Z,buy,1.63e-06,901.0,0.00146863
POA/BTC,1583911667558,2020-03-11T07:27:47.558Z,buy,1.63e-06,62.0,0.00010106
POA/BTC,1583911680386,2020-03-11T07:28:00.386Z,buy,1.63e-06,72.0,0.00011736
POA/BTC,1583911853085,2020-03-11T07:30:53.085Z,buy,1.63e-06,250.0,0.00040750000000000004
POA/BTC,1583912813272,2020-03-11T07:46:53.272Z,sell,1.62e-06,6378.0,0.01033236
POA/BTC,1583912817961,2020-03-11T07:46:57.961Z,buy,1.62e-06,266.0,0.00043092
POA/BTC,1583912820420,2020-03-11T07:47:00.420Z,buy,1.62e-06,2061.0,0.0033388199999999997
POA/BTC,1583912820420,2020-03-11T07:47:00.420Z,buy,1.62e-06,2061.0,0.0033388199999999997
POA/BTC,1583915829541,2020-03-11T08:37:09.541Z,sell,1.62e-06,502.0,0.00081324
POA/BTC,1583916400144,2020-03-11T08:46:40.144Z,buy,1.62e-06,787.0,0.00127494
POA/BTC,1583916400144,2020-03-11T08:46:40.144Z,buy,1.62e-06,787.0,0.00127494
POA/BTC,1583916994168,2020-03-11T08:56:34.168Z,sell,1.61e-06,67.0,0.00010787000000000001
POA/BTC,1583917005531,2020-03-11T08:56:45.531Z,buy,1.62e-06,3395.0,0.005499899999999999
POA/BTC,1583917005542,2020-03-11T08:56:45.542Z,buy,1.62e-06,339.0,0.00054918
POA/BTC,1583917646541,2020-03-11T09:07:26.541Z,sell,1.61e-06,34657.0,0.055797770000000003
POA/BTC,1583917648005,2020-03-11T09:07:28.005Z,buy,1.61e-06,518.0,0.00083398
POA/BTC,1583917683102,2020-03-11T09:08:03.102Z,buy,1.61e-06,617.0,0.00099337
POA/BTC,1583917683398,2020-03-11T09:08:03.398Z,buy,1.61e-06,63.0,0.00010143
POA/BTC,1583917683478,2020-03-11T09:08:03.478Z,buy,1.61e-06,694.0,0.00111734
POA/BTC,1583917688882,2020-03-11T09:08:08.882Z,buy,1.61e-06,916.0,0.00147476
POA/BTC,1583917694246,2020-03-11T09:08:14.246Z,buy,1.61e-06,617.0,0.00099337
POA/BTC,1583917700127,2020-03-11T09:08:20.127Z,buy,1.61e-06,474.0,0.00076314
POA/BTC,1583917749189,2020-03-11T09:09:09.189Z,buy,1.61e-06,1198.0,0.00192878
POA/BTC,1583918035667,2020-03-11T09:13:55.667Z,sell,1.61e-06,5309.0,0.00854749
POA/BTC,1583918348052,2020-03-11T09:19:08.052Z,buy,1.61e-06,275.0,0.00044275
POA/BTC,1583918419618,2020-03-11T09:20:19.618Z,buy,1.61e-06,341.0,0.0005490100000000001
POA/BTC,1583918419673,2020-03-11T09:20:19.673Z,buy,1.61e-06,3416.0,0.00549976
POA/BTC,1583918461375,2020-03-11T09:21:01.375Z,buy,1.61e-06,346.0,0.0005570600000000001
POA/BTC,1583918531458,2020-03-11T09:22:11.458Z,sell,1.6e-06,30316.0,0.048505599999999996
POA/BTC,1583918588190,2020-03-11T09:23:08.190Z,buy,1.6e-06,63.0,0.0001008
POA/BTC,1583918893582,2020-03-11T09:28:13.582Z,buy,1.61e-06,6211.0,0.00999971
POA/BTC,1583919021241,2020-03-11T09:30:21.241Z,buy,1.61e-06,341.0,0.0005490100000000001
POA/BTC,1583919021307,2020-03-11T09:30:21.307Z,buy,1.61e-06,3416.0,0.00549976
POA/BTC,1583919304562,2020-03-11T09:35:04.562Z,buy,1.61e-06,397.0,0.00063917
POA/BTC,1583919304562,2020-03-11T09:35:04.562Z,buy,1.61e-06,397.0,0.00063917
POA/BTC,1583920403398,2020-03-11T09:53:23.398Z,sell,1.6e-06,10841.0,0.0173456
POA/BTC,1583920432344,2020-03-11T09:53:52.344Z,sell,1.6e-06,15187.0,0.0242992
POA/BTC,1583920466985,2020-03-11T09:54:26.985Z,buy,1.6e-06,1825.0,0.00292
POA/BTC,1583920468275,2020-03-11T09:54:28.275Z,buy,1.61e-06,365.0,0.00058765
POA/BTC,1583920549158,2020-03-11T09:55:49.158Z,sell,1.59e-06,25916.0,0.041206440000000004
POA/BTC,1583920555527,2020-03-11T09:55:55.527Z,sell,1.59e-06,2974.0,0.00472866
POA/BTC,1583920628261,2020-03-11T09:57:08.261Z,buy,1.6e-06,864.0,0.0013824
POA/BTC,1583920938702,2020-03-11T10:02:18.702Z,buy,1.6e-06,444.0,0.0007103999999999999
POA/BTC,1583920958138,2020-03-11T10:02:38.138Z,buy,1.61e-06,167.0,0.00026887
POA/BTC,1583920969997,2020-03-11T10:02:49.997Z,buy,1.61e-06,4000.0,0.00644
POA/BTC,1583920977331,2020-03-11T10:02:57.331Z,buy,1.61e-06,1000.0,0.00161
POA/BTC,1583920984240,2020-03-11T10:03:04.240Z,buy,1.61e-06,100.0,0.000161
POA/BTC,1583920989775,2020-03-11T10:03:09.775Z,buy,1.61e-06,100.0,0.000161
POA/BTC,1583920998899,2020-03-11T10:03:18.899Z,buy,1.61e-06,800.0,0.001288
POA/BTC,1583921004209,2020-03-11T10:03:24.209Z,buy,1.61e-06,100.0,0.000161
POA/BTC,1583921007677,2020-03-11T10:03:27.677Z,buy,1.61e-06,100.0,0.000161
POA/BTC,1583921012411,2020-03-11T10:03:32.411Z,buy,1.61e-06,100.0,0.000161
POA/BTC,1583921016570,2020-03-11T10:03:36.570Z,buy,1.61e-06,100.0,0.000161
POA/BTC,1583921021973,2020-03-11T10:03:41.973Z,buy,1.61e-06,1600.0,0.002576
POA/BTC,1583921026593,2020-03-11T10:03:46.593Z,buy,1.61e-06,1000.0,0.00161
POA/BTC,1583921031404,2020-03-11T10:03:51.404Z,buy,1.61e-06,100.0,0.000161
POA/BTC,1583921035866,2020-03-11T10:03:55.866Z,buy,1.61e-06,100.0,0.000161
POA/BTC,1583921040409,2020-03-11T10:04:00.409Z,buy,1.61e-06,1800.0,0.002898
POA/BTC,1583921047478,2020-03-11T10:04:07.478Z,buy,1.61e-06,100.0,0.000161
POA/BTC,1583921056431,2020-03-11T10:04:16.431Z,buy,1.61e-06,1900.0,0.003059
POA/BTC,1583921066143,2020-03-11T10:04:26.143Z,buy,1.61e-06,500.0,0.000805
POA/BTC,1583921069160,2020-03-11T10:04:29.160Z,buy,1.61e-06,500.0,0.000805
POA/BTC,1583921158683,2020-03-11T10:05:58.683Z,sell,1.6e-06,1337.0,0.0021392
POA/BTC,1583921552480,2020-03-11T10:12:32.480Z,sell,1.59e-06,8428.0,0.01340052
POA/BTC,1583921566680,2020-03-11T10:12:46.680Z,sell,1.58e-06,14596.0,0.023061679999999998
POA/BTC,1583921572903,2020-03-11T10:12:52.903Z,buy,1.59e-06,300.0,0.000477
POA/BTC,1583921828321,2020-03-11T10:17:08.321Z,buy,1.59e-06,63.0,0.00010017
POA/BTC,1583921828572,2020-03-11T10:17:08.572Z,buy,1.59e-06,20000.0,0.0318
POA/BTC,1583921934289,2020-03-11T10:18:54.289Z,buy,1.59e-06,5673.0,0.00902007
POA/BTC,1583922780393,2020-03-11T10:33:00.393Z,sell,1.59e-06,6441.0,0.01024119
POA/BTC,1583922780393,2020-03-11T10:33:00.393Z,sell,1.59e-06,6441.0,0.01024119
POA/BTC,1583923108363,2020-03-11T10:38:28.363Z,buy,1.59e-06,1006.0,0.00159954
POA/BTC,1583923949223,2020-03-11T10:52:29.223Z,sell,1.58e-06,20000.0,0.031599999999999996
POA/BTC,1583924177939,2020-03-11T10:56:17.939Z,sell,1.58e-06,92400.0,0.14599199999999998
POA/BTC,1583924177939,2020-03-11T10:56:17.939Z,sell,1.57e-06,45543.0,0.07150251
POA/BTC,1583924177939,2020-03-11T10:56:17.939Z,sell,1.57e-06,12720.0,0.0199704
POA/BTC,1583924185635,2020-03-11T10:56:25.635Z,sell,1.57e-06,122.0,0.00019154
POA/BTC,1583924187556,2020-03-11T10:56:27.556Z,buy,1.58e-06,376.0,0.00059408
POA/BTC,1583924189597,2020-03-11T10:56:29.597Z,sell,1.58e-06,137.0,0.00021646
POA/BTC,1583924206318,2020-03-11T10:56:46.318Z,sell,1.58e-06,376.0,0.00059408
POA/BTC,1583924208758,2020-03-11T10:56:48.758Z,buy,1.58e-06,1124.0,0.0017759199999999998
POA/BTC,1583924380575,2020-03-11T10:59:40.575Z,sell,1.58e-06,1876.0,0.00296408
POA/BTC,1583924397966,2020-03-11T10:59:57.966Z,sell,1.57e-06,38124.0,0.05985468
POA/BTC,1583924490215,2020-03-11T11:01:30.215Z,sell,1.57e-06,573.0,0.00089961
POA/BTC,1583926157035,2020-03-11T11:29:17.035Z,buy,1.58e-06,62.0,9.795999999999999e-05
POA/BTC,1583926222978,2020-03-11T11:30:22.978Z,buy,1.58e-06,177.0,0.00027966
POA/BTC,1583926277309,2020-03-11T11:31:17.309Z,buy,1.59e-06,753.0,0.00119727
POA/BTC,1583926339748,2020-03-11T11:32:19.748Z,sell,1.58e-06,251.0,0.00039658
POA/BTC,1583926339748,2020-03-11T11:32:19.748Z,sell,1.58e-06,251.0,0.00039658
POA/BTC,1583927051457,2020-03-11T11:44:11.457Z,sell,1.58e-06,6329.0,0.00999982
POA/BTC,1583927579833,2020-03-11T11:52:59.833Z,buy,1.59e-06,3946.0,0.00627414
POA/BTC,1583927579833,2020-03-11T11:52:59.833Z,buy,1.6e-06,11028.0,0.0176448
POA/BTC,1583927647443,2020-03-11T11:54:07.443Z,sell,1.59e-06,1462.0,0.00232458
POA/BTC,1583927663795,2020-03-11T11:54:23.795Z,buy,1.6e-06,945.0,0.0015119999999999999
POA/BTC,1583927894993,2020-03-11T11:58:14.993Z,sell,1.59e-06,63.0,0.00010017
POA/BTC,1583928024294,2020-03-11T12:00:24.294Z,buy,1.6e-06,8727.0,0.013963199999999999
POA/BTC,1583928474328,2020-03-11T12:07:54.328Z,buy,1.6e-06,102155.0,0.16344799999999998
POA/BTC,1583928474345,2020-03-11T12:07:54.345Z,sell,1.6e-06,11817.0,0.0189072
POA/BTC,1583928474351,2020-03-11T12:07:54.351Z,sell,1.6e-06,2375.0,0.0038
POA/BTC,1583928474356,2020-03-11T12:07:54.356Z,sell,1.6e-06,790.0,0.001264
POA/BTC,1583928474372,2020-03-11T12:07:54.372Z,sell,1.6e-06,16296.0,0.0260736
POA/BTC,1583928492242,2020-03-11T12:08:12.242Z,buy,1.6e-06,63.0,0.0001008
POA/BTC,1583928492242,2020-03-11T12:08:12.242Z,buy,1.61e-06,938.0,0.00151018
POA/BTC,1583928494347,2020-03-11T12:08:14.347Z,buy,1.6e-06,176.0,0.0002816
POA/BTC,1583928552431,2020-03-11T12:09:12.431Z,sell,1.59e-06,8774.0,0.01395066
POA/BTC,1583928552431,2020-03-11T12:09:12.431Z,sell,1.58e-06,20694.0,0.03269652
POA/BTC,1583928588187,2020-03-11T12:09:48.187Z,sell,1.58e-06,5219.0,0.00824602
POA/BTC,1583928758729,2020-03-11T12:12:38.729Z,buy,1.59e-06,1876.0,0.00298284
POA/BTC,1583928758729,2020-03-11T12:12:38.729Z,buy,1.59e-06,1876.0,0.00298284
POA/BTC,1583930528141,2020-03-11T12:42:08.141Z,buy,1.6e-06,625.0,0.001
POA/BTC,1583930533177,2020-03-11T12:42:13.177Z,buy,1.6e-06,625.0,0.001
POA/BTC,1583930749916,2020-03-11T12:45:49.916Z,buy,1.6e-06,3556.0,0.0056895999999999995
POA/BTC,1583931434541,2020-03-11T12:57:14.541Z,buy,1.6e-06,581.0,0.0009295999999999999
POA/BTC,1583931434582,2020-03-11T12:57:14.582Z,sell,1.59e-06,581.0,0.00092379
POA/BTC,1583931817016,2020-03-11T13:03:37.016Z,sell,1.59e-06,4892.0,0.00777828
POA/BTC,1583931875951,2020-03-11T13:04:35.951Z,buy,1.6e-06,56302.0,0.0900832
POA/BTC,1583931875951,2020-03-11T13:04:35.951Z,buy,1.6e-06,56302.0,0.0900832
POA/BTC,1583932721980,2020-03-11T13:18:41.980Z,sell,1.59e-06,5328.0,0.00847152
POA/BTC,1583933607401,2020-03-11T13:33:27.401Z,sell,1.59e-06,1878.0,0.0029860200000000003
POA/BTC,1583934085572,2020-03-11T13:41:25.572Z,buy,1.6e-06,980.0,0.001568
POA/BTC,1583934345897,2020-03-11T13:45:45.897Z,buy,1.6e-06,10500.0,0.0168
POA/BTC,1583934357079,2020-03-11T13:45:57.079Z,buy,1.6e-06,115070.0,0.184112
POA/BTC,1583934382353,2020-03-11T13:46:22.353Z,sell,1.6e-06,299.0,0.0004784
POA/BTC,1583934441148,2020-03-11T13:47:21.148Z,sell,1.6e-06,39530.0,0.063248
POA/BTC,1583934834066,2020-03-11T13:53:54.066Z,sell,1.6e-06,1803.0,0.0028848
POA/BTC,1583934834066,2020-03-11T13:53:54.066Z,sell,1.6e-06,1803.0,0.0028848
POA/BTC,1583935493312,2020-03-11T14:04:53.312Z,buy,1.61e-06,13191.0,0.02123751
POA/BTC,1583935513964,2020-03-11T14:05:13.964Z,sell,1.6e-06,52301.0,0.0836816
POA/BTC,1583935519424,2020-03-11T14:05:19.424Z,sell,1.59e-06,60319.0,0.09590721
POA/BTC,1583935519490,2020-03-11T14:05:19.490Z,buy,1.59e-06,832.0,0.00132288
POA/BTC,1583935549506,2020-03-11T14:05:49.506Z,buy,1.59e-06,300.0,0.000477
POA/BTC,1583935552123,2020-03-11T14:05:52.123Z,buy,1.59e-06,18050.0,0.0286995
POA/BTC,1583935552279,2020-03-11T14:05:52.279Z,buy,1.59e-06,71.0,0.00011289
POA/BTC,1583935552833,2020-03-11T14:05:52.833Z,buy,1.59e-06,266.0,0.00042294
POA/BTC,1583935556192,2020-03-11T14:05:56.192Z,buy,1.59e-06,287.0,0.00045633
POA/BTC,1583935559338,2020-03-11T14:05:59.338Z,buy,1.59e-06,146.0,0.00023214
POA/BTC,1583935686507,2020-03-11T14:08:06.507Z,buy,1.59e-06,1365.0,0.00217035
POA/BTC,1583935754171,2020-03-11T14:09:14.171Z,buy,1.59e-06,509.0,0.00080931
POA/BTC,1583935886163,2020-03-11T14:11:26.163Z,sell,1.59e-06,63.0,0.00010017
POA/BTC,1583936018744,2020-03-11T14:13:38.744Z,sell,1.59e-06,33712.0,0.05360208
POA/BTC,1583936101179,2020-03-11T14:15:01.179Z,buy,1.59e-06,79.0,0.00012561
POA/BTC,1583936140778,2020-03-11T14:15:40.778Z,buy,1.59e-06,8655.0,0.01376145
POA/BTC,1583937108961,2020-03-11T14:31:48.961Z,sell,1.59e-06,75915.0,0.12070485
POA/BTC,1583937271943,2020-03-11T14:34:31.943Z,buy,1.6e-06,465.0,0.000744
POA/BTC,1583937500045,2020-03-11T14:38:20.045Z,buy,1.6e-06,62.0,9.92e-05
POA/BTC,1583937933345,2020-03-11T14:45:33.345Z,sell,1.59e-06,20081.0,0.03192879
POA/BTC,1583937933355,2020-03-11T14:45:33.355Z,sell,1.59e-06,7453.0,0.01185027
POA/BTC,1583937934169,2020-03-11T14:45:34.169Z,sell,1.59e-06,46170.0,0.0734103
POA/BTC,1583938422412,2020-03-11T14:53:42.412Z,sell,1.59e-06,315.0,0.0005008500000000001
POA/BTC,1583938422412,2020-03-11T14:53:42.412Z,sell,1.59e-06,315.0,0.0005008500000000001
POA/BTC,1583938444159,2020-03-11T14:54:04.159Z,buy,1.6e-06,625.0,0.001
POA/BTC,1583938623646,2020-03-11T14:57:03.646Z,sell,1.59e-06,31.0,4.929e-05
POA/BTC,1583938782930,2020-03-11T14:59:42.930Z,buy,1.59e-06,1095.0,0.00174105
POA/BTC,1583938908913,2020-03-11T15:01:48.913Z,buy,1.59e-06,1008.0,0.00160272
POA/BTC,1583939062064,2020-03-11T15:04:22.064Z,sell,1.58e-06,1636.0,0.00258488
POA/BTC,1583939654250,2020-03-11T15:14:14.250Z,buy,1.59e-06,1324.0,0.00210516
POA/BTC,1583940199359,2020-03-11T15:23:19.359Z,buy,1.59e-06,1472.0,0.00234048
POA/BTC,1583940961087,2020-03-11T15:36:01.087Z,buy,1.59e-06,969.0,0.00154071
POA/BTC,1583940968388,2020-03-11T15:36:08.388Z,sell,1.58e-06,314.0,0.00049612
POA/BTC,1583940972395,2020-03-11T15:36:12.395Z,sell,1.58e-06,466.0,0.00073628
POA/BTC,1583941068295,2020-03-11T15:37:48.295Z,sell,1.58e-06,64.0,0.00010112
POA/BTC,1583941267525,2020-03-11T15:41:07.525Z,buy,1.59e-06,200.0,0.00031800000000000003
POA/BTC,1583941416342,2020-03-11T15:43:36.342Z,sell,1.57e-06,71514.0,0.11227698
POA/BTC,1583941788007,2020-03-11T15:49:48.007Z,sell,1.56e-06,67843.0,0.10583508000000001
POA/BTC,1583941790529,2020-03-11T15:49:50.529Z,sell,1.56e-06,5000.0,0.0078000000000000005
POA/BTC,1583941801620,2020-03-11T15:50:01.620Z,sell,1.56e-06,9482.0,0.014791920000000002
POA/BTC,1583941801637,2020-03-11T15:50:01.637Z,buy,1.56e-06,949.0,0.0014804400000000002
POA/BTC,1583941803063,2020-03-11T15:50:03.063Z,sell,1.55e-06,3144.0,0.0048732
POA/BTC,1583941803063,2020-03-11T15:50:03.063Z,sell,1.55e-06,7680.0,0.011904
POA/BTC,1583941803063,2020-03-11T15:50:03.063Z,buy,1.56e-06,5926.0,0.00924456
POA/BTC,1583941869371,2020-03-11T15:51:09.371Z,sell,1.55e-06,251.0,0.00038905
POA/BTC,1583941877655,2020-03-11T15:51:17.655Z,sell,1.55e-06,1204.0,0.0018662
POA/BTC,1583941945040,2020-03-11T15:52:25.040Z,buy,1.56e-06,19109.0,0.029810040000000003
POA/BTC,1583941946950,2020-03-11T15:52:26.950Z,buy,1.57e-06,70496.0,0.11067872
POA/BTC,1583941949049,2020-03-11T15:52:29.049Z,buy,1.58e-06,53045.0,0.0838111
POA/BTC,1583941951575,2020-03-11T15:52:31.575Z,buy,1.59e-06,52794.0,0.08394246
POA/BTC,1583941953686,2020-03-11T15:52:33.686Z,buy,1.58e-06,176.0,0.00027808
POA/BTC,1583941953936,2020-03-11T15:52:33.936Z,buy,1.58e-06,200.0,0.000316
POA/BTC,1583941954087,2020-03-11T15:52:34.087Z,buy,1.58e-06,3344.0,0.00528352
POA/BTC,1583941954087,2020-03-11T15:52:34.087Z,buy,1.59e-06,4239.0,0.00674001
POA/BTC,1583941954087,2020-03-11T15:52:34.087Z,buy,1.6e-06,61227.0,0.0979632
POA/BTC,1583941954119,2020-03-11T15:52:34.119Z,sell,1.6e-06,376.0,0.0006016
POA/BTC,1583941963957,2020-03-11T15:52:43.957Z,buy,1.59e-06,200.0,0.00031800000000000003
POA/BTC,1583941964066,2020-03-11T15:52:44.066Z,sell,1.59e-06,809.0,0.00128631
POA/BTC,1583941997977,2020-03-11T15:53:17.977Z,buy,1.6e-06,176.0,0.0002816
POA/BTC,1583941997977,2020-03-11T15:53:17.977Z,buy,1.61e-06,1710.0,0.0027531
POA/BTC,1583941999732,2020-03-11T15:53:19.732Z,sell,1.6e-06,176.0,0.0002816
POA/BTC,1583942006261,2020-03-11T15:53:26.261Z,sell,1.59e-06,1876.0,0.00298284
POA/BTC,1583942006261,2020-03-11T15:53:26.261Z,sell,1.59e-06,1876.0,0.00298284
POA/BTC,1583942042409,2020-03-11T15:54:02.409Z,sell,1.58e-06,1019.0,0.00161002
POA/BTC,1583942120327,2020-03-11T15:55:20.327Z,buy,1.59e-06,63.0,0.00010017
POA/BTC,1583942237278,2020-03-11T15:57:17.278Z,buy,1.59e-06,126.0,0.00020034
POA/BTC,1583942237278,2020-03-11T15:57:17.278Z,buy,1.6e-06,17.0,2.7199999999999997e-05
POA/BTC,1583943187400,2020-03-11T16:13:07.400Z,sell,1.58e-06,69395.0,0.1096441
POA/BTC,1583943187400,2020-03-11T16:13:07.400Z,sell,1.57e-06,19775.0,0.03104675
POA/BTC,1583943187400,2020-03-11T16:13:07.400Z,sell,1.56e-06,74000.0,0.11544
POA/BTC,1583943187421,2020-03-11T16:13:07.421Z,buy,1.56e-06,23808.0,0.037140480000000003
POA/BTC,1583943187466,2020-03-11T16:13:07.466Z,buy,1.56e-06,4689.0,0.00731484
POA/BTC,1583943191779,2020-03-11T16:13:11.779Z,sell,1.57e-06,176.0,0.00027632
POA/BTC,1583943197553,2020-03-11T16:13:17.553Z,sell,1.57e-06,3575.0,0.00561275
POA/BTC,1583943198507,2020-03-11T16:13:18.507Z,buy,1.57e-06,20262.0,0.03181134
POA/BTC,1583943204409,2020-03-11T16:13:24.409Z,sell,1.57e-06,1500.0,0.002355
POA/BTC,1583943213690,2020-03-11T16:13:33.690Z,buy,1.58e-06,33677.0,0.05320966
POA/BTC,1583943249309,2020-03-11T16:14:09.309Z,sell,1.57e-06,4689.0,0.00736173
POA/BTC,1583943260798,2020-03-11T16:14:20.798Z,sell,1.57e-06,251.0,0.00039407
POA/BTC,1583943306083,2020-03-11T16:15:06.083Z,buy,1.58e-06,352.0,0.00055616
POA/BTC,1583943306083,2020-03-11T16:15:06.083Z,buy,1.59e-06,2497.0,0.00397023
POA/BTC,1583943307368,2020-03-11T16:15:07.368Z,sell,1.58e-06,520.0,0.0008215999999999999
POA/BTC,1583943673724,2020-03-11T16:21:13.724Z,sell,1.58e-06,6722.0,0.01062076
POA/BTC,1583943853291,2020-03-11T16:24:13.291Z,buy,1.58e-06,6098.0,0.009634839999999999
POA/BTC,1583944028735,2020-03-11T16:27:08.735Z,buy,1.59e-06,701.0,0.00111459
POA/BTC,1583944922255,2020-03-11T16:42:02.255Z,sell,1.58e-06,2126.0,0.00335908
POA/BTC,1583945219471,2020-03-11T16:46:59.471Z,sell,1.58e-06,102.0,0.00016115999999999998
POA/BTC,1583945219471,2020-03-11T16:46:59.471Z,sell,1.58e-06,102.0,0.00016115999999999998
POA/BTC,1583945743658,2020-03-11T16:55:43.658Z,sell,1.58e-06,4711.0,0.0074433799999999994
POA/BTC,1583946093359,2020-03-11T17:01:33.359Z,buy,1.58e-06,1387.0,0.0021914599999999997
POA/BTC,1583946116532,2020-03-11T17:01:56.532Z,sell,1.57e-06,70575.0,0.11080275
POA/BTC,1583946192961,2020-03-11T17:03:12.961Z,buy,1.58e-06,315.0,0.0004977
POA/BTC,1583946193125,2020-03-11T17:03:13.125Z,buy,1.58e-06,315.0,0.0004977
POA/BTC,1583946392709,2020-03-11T17:06:32.709Z,sell,1.57e-06,64.0,0.00010048
POA/BTC,1583946486427,2020-03-11T17:08:06.427Z,sell,1.56e-06,7479.0,0.01166724
POA/BTC,1583946486427,2020-03-11T17:08:06.427Z,buy,1.58e-06,949.0,0.00149942
POA/BTC,1583946609967,2020-03-11T17:10:09.967Z,sell,1.57e-06,200.0,0.000314
POA/BTC,1583946719786,2020-03-11T17:11:59.786Z,sell,1.56e-06,1220.0,0.0019032
POA/BTC,1583946738406,2020-03-11T17:12:18.406Z,buy,1.57e-06,64.0,0.00010048
POA/BTC,1583946763773,2020-03-11T17:12:43.773Z,sell,1.56e-06,106.0,0.00016536
POA/BTC,1583946767089,2020-03-11T17:12:47.089Z,sell,1.56e-06,1421.0,0.0022167600000000003
POA/BTC,1583946767113,2020-03-11T17:12:47.113Z,sell,1.56e-06,2493.0,0.00388908
POA/BTC,1583946768089,2020-03-11T17:12:48.089Z,sell,1.56e-06,1420.0,0.0022152
POA/BTC,1583946768142,2020-03-11T17:12:48.142Z,sell,1.56e-06,2426.0,0.00378456
POA/BTC,1583946769097,2020-03-11T17:12:49.097Z,sell,1.55e-06,121.0,0.00018755
POA/BTC,1583946769431,2020-03-11T17:12:49.431Z,sell,1.55e-06,473.0,0.00073315
POA/BTC,1583946910956,2020-03-11T17:15:10.956Z,sell,1.55e-06,7206.0,0.0111693
POA/BTC,1583946953499,2020-03-11T17:15:53.499Z,sell,1.55e-06,25917.0,0.04017135
POA/BTC,1583947091428,2020-03-11T17:18:11.428Z,sell,1.55e-06,11172.0,0.0173166
POA/BTC,1583947342868,2020-03-11T17:22:22.868Z,buy,1.57e-06,58605.0,0.09200985
POA/BTC,1583947342868,2020-03-11T17:22:22.868Z,buy,1.58e-06,63195.0,0.0998481
POA/BTC,1583947344962,2020-03-11T17:22:24.962Z,sell,1.57e-06,200.0,0.000314
POA/BTC,1583947346342,2020-03-11T17:22:26.342Z,sell,1.57e-06,176.0,0.00027632
POA/BTC,1583947383267,2020-03-11T17:23:03.267Z,buy,1.58e-06,2849.0,0.00450142
POA/BTC,1583947385923,2020-03-11T17:23:05.923Z,sell,1.57e-06,200.0,0.000314
POA/BTC,1583947386652,2020-03-11T17:23:06.652Z,sell,1.57e-06,676.0,0.00106132
POA/BTC,1583947412193,2020-03-11T17:23:32.193Z,sell,1.57e-06,2997.0,0.00470529
POA/BTC,1583947718029,2020-03-11T17:28:38.029Z,sell,1.57e-06,313.0,0.00049141
POA/BTC,1583947872404,2020-03-11T17:31:12.404Z,sell,1.57e-06,2251.0,0.00353407
POA/BTC,1583947872404,2020-03-11T17:31:12.404Z,sell,1.56e-06,2749.0,0.00428844
POA/BTC,1583948093025,2020-03-11T17:34:53.025Z,sell,1.56e-06,3803.0,0.00593268
POA/BTC,1583948139014,2020-03-11T17:35:39.014Z,sell,1.56e-06,1644.0,0.00256464
POA/BTC,1583948218017,2020-03-11T17:36:58.017Z,sell,1.55e-06,75512.0,0.1170436
POA/BTC,1583948218017,2020-03-11T17:36:58.017Z,sell,1.54e-06,27805.0,0.0428197
POA/BTC,1583948236919,2020-03-11T17:37:16.919Z,buy,1.55e-06,1132.0,0.0017546
POA/BTC,1583948239492,2020-03-11T17:37:19.492Z,sell,1.55e-06,200.0,0.00031
POA/BTC,1583948240197,2020-03-11T17:37:20.197Z,sell,1.55e-06,176.0,0.0002728
POA/BTC,1583948282759,2020-03-11T17:38:02.759Z,sell,1.55e-06,65.0,0.00010075
POA/BTC,1583948306411,2020-03-11T17:38:26.411Z,buy,1.56e-06,236.0,0.00036816
POA/BTC,1583948309586,2020-03-11T17:38:29.586Z,sell,1.55e-06,195.0,0.00030225
POA/BTC,1583948309586,2020-03-11T17:38:29.586Z,sell,1.54e-06,41.0,6.314000000000001e-05
POA/BTC,1583948396857,2020-03-11T17:39:56.857Z,buy,1.56e-06,159.0,0.00024804
POA/BTC,1583948399018,2020-03-11T17:39:59.018Z,sell,1.54e-06,39769.0,0.06124426
POA/BTC,1583948411518,2020-03-11T17:40:11.518Z,buy,1.54e-06,231.0,0.00035574
POA/BTC,1583948490494,2020-03-11T17:41:30.494Z,sell,1.54e-06,159.0,0.00024486
POA/BTC,1583948546233,2020-03-11T17:42:26.233Z,buy,1.55e-06,1675.0,0.00259625
POA/BTC,1583948661207,2020-03-11T17:44:21.207Z,sell,1.54e-06,1261.0,0.00194194
POA/BTC,1583948707938,2020-03-11T17:45:07.938Z,sell,1.54e-06,3722.0,0.00573188
POA/BTC,1583948808337,2020-03-11T17:46:48.337Z,sell,1.54e-06,251.0,0.00038654
POA/BTC,1583948808337,2020-03-11T17:46:48.337Z,sell,1.54e-06,251.0,0.00038654
POA/BTC,1583949065399,2020-03-11T17:51:05.399Z,buy,1.56e-06,24683.0,0.03850548
POA/BTC,1583949219578,2020-03-11T17:53:39.578Z,sell,1.55e-06,3361.0,0.00520955
POA/BTC,1583949219578,2020-03-11T17:53:39.578Z,sell,1.54e-06,38276.0,0.058945040000000004
POA/BTC,1583949219606,2020-03-11T17:53:39.606Z,buy,1.54e-06,895.0,0.0013783
POA/BTC,1583949262672,2020-03-11T17:54:22.672Z,sell,1.53e-06,27398.0,0.04191894
POA/BTC,1583949431223,2020-03-11T17:57:11.223Z,buy,1.54e-06,80.0,0.0001232
POA/BTC,1583949713259,2020-03-11T18:01:53.259Z,buy,1.54e-06,1700.0,0.002618
POA/BTC,1583949713620,2020-03-11T18:01:53.620Z,sell,1.54e-06,74.0,0.00011396
POA/BTC,1583949750066,2020-03-11T18:02:30.066Z,sell,1.53e-06,4245.0,0.00649485
POA/BTC,1583949939676,2020-03-11T18:05:39.676Z,buy,1.55e-06,4193.0,0.0064991499999999995
POA/BTC,1583950268619,2020-03-11T18:11:08.619Z,sell,1.54e-06,2070.0,0.0031878
POA/BTC,1583950279818,2020-03-11T18:11:19.818Z,sell,1.54e-06,1081.0,0.00166474
POA/BTC,1583950495286,2020-03-11T18:14:55.286Z,sell,1.54e-06,5245.0,0.0080773
POA/BTC,1583950548402,2020-03-11T18:15:48.402Z,buy,1.54e-06,10037.0,0.01545698
POA/BTC,1583950777831,2020-03-11T18:19:37.831Z,sell,1.53e-06,3049.0,0.00466497
POA/BTC,1583950899009,2020-03-11T18:21:39.009Z,buy,1.54e-06,4289.0,0.00660506
POA/BTC,1583950899010,2020-03-11T18:21:39.010Z,buy,1.54e-06,2760.0,0.0042504000000000005
POA/BTC,1583951355391,2020-03-11T18:29:15.391Z,buy,1.54e-06,65.0,0.00010010000000000001
POA/BTC,1583951598189,2020-03-11T18:33:18.189Z,buy,1.54e-06,65.0,0.00010010000000000001
POA/BTC,1583951660436,2020-03-11T18:34:20.436Z,buy,1.55e-06,4561.0,0.00706955
POA/BTC,1583951670445,2020-03-11T18:34:30.445Z,sell,1.55e-06,1085.0,0.00168175
POA/BTC,1583951704990,2020-03-11T18:35:04.990Z,buy,1.56e-06,17978.0,0.028045680000000003
POA/BTC,1583951705015,2020-03-11T18:35:05.015Z,sell,1.56e-06,3977.0,0.0062041200000000005
POA/BTC,1583951705020,2020-03-11T18:35:05.020Z,sell,1.56e-06,1221.0,0.0019047600000000001
POA/BTC,1583951705022,2020-03-11T18:35:05.022Z,sell,1.56e-06,1322.0,0.0020623200000000003
POA/BTC,1583951705027,2020-03-11T18:35:05.027Z,sell,1.56e-06,1221.0,0.0019047600000000001
POA/BTC,1583951705045,2020-03-11T18:35:05.045Z,sell,1.56e-06,1095.0,0.0017082000000000002
POA/BTC,1583951705051,2020-03-11T18:35:05.051Z,sell,1.56e-06,1028.0,0.0016036800000000001
POA/BTC,1583951705162,2020-03-11T18:35:05.162Z,sell,1.56e-06,7251.0,0.01131156
POA/BTC,1583951705191,2020-03-11T18:35:05.191Z,sell,1.54e-06,1962.0,0.00302148
POA/BTC,1583951717996,2020-03-11T18:35:17.996Z,buy,1.55e-06,200.0,0.00031
POA/BTC,1583951760181,2020-03-11T18:36:00.181Z,sell,1.55e-06,1500.0,0.002325
POA/BTC,1583951773448,2020-03-11T18:36:13.448Z,sell,1.55e-06,21559.0,0.03341645
POA/BTC,1583951870943,2020-03-11T18:37:50.943Z,buy,1.56e-06,176.0,0.00027456000000000003
POA/BTC,1583951871874,2020-03-11T18:37:51.874Z,sell,1.56e-06,701.0,0.0010935600000000001
POA/BTC,1583951872582,2020-03-11T18:37:52.582Z,sell,1.56e-06,1508.0,0.00235248
POA/BTC,1583951879155,2020-03-11T18:37:59.155Z,sell,1.56e-06,778.0,0.0012136800000000002
POA/BTC,1583951880469,2020-03-11T18:38:00.469Z,sell,1.56e-06,2802.0,0.00437112
POA/BTC,1583951897974,2020-03-11T18:38:17.974Z,buy,1.57e-06,5981.0,0.00939017
POA/BTC,1583952092782,2020-03-11T18:41:32.782Z,buy,1.57e-06,257.0,0.00040349
POA/BTC,1583952092782,2020-03-11T18:41:32.782Z,buy,1.57e-06,257.0,0.00040349
POA/BTC,1583952442584,2020-03-11T18:47:22.584Z,sell,1.56e-06,536.0,0.0008361600000000001
POA/BTC,1583952508470,2020-03-11T18:48:28.470Z,sell,1.56e-06,237.0,0.00036972000000000003
POA/BTC,1583952876966,2020-03-11T18:54:36.966Z,sell,1.56e-06,903.0,0.00140868
POA/BTC,1583953053098,2020-03-11T18:57:33.098Z,buy,1.56e-06,236.0,0.00036816
POA/BTC,1583953125314,2020-03-11T18:58:45.314Z,sell,1.55e-06,6327.0,0.00980685
POA/BTC,1583954427559,2020-03-11T19:20:27.559Z,sell,1.55e-06,65.0,0.00010075
POA/BTC,1583954500674,2020-03-11T19:21:40.674Z,buy,1.56e-06,31554.0,0.04922424
POA/BTC,1583954503818,2020-03-11T19:21:43.818Z,buy,1.57e-06,27762.0,0.04358634
POA/BTC,1583954507051,2020-03-11T19:21:47.051Z,sell,1.56e-06,176.0,0.00027456000000000003
POA/BTC,1583954507270,2020-03-11T19:21:47.270Z,sell,1.56e-06,176.0,0.00027456000000000003
POA/BTC,1583954510289,2020-03-11T19:21:50.289Z,buy,1.57e-06,176.0,0.00027632
POA/BTC,1583954510289,2020-03-11T19:21:50.289Z,buy,1.58e-06,26617.0,0.04205486
POA/BTC,1583954515030,2020-03-11T19:21:55.030Z,buy,1.58e-06,176.0,0.00027808
POA/BTC,1583954515030,2020-03-11T19:21:55.030Z,buy,1.59e-06,21069.0,0.03349971
POA/BTC,1583954521952,2020-03-11T19:22:01.952Z,buy,1.6e-06,1587.0,0.0025391999999999997
POA/BTC,1583954522267,2020-03-11T19:22:02.267Z,sell,1.58e-06,65.0,0.00010269999999999999
POA/BTC,1583954523879,2020-03-11T19:22:03.879Z,sell,1.59e-06,176.0,0.00027984
POA/BTC,1583954572550,2020-03-11T19:22:52.550Z,sell,1.58e-06,311.0,0.0004913799999999999
POA/BTC,1583954583033,2020-03-11T19:23:03.033Z,sell,1.58e-06,1500.0,0.0023699999999999997
POA/BTC,1583955384314,2020-03-11T19:36:24.314Z,sell,1.57e-06,178.0,0.00027946
POA/BTC,1583955390580,2020-03-11T19:36:30.580Z,sell,1.57e-06,4482.0,0.00703674
POA/BTC,1583955390612,2020-03-11T19:36:30.612Z,sell,1.56e-06,181.0,0.00028236
POA/BTC,1583955395055,2020-03-11T19:36:35.055Z,sell,1.57e-06,176.0,0.00027632
POA/BTC,1583955594777,2020-03-11T19:39:54.777Z,buy,1.58e-06,4072.0,0.006433759999999999
POA/BTC,1583955594777,2020-03-11T19:39:54.777Z,buy,1.59e-06,16928.0,0.026915520000000002
POA/BTC,1583955594777,2020-03-11T19:39:54.777Z,buy,1.58e-06,4072.0,0.006433759999999999
POA/BTC,1583955594777,2020-03-11T19:39:54.777Z,buy,1.59e-06,16928.0,0.026915520000000002
POA/BTC,1583956115129,2020-03-11T19:48:35.129Z,sell,1.57e-06,1804.0,0.00283228
POA/BTC,1583956287986,2020-03-11T19:51:27.986Z,sell,1.57e-06,410.0,0.0006437
POA/BTC,1583956399563,2020-03-11T19:53:19.563Z,sell,1.57e-06,1455.0,0.00228435
POA/BTC,1583956399610,2020-03-11T19:53:19.610Z,buy,1.57e-06,312.0,0.00048984
POA/BTC,1583956499174,2020-03-11T19:54:59.174Z,sell,1.56e-06,664.0,0.0010358400000000001
POA/BTC,1583957665140,2020-03-11T20:14:25.140Z,sell,1.56e-06,432.0,0.00067392
POA/BTC,1583958205926,2020-03-11T20:23:25.926Z,buy,1.57e-06,300.0,0.000471
POA/BTC,1583958205926,2020-03-11T20:23:25.926Z,buy,1.57e-06,300.0,0.000471
POA/BTC,1583960097618,2020-03-11T20:54:57.618Z,buy,1.57e-06,9392.0,0.01474544
POA/BTC,1583960210990,2020-03-11T20:56:50.990Z,buy,1.58e-06,2368.0,0.00374144
POA/BTC,1583960235220,2020-03-11T20:57:15.220Z,sell,1.58e-06,632.0,0.00099856
POA/BTC,1583960289288,2020-03-11T20:58:09.288Z,sell,1.58e-06,64.0,0.00010112
POA/BTC,1583960717943,2020-03-11T21:05:17.943Z,buy,1.59e-06,63.0,0.00010017
POA/BTC,1583961591167,2020-03-11T21:19:51.167Z,buy,1.59e-06,59680.0,0.0948912
POA/BTC,1583961591167,2020-03-11T21:19:51.167Z,buy,1.6e-06,2820.0,0.0045119999999999995
POA/BTC,1583961623963,2020-03-11T21:20:23.963Z,sell,1.59e-06,1500.0,0.002385
POA/BTC,1583961636380,2020-03-11T21:20:36.380Z,buy,1.59e-06,2688.0,0.0042739200000000005
POA/BTC,1583961724440,2020-03-11T21:22:04.440Z,buy,1.6e-06,4213.0,0.0067408
POA/BTC,1583961724440,2020-03-11T21:22:04.440Z,buy,1.6e-06,4213.0,0.0067408
POA/BTC,1583961970684,2020-03-11T21:26:10.684Z,buy,1.6e-06,7042.0,0.0112672
POA/BTC,1583962088821,2020-03-11T21:28:08.821Z,sell,1.59e-06,500.0,0.000795
POA/BTC,1583962142145,2020-03-11T21:29:02.145Z,sell,1.59e-06,20526.0,0.03263634
POA/BTC,1583962268790,2020-03-11T21:31:08.790Z,buy,1.59e-06,63.0,0.00010017
POA/BTC,1583962787410,2020-03-11T21:39:47.410Z,sell,1.58e-06,97641.0,0.15427278
POA/BTC,1583962808731,2020-03-11T21:40:08.731Z,buy,1.58e-06,64.0,0.00010112
POA/BTC,1583963285303,2020-03-11T21:48:05.303Z,buy,1.58e-06,57128.0,0.09026224
POA/BTC,1583963285377,2020-03-11T21:48:05.377Z,sell,1.58e-06,1242.0,0.00196236
POA/BTC,1583963537124,2020-03-11T21:52:17.124Z,buy,1.59e-06,63.0,0.00010017
POA/BTC,1583963622418,2020-03-11T21:53:42.418Z,sell,1.58e-06,13733.0,0.021698139999999998
POA/BTC,1583965186916,2020-03-11T22:19:46.916Z,sell,1.57e-06,5603.0,0.00879671
POA/BTC,1583965209057,2020-03-11T22:20:09.057Z,buy,1.57e-06,127.0,0.00019939
POA/BTC,1583965214434,2020-03-11T22:20:14.434Z,buy,1.57e-06,127.0,0.00019939
POA/BTC,1583965232811,2020-03-11T22:20:32.811Z,buy,1.57e-06,127.0,0.00019939
POA/BTC,1583965232811,2020-03-11T22:20:32.811Z,buy,1.57e-06,127.0,0.00019939
POA/BTC,1583966354195,2020-03-11T22:39:14.195Z,buy,1.57e-06,940.0,0.0014758
POA/BTC,1583966354213,2020-03-11T22:39:14.213Z,buy,1.57e-06,658.0,0.00103306
POA/BTC,1583966488985,2020-03-11T22:41:28.985Z,buy,1.57e-06,12298.0,0.01930786
POA/BTC,1583966799086,2020-03-11T22:46:39.086Z,buy,1.57e-06,65.0,0.00010205
POA/BTC,1583966811045,2020-03-11T22:46:51.045Z,buy,1.57e-06,64.0,0.00010048
POA/BTC,1583966906041,2020-03-11T22:48:26.041Z,buy,1.57e-06,23625.0,0.03709125
POA/BTC,1583967275336,2020-03-11T22:54:35.336Z,buy,1.58e-06,27296.0,0.043127679999999995
POA/BTC,1583967281365,2020-03-11T22:54:41.365Z,buy,1.59e-06,1212.0,0.00192708
POA/BTC,1583967293258,2020-03-11T22:54:53.258Z,sell,1.58e-06,135.0,0.00021329999999999998
POA/BTC,1583967294889,2020-03-11T22:54:54.889Z,sell,1.58e-06,241.0,0.00038078
POA/BTC,1583967294889,2020-03-11T22:54:54.889Z,sell,1.57e-06,669.0,0.00105033
POA/BTC,1583968038655,2020-03-11T23:07:18.655Z,buy,1.59e-06,254.0,0.00040386
POA/BTC,1583968101951,2020-03-11T23:08:21.951Z,buy,1.59e-06,24915.0,0.03961485
POA/BTC,1583968101965,2020-03-11T23:08:21.965Z,buy,1.59e-06,17567.0,0.02793153
POA/BTC,1583968101965,2020-03-11T23:08:21.965Z,buy,1.59e-06,17567.0,0.02793153
POA/BTC,1583968867366,2020-03-11T23:21:07.366Z,sell,1.58e-06,5234.0,0.00826972
POA/BTC,1583968870804,2020-03-11T23:21:10.804Z,buy,1.58e-06,1854.0,0.00292932
POA/BTC,1583968870804,2020-03-11T23:21:10.804Z,buy,1.59e-06,23622.0,0.03755898
POA/BTC,1583969288172,2020-03-11T23:28:08.172Z,buy,1.59e-06,19801.0,0.03148359
POA/BTC,1583969951867,2020-03-11T23:39:11.867Z,buy,1.58e-06,64.0,0.00010112
POA/BTC,1583969953011,2020-03-11T23:39:13.011Z,buy,1.58e-06,126.0,0.00019908
POA/BTC,1583969994313,2020-03-11T23:39:54.313Z,buy,1.58e-06,66.0,0.00010428
POA/BTC,1583970571181,2020-03-11T23:49:31.181Z,buy,1.59e-06,3000.0,0.00477
POA/BTC,1583971515895,2020-03-12T00:05:15.895Z,sell,1.58e-06,64.0,0.00010112
POA/BTC,1583971515895,2020-03-12T00:05:15.895Z,sell,1.58e-06,64.0,0.00010112
POA/BTC,1583973062635,2020-03-12T00:31:02.635Z,sell,1.58e-06,64.0,0.00010112
POA/BTC,1583973062635,2020-03-12T00:31:02.635Z,sell,1.58e-06,64.0,0.00010112
POA/BTC,1583976625023,2020-03-12T01:30:25.023Z,sell,1.58e-06,6949.0,0.01097942
POA/BTC,1583976625023,2020-03-12T01:30:25.023Z,sell,1.58e-06,6949.0,0.01097942
POA/BTC,1583976819911,2020-03-12T01:33:39.911Z,sell,1.57e-06,25354.0,0.03980578
POA/BTC,1583976820011,2020-03-12T01:33:40.011Z,sell,1.57e-06,18693.0,0.02934801
POA/BTC,1583976821488,2020-03-12T01:33:41.488Z,sell,1.57e-06,5014.0,0.00787198
POA/BTC,1583976849098,2020-03-12T01:34:09.098Z,buy,1.57e-06,64.0,0.00010048
POA/BTC,1583977159802,2020-03-12T01:39:19.802Z,buy,1.57e-06,381.0,0.00059817
POA/BTC,1583977194741,2020-03-12T01:39:54.741Z,sell,1.56e-06,5586.0,0.00871416
POA/BTC,1583977268781,2020-03-12T01:41:08.781Z,buy,1.56e-06,65.0,0.00010140000000000001
POA/BTC,1583977363769,2020-03-12T01:42:43.769Z,sell,1.55e-06,13091.0,0.02029105
POA/BTC,1583977427506,2020-03-12T01:43:47.506Z,sell,1.55e-06,251.0,0.00038905
POA/BTC,1583977607585,2020-03-12T01:46:47.585Z,buy,1.56e-06,96.0,0.00014976
POA/BTC,1583978096389,2020-03-12T01:54:56.389Z,sell,1.55e-06,780.0,0.001209
POA/BTC,1583978235697,2020-03-12T01:57:15.697Z,sell,1.55e-06,934.0,0.0014477
POA/BTC,1583978235713,2020-03-12T01:57:15.713Z,sell,1.55e-06,832.0,0.0012896
POA/BTC,1583979460985,2020-03-12T02:17:40.985Z,sell,1.55e-06,3012.0,0.0046686
POA/BTC,1583979460985,2020-03-12T02:17:40.985Z,sell,1.55e-06,3012.0,0.0046686
POA/BTC,1583980302919,2020-03-12T02:31:42.919Z,buy,1.55e-06,450819.0,0.69876945
POA/BTC,1583980305400,2020-03-12T02:31:45.400Z,buy,1.56e-06,6078.0,0.009481680000000001
POA/BTC,1583980643889,2020-03-12T02:37:23.889Z,sell,1.55e-06,1354.0,0.0020987
POA/BTC,1583982335529,2020-03-12T03:05:35.529Z,buy,1.56e-06,65.0,0.00010140000000000001
POA/BTC,1583982338630,2020-03-12T03:05:38.630Z,buy,1.56e-06,65.0,0.00010140000000000001
POA/BTC,1583982338630,2020-03-12T03:05:38.630Z,buy,1.56e-06,65.0,0.00010140000000000001
POA/BTC,1583983939103,2020-03-12T03:32:19.103Z,sell,1.55e-06,1742.0,0.0027001
POA/BTC,1583984209841,2020-03-12T03:36:49.841Z,buy,1.56e-06,3233.0,0.00504348
POA/BTC,1583984209841,2020-03-12T03:36:49.841Z,buy,1.57e-06,15953.0,0.02504621
POA/BTC,1583984209841,2020-03-12T03:36:49.841Z,buy,1.58e-06,4411193.0,6.96968494
POA/BTC,1583984212653,2020-03-12T03:36:52.653Z,sell,1.57e-06,376.0,0.00059032
POA/BTC,1583984221695,2020-03-12T03:37:01.695Z,sell,1.57e-06,264104.0,0.41464328
POA/BTC,1583984221695,2020-03-12T03:37:01.695Z,sell,1.57e-06,8879.0,0.01394003
POA/BTC,1583984221801,2020-03-12T03:37:01.801Z,sell,1.57e-06,3000.0,0.00471
POA/BTC,1583984274889,2020-03-12T03:37:54.889Z,buy,1.58e-06,66.0,0.00010428
POA/BTC,1583984279937,2020-03-12T03:37:59.937Z,buy,1.58e-06,66.0,0.00010428
POA/BTC,1583984286275,2020-03-12T03:38:06.275Z,buy,1.58e-06,66.0,0.00010428
POA/BTC,1583984287158,2020-03-12T03:38:07.158Z,sell,1.57e-06,3775.0,0.00592675
POA/BTC,1583984292585,2020-03-12T03:38:12.585Z,buy,1.58e-06,66.0,0.00010428
POA/BTC,1583984297846,2020-03-12T03:38:17.846Z,sell,1.57e-06,1500.0,0.002355
POA/BTC,1583984323327,2020-03-12T03:38:43.327Z,buy,1.57e-06,891.0,0.00139887
POA/BTC,1583984323327,2020-03-12T03:38:43.327Z,buy,1.58e-06,9.0,1.422e-05
POA/BTC,1583984374382,2020-03-12T03:39:34.382Z,buy,1.58e-06,127.0,0.00020066
POA/BTC,1583984453878,2020-03-12T03:40:53.878Z,buy,1.58e-06,10802.0,0.017067159999999998
POA/BTC,1583984454845,2020-03-12T03:40:54.845Z,buy,1.58e-06,1435.0,0.0022673
POA/BTC,1583984458454,2020-03-12T03:40:58.454Z,buy,1.59e-06,158.0,0.00025122
POA/BTC,1583984469155,2020-03-12T03:41:09.155Z,buy,1.59e-06,66.0,0.00010494000000000001
POA/BTC,1583984475312,2020-03-12T03:41:15.312Z,buy,1.59e-06,66.0,0.00010494000000000001
POA/BTC,1583984481655,2020-03-12T03:41:21.655Z,buy,1.59e-06,66.0,0.00010494000000000001
POA/BTC,1583984488931,2020-03-12T03:41:28.931Z,sell,1.57e-06,3027.0,0.00475239
POA/BTC,1583984488931,2020-03-12T03:41:28.931Z,sell,1.56e-06,1442.0,0.00224952
POA/BTC,1583984488940,2020-03-12T03:41:28.940Z,sell,1.56e-06,2025.0,0.0031590000000000003
POA/BTC,1583984488940,2020-03-12T03:41:28.940Z,sell,1.55e-06,11267.0,0.01746385
POA/BTC,1583984488974,2020-03-12T03:41:28.974Z,sell,1.54e-06,153.0,0.00023562000000000002
POA/BTC,1583984488991,2020-03-12T03:41:28.991Z,buy,1.55e-06,1249.0,0.00193595
POA/BTC,1583984488991,2020-03-12T03:41:28.991Z,buy,1.56e-06,1339.0,0.0020888400000000002
POA/BTC,1583984489005,2020-03-12T03:41:29.005Z,buy,1.57e-06,3027.0,0.00475239
POA/BTC,1583984489005,2020-03-12T03:41:29.005Z,buy,1.58e-06,712.0,0.00112496
POA/BTC,1583984489009,2020-03-12T03:41:29.009Z,sell,1.56e-06,9756.0,0.015219360000000001
POA/BTC,1583984489009,2020-03-12T03:41:29.009Z,sell,1.55e-06,10851.0,0.01681905
POA/BTC,1583984489638,2020-03-12T03:41:29.638Z,buy,1.56e-06,7833.0,0.012219480000000001
POA/BTC,1583984490731,2020-03-12T03:41:30.731Z,buy,1.56e-06,66.0,0.00010296
POA/BTC,1583984490950,2020-03-12T03:41:30.950Z,buy,1.56e-06,118.0,0.00018408
POA/BTC,1583984492660,2020-03-12T03:41:32.660Z,sell,1.56e-06,176.0,0.00027456000000000003
POA/BTC,1583984499290,2020-03-12T03:41:39.290Z,buy,1.57e-06,66.0,0.00010362
POA/BTC,1583984505021,2020-03-12T03:41:45.021Z,buy,1.57e-06,66.0,0.00010362
POA/BTC,1583984519934,2020-03-12T03:41:59.934Z,sell,1.56e-06,4353.0,0.00679068
POA/BTC,1583984520466,2020-03-12T03:42:00.466Z,sell,1.56e-06,1329.0,0.00207324
POA/BTC,1583984525005,2020-03-12T03:42:05.005Z,sell,1.56e-06,266.0,0.00041496
POA/BTC,1583984530249,2020-03-12T03:42:10.249Z,buy,1.57e-06,1500.0,0.002355
POA/BTC,1583984531021,2020-03-12T03:42:11.021Z,buy,1.57e-06,944.0,0.00148208
POA/BTC,1583984531021,2020-03-12T03:42:11.021Z,buy,1.58e-06,5104.0,0.00806432
POA/BTC,1583984531030,2020-03-12T03:42:11.030Z,sell,1.58e-06,1018.0,0.0016084399999999998
POA/BTC,1583984531031,2020-03-12T03:42:11.031Z,sell,1.58e-06,482.0,0.00076156
POA/BTC,1583984533091,2020-03-12T03:42:13.091Z,buy,1.57e-06,200.0,0.000314
POA/BTC,1583984533283,2020-03-12T03:42:13.283Z,sell,1.56e-06,1500.0,0.00234
POA/BTC,1583984533289,2020-03-12T03:42:13.289Z,buy,1.57e-06,176.0,0.00027632
POA/BTC,1583984534245,2020-03-12T03:42:14.245Z,buy,1.57e-06,1124.0,0.00176468
POA/BTC,1583984537486,2020-03-12T03:42:17.486Z,buy,1.58e-06,1700.0,0.002686
POA/BTC,1583984550740,2020-03-12T03:42:30.740Z,sell,1.57e-06,576.0,0.00090432
POA/BTC,1583984550740,2020-03-12T03:42:30.740Z,sell,1.56e-06,10275.0,0.016029
POA/BTC,1583984594469,2020-03-12T03:43:14.469Z,sell,1.56e-06,2576.0,0.00401856
POA/BTC,1583984651043,2020-03-12T03:44:11.043Z,buy,1.57e-06,66.0,0.00010362
POA/BTC,1583984657220,2020-03-12T03:44:17.220Z,buy,1.57e-06,66.0,0.00010362
POA/BTC,1583984665094,2020-03-12T03:44:25.094Z,buy,1.57e-06,44.0,6.908e-05
POA/BTC,1583984665094,2020-03-12T03:44:25.094Z,buy,1.58e-06,22.0,3.476e-05
POA/BTC,1583984674824,2020-03-12T03:44:34.824Z,buy,1.57e-06,66.0,0.00010362
POA/BTC,1583984692601,2020-03-12T03:44:52.601Z,sell,1.56e-06,99.0,0.00015444000000000002
POA/BTC,1583984697919,2020-03-12T03:44:57.919Z,buy,1.57e-06,66.0,0.00010362
POA/BTC,1583984700991,2020-03-12T03:45:00.991Z,sell,1.56e-06,1435.0,0.0022386000000000003
POA/BTC,1583984707099,2020-03-12T03:45:07.099Z,buy,1.57e-06,66.0,0.00010362
POA/BTC,1583984713147,2020-03-12T03:45:13.147Z,buy,1.57e-06,66.0,0.00010362
POA/BTC,1583984722962,2020-03-12T03:45:22.962Z,buy,1.57e-06,66.0,0.00010362
POA/BTC,1583984729500,2020-03-12T03:45:29.500Z,buy,1.57e-06,66.0,0.00010362
POA/BTC,1583984734967,2020-03-12T03:45:34.967Z,buy,1.57e-06,66.0,0.00010362
POA/BTC,1583984739603,2020-03-12T03:45:39.603Z,buy,1.57e-06,66.0,0.00010362
POA/BTC,1583984747177,2020-03-12T03:45:47.177Z,buy,1.58e-06,66.0,0.00010428
POA/BTC,1583984807244,2020-03-12T03:46:47.244Z,buy,1.58e-06,77.0,0.00012166
POA/BTC,1583984936329,2020-03-12T03:48:56.329Z,buy,1.57e-06,65.0,0.00010205
POA/BTC,1583984941975,2020-03-12T03:49:01.975Z,buy,1.57e-06,65.0,0.00010205
POA/BTC,1583984982677,2020-03-12T03:49:42.677Z,sell,1.56e-06,3942.0,0.00614952
POA/BTC,1583985002979,2020-03-12T03:50:02.979Z,buy,1.57e-06,66.0,0.00010362
POA/BTC,1583985011792,2020-03-12T03:50:11.792Z,buy,1.57e-06,66.0,0.00010362
POA/BTC,1583985017628,2020-03-12T03:50:17.628Z,buy,1.57e-06,66.0,0.00010362
POA/BTC,1583985058964,2020-03-12T03:50:58.964Z,buy,1.56e-06,65.0,0.00010140000000000001
POA/BTC,1583985068516,2020-03-12T03:51:08.516Z,buy,1.56e-06,66.0,0.00010296
POA/BTC,1583985170860,2020-03-12T03:52:50.860Z,buy,1.57e-06,65.0,0.00010205
POA/BTC,1583985455927,2020-03-12T03:57:35.927Z,buy,1.56e-06,130.0,0.00020280000000000002
POA/BTC,1583985455927,2020-03-12T03:57:35.927Z,buy,1.57e-06,1.0,1.57e-06
POA/BTC,1583985604286,2020-03-12T04:00:04.286Z,sell,1.55e-06,4344.0,0.0067332
POA/BTC,1583985643397,2020-03-12T04:00:43.397Z,buy,1.56e-06,66.0,0.00010296
POA/BTC,1583985651252,2020-03-12T04:00:51.252Z,buy,1.56e-06,66.0,0.00010296
POA/BTC,1583985746936,2020-03-12T04:02:26.936Z,buy,1.56e-06,67.0,0.00010452000000000001
POA/BTC,1583985754411,2020-03-12T04:02:34.411Z,buy,1.56e-06,68.0,0.00010608
POA/BTC,1583985761175,2020-03-12T04:02:41.175Z,buy,1.56e-06,69.0,0.00010764
POA/BTC,1583985761175,2020-03-12T04:02:41.175Z,buy,1.56e-06,69.0,0.00010764
POA/BTC,1583986417279,2020-03-12T04:13:37.279Z,sell,1.55e-06,176.0,0.0002728
POA/BTC,1583986501112,2020-03-12T04:15:01.112Z,buy,1.56e-06,66.0,0.00010296
POA/BTC,1583986509093,2020-03-12T04:15:09.093Z,buy,1.56e-06,66.0,0.00010296
POA/BTC,1583986516205,2020-03-12T04:15:16.205Z,buy,1.55e-06,66.0,0.00010229999999999999
POA/BTC,1583986525300,2020-03-12T04:15:25.300Z,buy,1.55e-06,66.0,0.00010229999999999999
POA/BTC,1583986558790,2020-03-12T04:15:58.790Z,sell,1.54e-06,16100.0,0.024794
POA/BTC,1583986579118,2020-03-12T04:16:19.118Z,sell,1.54e-06,40.0,6.16e-05
POA/BTC,1583986614537,2020-03-12T04:16:54.537Z,sell,1.53e-06,17658.0,0.02701674
POA/BTC,1583986614537,2020-03-12T04:16:54.537Z,sell,1.52e-06,131036.0,0.19917472
POA/BTC,1583986614537,2020-03-12T04:16:54.537Z,sell,1.51e-06,680.0,0.0010268
POA/BTC,1583986614537,2020-03-12T04:16:54.537Z,sell,1.51e-06,786.0,0.0011868599999999999
POA/BTC,1583986614537,2020-03-12T04:16:54.537Z,sell,1.51e-06,5926.0,0.00894826
POA/BTC,1583986614537,2020-03-12T04:16:54.537Z,sell,1.51e-06,11350.0,0.0171385
POA/BTC,1583986614537,2020-03-12T04:16:54.537Z,sell,1.51e-06,21443.0,0.03237893
POA/BTC,1583986614537,2020-03-12T04:16:54.537Z,sell,1.51e-06,900.0,0.001359
POA/BTC,1583986614537,2020-03-12T04:16:54.537Z,sell,1.51e-06,300.0,0.000453
POA/BTC,1583986615818,2020-03-12T04:16:55.818Z,buy,1.52e-06,910.0,0.0013832
POA/BTC,1583986619607,2020-03-12T04:16:59.607Z,sell,1.51e-06,735.0,0.00110985
POA/BTC,1583986623472,2020-03-12T04:17:03.472Z,sell,1.51e-06,6204.0,0.00936804
POA/BTC,1583986627934,2020-03-12T04:17:07.934Z,buy,1.52e-06,66.0,0.00010032
POA/BTC,1583986636164,2020-03-12T04:17:16.164Z,buy,1.52e-06,180.0,0.00027360000000000004
POA/BTC,1583986636203,2020-03-12T04:17:16.203Z,buy,1.52e-06,180.0,0.00027360000000000004
POA/BTC,1583986636243,2020-03-12T04:17:16.243Z,buy,1.52e-06,180.0,0.00027360000000000004
POA/BTC,1583986636287,2020-03-12T04:17:16.287Z,buy,1.52e-06,180.0,0.00027360000000000004
POA/BTC,1583986636329,2020-03-12T04:17:16.329Z,buy,1.52e-06,180.0,0.00027360000000000004
POA/BTC,1583986636381,2020-03-12T04:17:16.381Z,buy,1.52e-06,180.0,0.00027360000000000004
POA/BTC,1583986636427,2020-03-12T04:17:16.427Z,buy,1.52e-06,180.0,0.00027360000000000004
POA/BTC,1583986636693,2020-03-12T04:17:16.693Z,buy,1.52e-06,180.0,0.00027360000000000004
POA/BTC,1583986636726,2020-03-12T04:17:16.726Z,buy,1.52e-06,180.0,0.00027360000000000004
POA/BTC,1583986636767,2020-03-12T04:17:16.767Z,buy,1.52e-06,180.0,0.00027360000000000004
POA/BTC,1583986636816,2020-03-12T04:17:16.816Z,buy,1.52e-06,180.0,0.00027360000000000004
POA/BTC,1583986638930,2020-03-12T04:17:18.930Z,buy,1.52e-06,601.0,0.00091352
POA/BTC,1583986638943,2020-03-12T04:17:18.943Z,buy,1.52e-06,232.0,0.00035264000000000004
POA/BTC,1583986639120,2020-03-12T04:17:19.120Z,buy,1.52e-06,1953.0,0.0029685600000000003
POA/BTC,1583986639441,2020-03-12T04:17:19.441Z,buy,1.52e-06,232.0,0.00035264000000000004
POA/BTC,1583986639571,2020-03-12T04:17:19.571Z,buy,1.52e-06,232.0,0.00035264000000000004
POA/BTC,1583986639747,2020-03-12T04:17:19.747Z,buy,1.52e-06,232.0,0.00035264000000000004
POA/BTC,1583986639940,2020-03-12T04:17:19.940Z,buy,1.52e-06,601.0,0.00091352
POA/BTC,1583986640139,2020-03-12T04:17:20.139Z,buy,1.52e-06,351.0,0.00053352
POA/BTC,1583986640231,2020-03-12T04:17:20.231Z,buy,1.52e-06,232.0,0.00035264000000000004
POA/BTC,1583986640351,2020-03-12T04:17:20.351Z,buy,1.52e-06,232.0,0.00035264000000000004
POA/BTC,1583986640976,2020-03-12T04:17:20.976Z,buy,1.52e-06,514.0,0.0007812800000000001
POA/BTC,1583986642035,2020-03-12T04:17:22.035Z,buy,1.52e-06,307.0,0.00046664
POA/BTC,1583986648520,2020-03-12T04:17:28.520Z,buy,1.52e-06,82.0,0.00012464
POA/BTC,1583986649742,2020-03-12T04:17:29.742Z,buy,1.52e-06,820.0,0.0012464000000000002
POA/BTC,1583986649993,2020-03-12T04:17:29.993Z,buy,1.52e-06,820.0,0.0012464000000000002
POA/BTC,1583986650113,2020-03-12T04:17:30.113Z,sell,1.51e-06,662.0,0.00099962
POA/BTC,1583986650272,2020-03-12T04:17:30.272Z,buy,1.52e-06,820.0,0.0012464000000000002
POA/BTC,1583986650363,2020-03-12T04:17:30.363Z,sell,1.51e-06,819.0,0.00123669
POA/BTC,1583986650565,2020-03-12T04:17:30.565Z,buy,1.52e-06,820.0,0.0012464000000000002
POA/BTC,1583986650670,2020-03-12T04:17:30.670Z,sell,1.51e-06,819.0,0.00123669
POA/BTC,1583986650849,2020-03-12T04:17:30.849Z,buy,1.52e-06,820.0,0.0012464000000000002
POA/BTC,1583986650976,2020-03-12T04:17:30.976Z,sell,1.51e-06,819.0,0.00123669
POA/BTC,1583986651137,2020-03-12T04:17:31.137Z,buy,1.52e-06,820.0,0.0012464000000000002
POA/BTC,1583986651251,2020-03-12T04:17:31.251Z,sell,1.51e-06,819.0,0.00123669
POA/BTC,1583986651420,2020-03-12T04:17:31.420Z,buy,1.52e-06,820.0,0.0012464000000000002
POA/BTC,1583986651540,2020-03-12T04:17:31.540Z,sell,1.51e-06,819.0,0.00123669
POA/BTC,1583986651686,2020-03-12T04:17:31.686Z,buy,1.52e-06,820.0,0.0012464000000000002
POA/BTC,1583986651787,2020-03-12T04:17:31.787Z,sell,1.51e-06,287.0,0.00043337
POA/BTC,1583986651948,2020-03-12T04:17:31.948Z,buy,1.52e-06,820.0,0.0012464000000000002
POA/BTC,1583986652056,2020-03-12T04:17:32.056Z,sell,1.51e-06,819.0,0.00123669
POA/BTC,1583986652215,2020-03-12T04:17:32.215Z,buy,1.52e-06,820.0,0.0012464000000000002
POA/BTC,1583986652316,2020-03-12T04:17:32.316Z,sell,1.51e-06,819.0,0.00123669
POA/BTC,1583986652473,2020-03-12T04:17:32.473Z,buy,1.52e-06,820.0,0.0012464000000000002
POA/BTC,1583986652564,2020-03-12T04:17:32.564Z,sell,1.51e-06,819.0,0.00123669
POA/BTC,1583986652703,2020-03-12T04:17:32.703Z,buy,1.52e-06,820.0,0.0012464000000000002
POA/BTC,1583986652736,2020-03-12T04:17:32.736Z,buy,1.52e-06,820.0,0.0012464000000000002
POA/BTC,1583986652869,2020-03-12T04:17:32.869Z,sell,1.51e-06,819.0,0.00123669
POA/BTC,1583986653033,2020-03-12T04:17:33.033Z,buy,1.52e-06,820.0,0.0012464000000000002
POA/BTC,1583986653148,2020-03-12T04:17:33.148Z,sell,1.51e-06,819.0,0.00123669
POA/BTC,1583986653330,2020-03-12T04:17:33.330Z,buy,1.52e-06,820.0,0.0012464000000000002
POA/BTC,1583986653443,2020-03-12T04:17:33.443Z,sell,1.51e-06,357.0,0.00053907
POA/BTC,1583986653599,2020-03-12T04:17:33.599Z,buy,1.52e-06,820.0,0.0012464000000000002
POA/BTC,1583986653687,2020-03-12T04:17:33.687Z,sell,1.51e-06,819.0,0.00123669
POA/BTC,1583986653838,2020-03-12T04:17:33.838Z,buy,1.52e-06,820.0,0.0012464000000000002
POA/BTC,1583986653929,2020-03-12T04:17:33.929Z,sell,1.51e-06,819.0,0.00123669
POA/BTC,1583986654090,2020-03-12T04:17:34.090Z,buy,1.52e-06,820.0,0.0012464000000000002
POA/BTC,1583986654199,2020-03-12T04:17:34.199Z,sell,1.51e-06,819.0,0.00123669
POA/BTC,1583986654340,2020-03-12T04:17:34.340Z,buy,1.52e-06,820.0,0.0012464000000000002
POA/BTC,1583986654432,2020-03-12T04:17:34.432Z,sell,1.51e-06,511.0,0.0007716099999999999
POA/BTC,1583986654868,2020-03-12T04:17:34.868Z,buy,1.52e-06,820.0,0.0012464000000000002
POA/BTC,1583986654947,2020-03-12T04:17:34.947Z,sell,1.51e-06,819.0,0.00123669
POA/BTC,1583986655114,2020-03-12T04:17:35.114Z,buy,1.52e-06,820.0,0.0012464000000000002
POA/BTC,1583986655207,2020-03-12T04:17:35.207Z,sell,1.51e-06,724.0,0.0010932399999999999
POA/BTC,1583986655363,2020-03-12T04:17:35.363Z,buy,1.52e-06,820.0,0.0012464000000000002
POA/BTC,1583986655485,2020-03-12T04:17:35.485Z,sell,1.51e-06,819.0,0.00123669
POA/BTC,1583986655592,2020-03-12T04:17:35.592Z,buy,1.52e-06,820.0,0.0012464000000000002
POA/BTC,1583986655674,2020-03-12T04:17:35.674Z,sell,1.51e-06,819.0,0.00123669
POA/BTC,1583986655841,2020-03-12T04:17:35.841Z,buy,1.52e-06,820.0,0.0012464000000000002
POA/BTC,1583986655925,2020-03-12T04:17:35.925Z,sell,1.51e-06,819.0,0.00123669
POA/BTC,1583986656114,2020-03-12T04:17:36.114Z,buy,1.52e-06,820.0,0.0012464000000000002
POA/BTC,1583986656225,2020-03-12T04:17:36.225Z,sell,1.51e-06,819.0,0.00123669
POA/BTC,1583986656362,2020-03-12T04:17:36.362Z,buy,1.52e-06,820.0,0.0012464000000000002
POA/BTC,1583986656434,2020-03-12T04:17:36.434Z,sell,1.51e-06,819.0,0.00123669
POA/BTC,1583986656602,2020-03-12T04:17:36.602Z,buy,1.52e-06,820.0,0.0012464000000000002
POA/BTC,1583986656679,2020-03-12T04:17:36.679Z,sell,1.51e-06,285.0,0.00043034999999999997
POA/BTC,1583986656844,2020-03-12T04:17:36.844Z,buy,1.52e-06,820.0,0.0012464000000000002
POA/BTC,1583986656922,2020-03-12T04:17:36.922Z,sell,1.51e-06,819.0,0.00123669
POA/BTC,1583986657086,2020-03-12T04:17:37.086Z,buy,1.52e-06,820.0,0.0012464000000000002
POA/BTC,1583986657179,2020-03-12T04:17:37.179Z,sell,1.51e-06,819.0,0.00123669
POA/BTC,1583986657348,2020-03-12T04:17:37.348Z,buy,1.52e-06,820.0,0.0012464000000000002
POA/BTC,1583986657461,2020-03-12T04:17:37.461Z,sell,1.51e-06,819.0,0.00123669
POA/BTC,1583986657655,2020-03-12T04:17:37.655Z,buy,1.52e-06,820.0,0.0012464000000000002
POA/BTC,1583986657748,2020-03-12T04:17:37.748Z,sell,1.51e-06,819.0,0.00123669
POA/BTC,1583986657917,2020-03-12T04:17:37.917Z,buy,1.52e-06,820.0,0.0012464000000000002
POA/BTC,1583986658026,2020-03-12T04:17:38.026Z,sell,1.51e-06,819.0,0.00123669
POA/BTC,1583986658220,2020-03-12T04:17:38.220Z,buy,1.52e-06,820.0,0.0012464000000000002
POA/BTC,1583986658328,2020-03-12T04:17:38.328Z,sell,1.51e-06,288.0,0.00043488
POA/BTC,1583986658513,2020-03-12T04:17:38.513Z,buy,1.52e-06,820.0,0.0012464000000000002
POA/BTC,1583986658642,2020-03-12T04:17:38.642Z,sell,1.51e-06,819.0,0.00123669
POA/BTC,1583986658857,2020-03-12T04:17:38.857Z,buy,1.52e-06,820.0,0.0012464000000000002
POA/BTC,1583986658954,2020-03-12T04:17:38.954Z,sell,1.51e-06,819.0,0.00123669
POA/BTC,1583986659166,2020-03-12T04:17:39.166Z,buy,1.52e-06,820.0,0.0012464000000000002
POA/BTC,1583986659259,2020-03-12T04:17:39.259Z,sell,1.51e-06,819.0,0.00123669
POA/BTC,1583986659445,2020-03-12T04:17:39.445Z,buy,1.52e-06,820.0,0.0012464000000000002
POA/BTC,1583986659544,2020-03-12T04:17:39.544Z,sell,1.51e-06,819.0,0.00123669
POA/BTC,1583986659716,2020-03-12T04:17:39.716Z,buy,1.52e-06,820.0,0.0012464000000000002
POA/BTC,1583986659807,2020-03-12T04:17:39.807Z,sell,1.51e-06,819.0,0.00123669
POA/BTC,1583986659964,2020-03-12T04:17:39.964Z,buy,1.52e-06,820.0,0.0012464000000000002
POA/BTC,1583986660060,2020-03-12T04:17:40.060Z,sell,1.51e-06,415.0,0.00062665
POA/BTC,1583986660244,2020-03-12T04:17:40.244Z,buy,1.52e-06,820.0,0.0012464000000000002
POA/BTC,1583986661144,2020-03-12T04:17:41.144Z,buy,1.52e-06,820.0,0.0012464000000000002
POA/BTC,1583986661194,2020-03-12T04:17:41.194Z,buy,1.52e-06,640.0,0.0009728
POA/BTC,1583986661999,2020-03-12T04:17:41.999Z,buy,1.52e-06,354.0,0.00053808
POA/BTC,1583986662117,2020-03-12T04:17:42.117Z,sell,1.51e-06,353.0,0.00053303
POA/BTC,1583986665318,2020-03-12T04:17:45.318Z,sell,1.51e-06,1685.0,0.00254435
POA/BTC,1583986668896,2020-03-12T04:17:48.896Z,sell,1.51e-06,464.0,0.00070064
POA/BTC,1583986686319,2020-03-12T04:18:06.319Z,sell,1.51e-06,251.0,0.00037901
POA/BTC,1583986754691,2020-03-12T04:19:14.691Z,buy,1.52e-06,66.0,0.00010032
POA/BTC,1583986760561,2020-03-12T04:19:20.561Z,buy,1.52e-06,66.0,0.00010032
POA/BTC,1583986805323,2020-03-12T04:20:05.323Z,buy,1.52e-06,4140.0,0.0062928
POA/BTC,1583986868327,2020-03-12T04:21:08.327Z,buy,1.52e-06,66.0,0.00010032
POA/BTC,1583986910238,2020-03-12T04:21:50.238Z,sell,1.51e-06,15349.0,0.023176989999999998
POA/BTC,1583986936181,2020-03-12T04:22:16.181Z,sell,1.5e-06,1328.0,0.001992
POA/BTC,1583986936181,2020-03-12T04:22:16.181Z,sell,1.5e-06,637.0,0.0009555000000000001
POA/BTC,1583986936181,2020-03-12T04:22:16.181Z,sell,1.5e-06,2513.0,0.0037695000000000003
POA/BTC,1583986936181,2020-03-12T04:22:16.181Z,sell,1.5e-06,11806.0,0.017709
POA/BTC,1583986941706,2020-03-12T04:22:21.706Z,buy,1.5e-06,208.0,0.000312
POA/BTC,1583986946589,2020-03-12T04:22:26.589Z,buy,1.5e-06,103.0,0.00015450000000000001
POA/BTC,1583986962471,2020-03-12T04:22:42.471Z,sell,1.49e-06,6541.0,0.009746089999999999
POA/BTC,1583986962471,2020-03-12T04:22:42.471Z,sell,1.49e-06,10381.0,0.01546769
POA/BTC,1583986962471,2020-03-12T04:22:42.471Z,sell,1.49e-06,5017.0,0.00747533
POA/BTC,1583986962471,2020-03-12T04:22:42.471Z,sell,1.49e-06,1058.0,0.0015764199999999998
POA/BTC,1583986962471,2020-03-12T04:22:42.471Z,sell,1.49e-06,1176.0,0.00175224
POA/BTC,1583986962471,2020-03-12T04:22:42.471Z,sell,1.49e-06,1256.0,0.0018714399999999998
POA/BTC,1583986962471,2020-03-12T04:22:42.471Z,sell,1.49e-06,29243.0,0.04357207
POA/BTC,1583986962471,2020-03-12T04:22:42.471Z,sell,1.48e-06,61666.0,0.09126568
POA/BTC,1583986962737,2020-03-12T04:22:42.737Z,sell,1.48e-06,1226.0,0.00181448
POA/BTC,1583987010833,2020-03-12T04:23:30.833Z,buy,1.5e-06,3760.0,0.00564
POA/BTC,1583987010844,2020-03-12T04:23:30.844Z,buy,1.5e-06,12231.0,0.0183465
POA/BTC,1583987027275,2020-03-12T04:23:47.275Z,sell,1.49e-06,251.0,0.00037399
POA/BTC,1583987065322,2020-03-12T04:24:25.322Z,sell,1.49e-06,43165.0,0.06431585
POA/BTC,1583987116584,2020-03-12T04:25:16.584Z,sell,1.49e-06,8321.0,0.01239829
POA/BTC,1583987159263,2020-03-12T04:25:59.263Z,sell,1.49e-06,82.0,0.00012218
POA/BTC,1583987232623,2020-03-12T04:27:12.623Z,sell,1.49e-06,8750.0,0.013037499999999999
POA/BTC,1583987264274,2020-03-12T04:27:44.274Z,buy,1.5e-06,28001.0,0.042001500000000004
POA/BTC,1583987282375,2020-03-12T04:28:02.375Z,buy,1.51e-06,23652.0,0.03571452
POA/BTC,1583987432393,2020-03-12T04:30:32.393Z,sell,1.5e-06,13245.0,0.0198675
POA/BTC,1583988651511,2020-03-12T04:50:51.511Z,sell,1.5e-06,8089.0,0.0121335
POA/BTC,1583988777794,2020-03-12T04:52:57.794Z,sell,1.5e-06,5708.0,0.008562
POA/BTC,1583988777794,2020-03-12T04:52:57.794Z,sell,1.49e-06,19449.0,0.02897901
POA/BTC,1583988962554,2020-03-12T04:56:02.554Z,buy,1.51e-06,562.0,0.00084862
POA/BTC,1583989154241,2020-03-12T04:59:14.241Z,buy,1.51e-06,2826.0,0.00426726
POA/BTC,1583989159679,2020-03-12T04:59:19.679Z,buy,1.52e-06,23533.0,0.03577016
POA/BTC,1583989167194,2020-03-12T04:59:27.194Z,buy,1.53e-06,181.0,0.00027693
POA/BTC,1583989188492,2020-03-12T04:59:48.492Z,sell,1.51e-06,176.0,0.00026576
POA/BTC,1583989193008,2020-03-12T04:59:53.008Z,buy,1.51e-06,525.0,0.0007927499999999999
POA/BTC,1583989232461,2020-03-12T05:00:32.461Z,buy,1.52e-06,1986.0,0.00301872
POA/BTC,1583989234947,2020-03-12T05:00:34.947Z,sell,1.51e-06,1361.0,0.0020551099999999997
POA/BTC,1583989235593,2020-03-12T05:00:35.593Z,buy,1.51e-06,176.0,0.00026576
POA/BTC,1583989277826,2020-03-12T05:01:17.826Z,sell,1.5e-06,974.0,0.001461
POA/BTC,1583989277826,2020-03-12T05:01:17.826Z,sell,1.5e-06,974.0,0.001461
POA/BTC,1583990063488,2020-03-12T05:14:23.488Z,buy,1.51e-06,660.0,0.0009966
POA/BTC,1583990063488,2020-03-12T05:14:23.488Z,buy,1.52e-06,13688.0,0.02080576
POA/BTC,1583990066444,2020-03-12T05:14:26.444Z,sell,1.51e-06,176.0,0.00026576
POA/BTC,1583990117272,2020-03-12T05:15:17.272Z,sell,1.51e-06,895.0,0.00135145
POA/BTC,1583990117390,2020-03-12T05:15:17.390Z,sell,1.51e-06,472.0,0.00071272
POA/BTC,1583991499140,2020-03-12T05:38:19.140Z,sell,1.5e-06,3630.0,0.005445
POA/BTC,1583991519502,2020-03-12T05:38:39.502Z,buy,1.52e-06,65.0,9.88e-05
POA/BTC,1583991662900,2020-03-12T05:41:02.900Z,buy,1.51e-06,67.0,0.00010117
POA/BTC,1583991662900,2020-03-12T05:41:02.900Z,buy,1.52e-06,46379.0,0.07049608
POA/BTC,1583991662910,2020-03-12T05:41:02.910Z,sell,1.52e-06,158.0,0.00024016
POA/BTC,1583991662925,2020-03-12T05:41:02.925Z,sell,1.52e-06,604.0,0.00091808
POA/BTC,1583991662925,2020-03-12T05:41:02.925Z,sell,1.52e-06,604.0,0.00091808
POA/BTC,1583991662926,2020-03-12T05:41:02.926Z,sell,1.52e-06,604.0,0.00091808
POA/BTC,1583991662936,2020-03-12T05:41:02.936Z,sell,1.52e-06,3882.0,0.00590064
POA/BTC,1583991704579,2020-03-12T05:41:44.579Z,sell,1.51e-06,1549.0,0.00233899
POA/BTC,1583991704579,2020-03-12T05:41:44.579Z,sell,1.5e-06,8432.0,0.012648
POA/BTC,1583991704579,2020-03-12T05:41:44.579Z,sell,1.49e-06,24535.0,0.03655715
POA/BTC,1583991722101,2020-03-12T05:42:02.101Z,sell,1.5e-06,5513.0,0.0082695
POA/BTC,1583991884472,2020-03-12T05:44:44.472Z,sell,1.49e-06,13157.0,0.01960393
POA/BTC,1583991977693,2020-03-12T05:46:17.693Z,buy,1.5e-06,322.0,0.00048300000000000003
POA/BTC,1583992103725,2020-03-12T05:48:23.725Z,buy,1.5e-06,67.0,0.0001005
POA/BTC,1583992139230,2020-03-12T05:48:59.230Z,sell,1.49e-06,13245.0,0.01973505
POA/BTC,1583992139230,2020-03-12T05:48:59.230Z,sell,1.49e-06,13245.0,0.01973505
POA/BTC,1583992911777,2020-03-12T06:01:51.777Z,sell,1.49e-06,13261.0,0.019758889999999998
POA/BTC,1583992911777,2020-03-12T06:01:51.777Z,sell,1.48e-06,31970.0,0.0473156
POA/BTC,1583993111364,2020-03-12T06:05:11.364Z,sell,1.48e-06,5988.0,0.00886224
POA/BTC,1583993135922,2020-03-12T06:05:35.922Z,sell,1.49e-06,272.0,0.00040528
POA/BTC,1583993141202,2020-03-12T06:05:41.202Z,buy,1.49e-06,3770.0,0.0056172999999999996
POA/BTC,1583993680457,2020-03-12T06:14:40.457Z,buy,1.5e-06,90895.0,0.1363425
POA/BTC,1583993922218,2020-03-12T06:18:42.218Z,sell,1.49e-06,949.0,0.0014140099999999998
POA/BTC,1583993941262,2020-03-12T06:19:01.262Z,sell,1.49e-06,1041.0,0.00155109
POA/BTC,1583993950545,2020-03-12T06:19:10.545Z,sell,1.48e-06,527.0,0.00077996
POA/BTC,1583993955348,2020-03-12T06:19:15.348Z,buy,1.5e-06,166.0,0.000249
POA/BTC,1583993961835,2020-03-12T06:19:21.835Z,sell,1.49e-06,396.0,0.00059004
POA/BTC,1583993961904,2020-03-12T06:19:21.904Z,sell,1.49e-06,235.0,0.00035015
POA/BTC,1583993961927,2020-03-12T06:19:21.927Z,sell,1.49e-06,396.0,0.00059004
POA/BTC,1583993976748,2020-03-12T06:19:36.748Z,sell,1.49e-06,398.0,0.00059302
POA/BTC,1583993978040,2020-03-12T06:19:38.040Z,sell,1.49e-06,198.0,0.00029502
POA/BTC,1583994755855,2020-03-12T06:32:35.855Z,sell,1.48e-06,166.0,0.00024568
POA/BTC,1583994958415,2020-03-12T06:35:58.415Z,sell,1.48e-06,56937.0,0.08426676
POA/BTC,1583995060203,2020-03-12T06:37:40.203Z,sell,1.48e-06,5184.0,0.00767232
POA/BTC,1583995068779,2020-03-12T06:37:48.779Z,sell,1.48e-06,1846.0,0.00273208
POA/BTC,1583995070989,2020-03-12T06:37:50.989Z,sell,1.47e-06,7069.0,0.01039143
POA/BTC,1583995070989,2020-03-12T06:37:50.989Z,sell,1.46e-06,23173.0,0.03383258
POA/BTC,1583995070989,2020-03-12T06:37:50.989Z,sell,1.45e-06,14036.0,0.0203522
POA/BTC,1583995070989,2020-03-12T06:37:50.989Z,sell,1.45e-06,2600.0,0.0037700000000000003
POA/BTC,1583995070989,2020-03-12T06:37:50.989Z,sell,1.45e-06,17751.0,0.02573895
POA/BTC,1583995070989,2020-03-12T06:37:50.989Z,sell,1.45e-06,4027.0,0.00583915
POA/BTC,1583995070989,2020-03-12T06:37:50.989Z,sell,1.45e-06,1342.0,0.0019459000000000002
POA/BTC,1583995070989,2020-03-12T06:37:50.989Z,sell,1.45e-06,9731.0,0.014109950000000001
POA/BTC,1583995070989,2020-03-12T06:37:50.989Z,sell,1.45e-06,1198.0,0.0017371
POA/BTC,1583995070989,2020-03-12T06:37:50.989Z,sell,1.45e-06,1249.0,0.00181105
POA/BTC,1583995070989,2020-03-12T06:37:50.989Z,sell,1.45e-06,185.0,0.00026825000000000004
POA/BTC,1583995070989,2020-03-12T06:37:50.989Z,sell,1.45e-06,2900.0,0.004205
POA/BTC,1583995070989,2020-03-12T06:37:50.989Z,sell,1.45e-06,11271.0,0.016342950000000002
POA/BTC,1583995070989,2020-03-12T06:37:50.989Z,sell,1.44e-06,22204.0,0.03197376
POA/BTC,1583995070989,2020-03-12T06:37:50.989Z,sell,1.44e-06,1060.0,0.0015264
POA/BTC,1583995070989,2020-03-12T06:37:50.989Z,sell,1.44e-06,1061.0,0.00152784
POA/BTC,1583995070989,2020-03-12T06:37:50.989Z,sell,1.44e-06,1750.0,0.00252
POA/BTC,1583995070989,2020-03-12T06:37:50.989Z,sell,1.44e-06,1142.0,0.00164448
POA/BTC,1583995070989,2020-03-12T06:37:50.989Z,sell,1.44e-06,1003.0,0.00144432
POA/BTC,1583995070989,2020-03-12T06:37:50.989Z,sell,1.44e-06,197.0,0.00028368
POA/BTC,1583995070989,2020-03-12T06:37:50.989Z,sell,1.43e-06,601.0,0.00085943
POA/BTC,1583995070989,2020-03-12T06:37:50.989Z,sell,1.43e-06,600.0,0.000858
POA/BTC,1583995070989,2020-03-12T06:37:50.989Z,sell,1.43e-06,300.0,0.000429
POA/BTC,1583995070989,2020-03-12T06:37:50.989Z,sell,1.43e-06,300.0,0.000429
POA/BTC,1583995070989,2020-03-12T06:37:50.989Z,sell,1.43e-06,1218.0,0.00174174
POA/BTC,1583995070989,2020-03-12T06:37:50.989Z,sell,1.43e-06,79.0,0.00011297000000000001
POA/BTC,1583995070989,2020-03-12T06:37:50.989Z,sell,1.43e-06,79.0,0.00011297000000000001
POA/BTC,1583995070989,2020-03-12T06:37:50.989Z,sell,1.43e-06,80.0,0.0001144
POA/BTC,1583995070989,2020-03-12T06:37:50.989Z,sell,1.43e-06,81.0,0.00011583000000000001
POA/BTC,1583995070989,2020-03-12T06:37:50.989Z,sell,1.43e-06,23652.0,0.03382236
POA/BTC,1583995071245,2020-03-12T06:37:51.245Z,buy,1.45e-06,24000.0,0.034800000000000005
POA/BTC,1583995071268,2020-03-12T06:37:51.268Z,sell,1.44e-06,4207.0,0.0060580799999999995
POA/BTC,1583995071619,2020-03-12T06:37:51.619Z,sell,1.44e-06,7361.0,0.01059984
POA/BTC,1583995071620,2020-03-12T06:37:51.620Z,sell,1.44e-06,6893.0,0.00992592
POA/BTC,1583995071624,2020-03-12T06:37:51.624Z,sell,1.44e-06,5588.0,0.00804672
POA/BTC,1583995071638,2020-03-12T06:37:51.638Z,buy,1.45e-06,2000.0,0.0029000000000000002
POA/BTC,1583995075244,2020-03-12T06:37:55.244Z,sell,1.44e-06,5611.0,0.00807984
POA/BTC,1583995078480,2020-03-12T06:37:58.480Z,sell,1.44e-06,980.0,0.0014112
POA/BTC,1583995083468,2020-03-12T06:38:03.468Z,buy,1.45e-06,2720.0,0.0039440000000000005
POA/BTC,1583995086043,2020-03-12T06:38:06.043Z,buy,1.45e-06,11539.0,0.01673155
POA/BTC,1583995087585,2020-03-12T06:38:07.585Z,sell,1.44e-06,1000.0,0.0014399999999999999
POA/BTC,1583995087674,2020-03-12T06:38:07.674Z,sell,1.44e-06,763.0,0.00109872
POA/BTC,1583995088179,2020-03-12T06:38:08.179Z,sell,1.44e-06,45115.0,0.0649656
POA/BTC,1583995088214,2020-03-12T06:38:08.214Z,sell,1.43e-06,4305.0,0.00615615
POA/BTC,1583995088216,2020-03-12T06:38:08.216Z,sell,1.43e-06,9913.0,0.01417559
POA/BTC,1583995088218,2020-03-12T06:38:08.218Z,sell,1.43e-06,4422.0,0.00632346
POA/BTC,1583995088220,2020-03-12T06:38:08.220Z,buy,1.44e-06,3458.0,0.00497952
POA/BTC,1583995089672,2020-03-12T06:38:09.672Z,buy,1.44e-06,15852.0,0.02282688
POA/BTC,1583995089963,2020-03-12T06:38:09.963Z,sell,1.43e-06,9731.0,0.01391533
POA/BTC,1583995091913,2020-03-12T06:38:11.913Z,buy,1.44e-06,24.0,3.456e-05
POA/BTC,1583995092199,2020-03-12T06:38:12.199Z,buy,1.44e-06,8.0,1.152e-05
POA/BTC,1583995092199,2020-03-12T06:38:12.199Z,buy,1.46e-06,11.0,1.606e-05
POA/BTC,1583995116094,2020-03-12T06:38:36.094Z,sell,1.44e-06,2071.0,0.00298224
POA/BTC,1583995139456,2020-03-12T06:38:59.456Z,buy,1.45e-06,6858.0,0.0099441
POA/BTC,1583995146897,2020-03-12T06:39:06.897Z,sell,1.44e-06,251.0,0.00036144
POA/BTC,1583995185544,2020-03-12T06:39:45.544Z,buy,1.45e-06,22.0,3.19e-05
POA/BTC,1583995190713,2020-03-12T06:39:50.713Z,sell,1.44e-06,6603.0,0.00950832
POA/BTC,1583995191439,2020-03-12T06:39:51.439Z,buy,1.45e-06,2533.0,0.00367285
POA/BTC,1583995202685,2020-03-12T06:40:02.685Z,buy,1.46e-06,6814.0,0.00994844
POA/BTC,1583995206716,2020-03-12T06:40:06.716Z,buy,1.46e-06,25563.0,0.03732198
POA/BTC,1583995217125,2020-03-12T06:40:17.125Z,sell,1.45e-06,206.0,0.0002987
POA/BTC,1583995217125,2020-03-12T06:40:17.125Z,sell,1.44e-06,365.0,0.0005256
POA/BTC,1583995284254,2020-03-12T06:41:24.254Z,sell,1.44e-06,92.0,0.00013248
POA/BTC,1583995297305,2020-03-12T06:41:37.305Z,sell,1.44e-06,206.0,0.00029664
POA/BTC,1583995309404,2020-03-12T06:41:49.404Z,sell,1.44e-06,739.0,0.00106416
POA/BTC,1583995348222,2020-03-12T06:42:28.222Z,buy,1.46e-06,122.0,0.00017812
POA/BTC,1583995519792,2020-03-12T06:45:19.792Z,sell,1.45e-06,1641.0,0.00237945
POA/BTC,1583995534658,2020-03-12T06:45:34.658Z,buy,1.46e-06,90.0,0.0001314
POA/BTC,1583995571723,2020-03-12T06:46:11.723Z,buy,1.46e-06,12263.0,0.01790398
POA/BTC,1583995576429,2020-03-12T06:46:16.429Z,sell,1.45e-06,206.0,0.0002987
POA/BTC,1583995670273,2020-03-12T06:47:50.273Z,sell,1.45e-06,15836.0,0.022962200000000002
POA/BTC,1583995670398,2020-03-12T06:47:50.398Z,sell,1.45e-06,149.0,0.00021605000000000002
POA/BTC,1583995670398,2020-03-12T06:47:50.398Z,sell,1.45e-06,149.0,0.00021605000000000002
POA/BTC,1583995797022,2020-03-12T06:49:57.022Z,buy,1.46e-06,90.0,0.0001314
POA/BTC,1583996209998,2020-03-12T06:56:49.998Z,sell,1.45e-06,4995.0,0.00724275
POA/BTC,1583996241466,2020-03-12T06:57:21.466Z,sell,1.45e-06,108.0,0.0001566
POA/BTC,1583996698140,2020-03-12T07:04:58.140Z,buy,1.46e-06,90.0,0.0001314
POA/BTC,1583996724021,2020-03-12T07:05:24.021Z,buy,1.46e-06,7216.0,0.01053536
POA/BTC,1583996812723,2020-03-12T07:06:52.723Z,sell,1.45e-06,6615.0,0.009591750000000001
POA/BTC,1583996816072,2020-03-12T07:06:56.072Z,buy,1.46e-06,1750.0,0.002555
POA/BTC,1583996873175,2020-03-12T07:07:53.175Z,sell,1.45e-06,3515.0,0.005096750000000001
POA/BTC,1583996873448,2020-03-12T07:07:53.448Z,sell,1.45e-06,7000.0,0.010150000000000001
POA/BTC,1583996873705,2020-03-12T07:07:53.705Z,sell,1.45e-06,24000.0,0.034800000000000005
POA/BTC,1583996873707,2020-03-12T07:07:53.707Z,sell,1.45e-06,24749.0,0.03588605
POA/BTC,1583996882956,2020-03-12T07:08:02.956Z,sell,1.45e-06,10835.0,0.015710750000000002
POA/BTC,1583996889879,2020-03-12T07:08:09.879Z,sell,1.45e-06,3569.0,0.0051750500000000005
POA/BTC,1583997125232,2020-03-12T07:12:05.232Z,sell,1.45e-06,5243.0,0.007602350000000001
POA/BTC,1583997139950,2020-03-12T07:12:19.950Z,sell,1.45e-06,1567.0,0.00227215
POA/BTC,1583997143952,2020-03-12T07:12:23.952Z,sell,1.45e-06,1580.0,0.002291
POA/BTC,1583997256511,2020-03-12T07:14:16.511Z,sell,1.45e-06,4446.0,0.0064467000000000005
POA/BTC,1583997260243,2020-03-12T07:14:20.243Z,sell,1.45e-06,3017.0,0.00437465
POA/BTC,1583997274332,2020-03-12T07:14:34.332Z,sell,1.45e-06,1878.0,0.0027231
POA/BTC,1583997277882,2020-03-12T07:14:37.882Z,sell,1.45e-06,189551.0,0.27484895000000004
POA/BTC,1583997277895,2020-03-12T07:14:37.895Z,sell,1.45e-06,34374.0,0.049842300000000006
POA/BTC,1583997305116,2020-03-12T07:15:05.116Z,sell,1.44e-06,1432.0,0.00206208
POA/BTC,1583997392880,2020-03-12T07:16:32.880Z,sell,1.44e-06,12263.0,0.01765872
POA/BTC,1583997393150,2020-03-12T07:16:33.150Z,sell,1.44e-06,5719.0,0.00823536
POA/BTC,1583997428156,2020-03-12T07:17:08.156Z,buy,1.44e-06,70.0,0.0001008
POA/BTC,1583997491025,2020-03-12T07:18:11.025Z,buy,1.44e-06,11474.0,0.01652256
POA/BTC,1583997554039,2020-03-12T07:19:14.039Z,buy,1.45e-06,13425.0,0.01946625
POA/BTC,1583998091804,2020-03-12T07:28:11.804Z,sell,1.43e-06,50205.0,0.07179315
POA/BTC,1583998274204,2020-03-12T07:31:14.204Z,buy,1.45e-06,562.0,0.0008149
POA/BTC,1583998280118,2020-03-12T07:31:20.118Z,sell,1.43e-06,19478.0,0.027853540000000003
POA/BTC,1583998396572,2020-03-12T07:33:16.572Z,buy,1.44e-06,140.0,0.0002016
POA/BTC,1583998400077,2020-03-12T07:33:20.077Z,sell,1.44e-06,70.0,0.0001008
POA/BTC,1583998426982,2020-03-12T07:33:46.982Z,buy,1.45e-06,2083.0,0.00302035
POA/BTC,1583998430822,2020-03-12T07:33:50.822Z,sell,1.44e-06,70.0,0.0001008
POA/BTC,1583998705727,2020-03-12T07:38:25.727Z,sell,1.44e-06,659.0,0.00094896
POA/BTC,1583999244928,2020-03-12T07:47:24.928Z,sell,1.44e-06,17234.0,0.02481696
POA/BTC,1583999244928,2020-03-12T07:47:24.928Z,sell,1.44e-06,17234.0,0.02481696
POA/BTC,1583999623320,2020-03-12T07:53:43.320Z,buy,1.45e-06,1831.0,0.00265495
POA/BTC,1583999978345,2020-03-12T07:59:38.345Z,buy,1.45e-06,898.0,0.0013021
POA/BTC,1583999984426,2020-03-12T07:59:44.426Z,sell,1.45e-06,2293.0,0.0033248500000000003
POA/BTC,1584000029757,2020-03-12T08:00:29.757Z,sell,1.45e-06,1597.0,0.0023156500000000003
POA/BTC,1584000029901,2020-03-12T08:00:29.901Z,sell,1.45e-06,1597.0,0.0023156500000000003
POA/BTC,1584000029941,2020-03-12T08:00:29.941Z,sell,1.45e-06,1597.0,0.0023156500000000003
POA/BTC,1584000043279,2020-03-12T08:00:43.279Z,sell,1.45e-06,2396.0,0.0034742
POA/BTC,1584000134178,2020-03-12T08:02:14.178Z,sell,1.45e-06,1219.0,0.0017675500000000001
POA/BTC,1584000139151,2020-03-12T08:02:19.151Z,sell,1.45e-06,532.0,0.0007714000000000001
POA/BTC,1584000453009,2020-03-12T08:07:33.009Z,sell,1.45e-06,38500.0,0.05582500000000001
POA/BTC,1584000453009,2020-03-12T08:07:33.009Z,sell,1.44e-06,13670.0,0.0196848
POA/BTC,1584000453009,2020-03-12T08:07:33.009Z,sell,1.43e-06,75123.0,0.10742589000000001
POA/BTC,1584000458146,2020-03-12T08:07:38.146Z,sell,1.43e-06,10000.0,0.0143
POA/BTC,1584000579279,2020-03-12T08:09:39.279Z,buy,1.45e-06,793.0,0.00114985
POA/BTC,1584000580049,2020-03-12T08:09:40.049Z,sell,1.45e-06,34100.0,0.049445
POA/BTC,1584000580319,2020-03-12T08:09:40.319Z,sell,1.45e-06,10575.0,0.01533375
POA/BTC,1584000583283,2020-03-12T08:09:43.283Z,sell,1.45e-06,23497.0,0.03407065
POA/BTC,1584000988507,2020-03-12T08:16:28.507Z,buy,1.45e-06,80.0,0.000116
POA/BTC,1584001038545,2020-03-12T08:17:18.545Z,sell,1.44e-06,2780.0,0.0040032
POA/BTC,1584001038554,2020-03-12T08:17:18.554Z,sell,1.44e-06,2509.0,0.00361296
POA/BTC,1584001039178,2020-03-12T08:17:19.178Z,sell,1.44e-06,2780.0,0.0040032
POA/BTC,1584001040366,2020-03-12T08:17:20.366Z,sell,1.44e-06,3658.0,0.0052675199999999995
POA/BTC,1584001041506,2020-03-12T08:17:21.506Z,sell,1.44e-06,1971.0,0.00283824
POA/BTC,1584001084810,2020-03-12T08:18:04.810Z,sell,1.43e-06,65609.0,0.09382087
POA/BTC,1584001084810,2020-03-12T08:18:04.810Z,sell,1.42e-06,3356.0,0.00476552
POA/BTC,1584001084810,2020-03-12T08:18:04.810Z,sell,1.42e-06,158.0,0.00022436
POA/BTC,1584001084810,2020-03-12T08:18:04.810Z,sell,1.42e-06,159.0,0.00022578
POA/BTC,1584001085367,2020-03-12T08:18:05.367Z,sell,1.42e-06,5485.0,0.0077887
POA/BTC,1584001085367,2020-03-12T08:18:05.367Z,sell,1.41e-06,62183.0,0.08767803
POA/BTC,1584001085367,2020-03-12T08:18:05.367Z,sell,1.41e-06,1592.0,0.00224472
POA/BTC,1584001085367,2020-03-12T08:18:05.367Z,sell,1.41e-06,5483.0,0.007731030000000001
POA/BTC,1584001085367,2020-03-12T08:18:05.367Z,sell,1.41e-06,4462.0,0.00629142
POA/BTC,1584001085374,2020-03-12T08:18:05.374Z,sell,1.41e-06,6715.0,0.00946815
POA/BTC,1584001085833,2020-03-12T08:18:05.833Z,sell,1.41e-06,10805.0,0.01523505
POA/BTC,1584001085836,2020-03-12T08:18:05.836Z,sell,1.41e-06,2625.0,0.00370125
POA/BTC,1584001085838,2020-03-12T08:18:05.838Z,sell,1.41e-06,6127.0,0.00863907
POA/BTC,1584001085838,2020-03-12T08:18:05.838Z,sell,1.41e-06,2538.0,0.00357858
POA/BTC,1584001085839,2020-03-12T08:18:05.839Z,sell,1.41e-06,3067.0,0.00432447
POA/BTC,1584001085839,2020-03-12T08:18:05.839Z,sell,1.41e-06,4902.0,0.00691182
POA/BTC,1584001085840,2020-03-12T08:18:05.840Z,sell,1.41e-06,4021.0,0.00566961
POA/BTC,1584001085840,2020-03-12T08:18:05.840Z,sell,1.41e-06,16711.0,0.023562510000000002
POA/BTC,1584001085841,2020-03-12T08:18:05.841Z,sell,1.41e-06,6748.0,0.009514680000000001
POA/BTC,1584001085841,2020-03-12T08:18:05.841Z,sell,1.41e-06,2702.0,0.0038098200000000002
POA/BTC,1584001085842,2020-03-12T08:18:05.842Z,sell,1.41e-06,2453.0,0.00345873
POA/BTC,1584001085842,2020-03-12T08:18:05.842Z,sell,1.41e-06,3815.0,0.00537915
POA/BTC,1584001085845,2020-03-12T08:18:05.845Z,sell,1.41e-06,3148.0,0.00443868
POA/BTC,1584001085849,2020-03-12T08:18:05.849Z,sell,1.41e-06,2707.0,0.00381687
POA/BTC,1584001085851,2020-03-12T08:18:05.851Z,sell,1.41e-06,3676.0,0.00518316
POA/BTC,1584001085852,2020-03-12T08:18:05.852Z,sell,1.41e-06,896.0,0.00126336
POA/BTC,1584001085852,2020-03-12T08:18:05.852Z,sell,1.41e-06,11956.0,0.01685796
POA/BTC,1584001085853,2020-03-12T08:18:05.853Z,sell,1.41e-06,2457.0,0.00346437
POA/BTC,1584001085854,2020-03-12T08:18:05.854Z,sell,1.41e-06,6229.0,0.00878289
POA/BTC,1584001085854,2020-03-12T08:18:05.854Z,sell,1.41e-06,4685.0,0.00660585
POA/BTC,1584001085855,2020-03-12T08:18:05.855Z,sell,1.41e-06,2712.0,0.00382392
POA/BTC,1584001085856,2020-03-12T08:18:05.856Z,sell,1.41e-06,4665.0,0.00657765
POA/BTC,1584001085856,2020-03-12T08:18:05.856Z,sell,1.41e-06,2626.0,0.00370266
POA/BTC,1584001085859,2020-03-12T08:18:05.859Z,sell,1.41e-06,15934.0,0.02246694
POA/BTC,1584001085866,2020-03-12T08:18:05.866Z,sell,1.41e-06,6813.0,0.00960633
POA/BTC,1584001086950,2020-03-12T08:18:06.950Z,sell,1.41e-06,53569.0,0.07553229
POA/BTC,1584001088424,2020-03-12T08:18:08.424Z,buy,1.41e-06,12161.0,0.01714701
POA/BTC,1584001090374,2020-03-12T08:18:10.374Z,sell,1.4e-06,322.0,0.00045079999999999995
POA/BTC,1584001090374,2020-03-12T08:18:10.374Z,buy,1.41e-06,3546.0,0.00499986
POA/BTC,1584001090374,2020-03-12T08:18:10.374Z,sell,1.4e-06,91.0,0.0001274
POA/BTC,1584001090374,2020-03-12T08:18:10.374Z,sell,1.4e-06,1000.0,0.0014
POA/BTC,1584001090374,2020-03-12T08:18:10.374Z,sell,1.4e-06,455.0,0.000637
POA/BTC,1584001090374,2020-03-12T08:18:10.374Z,sell,1.4e-06,455.0,0.000637
POA/BTC,1584001090374,2020-03-12T08:18:10.374Z,sell,1.4e-06,15513.0,0.0217182
POA/BTC,1584001100839,2020-03-12T08:18:20.839Z,sell,1.4e-06,3405.0,0.0047669999999999995
POA/BTC,1584001186767,2020-03-12T08:19:46.767Z,sell,1.41e-06,251.0,0.00035391000000000003
POA/BTC,1584001242587,2020-03-12T08:20:42.587Z,buy,1.42e-06,134.0,0.00019028
POA/BTC,1584001663304,2020-03-12T08:27:43.304Z,sell,1.41e-06,1000.0,0.00141
POA/BTC,1584001825485,2020-03-12T08:30:25.485Z,buy,1.42e-06,2816.0,0.00399872
POA/BTC,1584001925084,2020-03-12T08:32:05.084Z,buy,1.42e-06,1185.0,0.0016826999999999999
POA/BTC,1584001929083,2020-03-12T08:32:09.083Z,buy,1.42e-06,665.0,0.0009443
POA/BTC,1584001971753,2020-03-12T08:32:51.753Z,sell,1.41e-06,72103.0,0.10166523000000001
POA/BTC,1584001988821,2020-03-12T08:33:08.821Z,buy,1.42e-06,5031.0,0.00714402
POA/BTC,1584001990228,2020-03-12T08:33:10.228Z,sell,1.42e-06,32509.0,0.04616278
POA/BTC,1584002087160,2020-03-12T08:34:47.160Z,sell,1.42e-06,2072.0,0.00294224
POA/BTC,1584002099297,2020-03-12T08:34:59.297Z,buy,1.43e-06,200.0,0.000286
POA/BTC,1584002425546,2020-03-12T08:40:25.546Z,sell,1.43e-06,1497.0,0.00214071
POA/BTC,1584002426173,2020-03-12T08:40:26.173Z,sell,1.43e-06,2816.0,0.00402688
POA/BTC,1584002733447,2020-03-12T08:45:33.447Z,buy,1.44e-06,7930.0,0.0114192
POA/BTC,1584002733460,2020-03-12T08:45:33.460Z,sell,1.44e-06,534.0,0.00076896
POA/BTC,1584002798988,2020-03-12T08:46:38.988Z,buy,1.45e-06,134059.0,0.19438555000000002
POA/BTC,1584002798988,2020-03-12T08:46:38.988Z,buy,1.46e-06,134381.0,0.19619626
POA/BTC,1584002798988,2020-03-12T08:46:38.988Z,buy,1.47e-06,131198.0,0.19286106
POA/BTC,1584002827863,2020-03-12T08:47:07.863Z,sell,1.47e-06,321.0,0.00047187
POA/BTC,1584002828148,2020-03-12T08:47:08.148Z,sell,1.47e-06,70.0,0.0001029
POA/BTC,1584002836451,2020-03-12T08:47:16.451Z,sell,1.47e-06,320.0,0.00047039999999999994
POA/BTC,1584002837783,2020-03-12T08:47:17.783Z,sell,1.47e-06,544.0,0.00079968
POA/BTC,1584002837783,2020-03-12T08:47:17.783Z,sell,1.47e-06,544.0,0.00079968
POA/BTC,1584002859725,2020-03-12T08:47:39.725Z,sell,1.47e-06,1466.0,0.0021550199999999997
POA/BTC,1584002895117,2020-03-12T08:48:15.117Z,sell,1.46e-06,200.0,0.000292
POA/BTC,1584002895117,2020-03-12T08:48:15.117Z,sell,1.45e-06,5933.0,0.00860285
POA/BTC,1584002895117,2020-03-12T08:48:15.117Z,sell,1.44e-06,57064.0,0.08217216
POA/BTC,1584002919969,2020-03-12T08:48:39.969Z,buy,1.46e-06,200.0,0.000292
POA/BTC,1584002957878,2020-03-12T08:49:17.878Z,buy,1.47e-06,2054.0,0.00301938
POA/BTC,1584003711208,2020-03-12T09:01:51.208Z,sell,1.46e-06,2849.0,0.00415954
POA/BTC,1584003721802,2020-03-12T09:02:01.802Z,sell,1.46e-06,32587.0,0.04757702
POA/BTC,1584004172966,2020-03-12T09:09:32.966Z,sell,1.45e-06,7121.0,0.01032545
POA/BTC,1584004176213,2020-03-12T09:09:36.213Z,buy,1.45e-06,1500.0,0.0021750000000000003
POA/BTC,1584004178819,2020-03-12T09:09:38.819Z,buy,1.45e-06,1379.0,0.00199955
POA/BTC,1584004178819,2020-03-12T09:09:38.819Z,buy,1.46e-06,121.0,0.00017666
POA/BTC,1584004182017,2020-03-12T09:09:42.017Z,buy,1.46e-06,1500.0,0.00219
POA/BTC,1584004250590,2020-03-12T09:10:50.590Z,sell,1.45e-06,4280.0,0.006206000000000001
POA/BTC,1584004653780,2020-03-12T09:17:33.780Z,sell,1.45e-06,220.0,0.000319
POA/BTC,1584004653780,2020-03-12T09:17:33.780Z,sell,1.44e-06,81582.0,0.11747808
POA/BTC,1584004717835,2020-03-12T09:18:37.835Z,sell,1.44e-06,232877.0,0.33534288
POA/BTC,1584004875026,2020-03-12T09:21:15.026Z,buy,1.46e-06,6217.0,0.00907682
POA/BTC,1584005322568,2020-03-12T09:28:42.568Z,sell,1.44e-06,3196.0,0.00460224
POA/BTC,1584005362827,2020-03-12T09:29:22.827Z,buy,1.45e-06,20.0,2.9e-05
POA/BTC,1584005387178,2020-03-12T09:29:47.178Z,buy,1.45e-06,69.0,0.00010005
POA/BTC,1584005557546,2020-03-12T09:32:37.546Z,sell,1.44e-06,4312.0,0.00620928
POA/BTC,1584005562109,2020-03-12T09:32:42.109Z,buy,1.45e-06,4330.0,0.0062785
POA/BTC,1584005583884,2020-03-12T09:33:03.884Z,buy,1.46e-06,14961.0,0.02184306
POA/BTC,1584005588545,2020-03-12T09:33:08.545Z,sell,1.46e-06,2254.0,0.00329084
POA/BTC,1584006021696,2020-03-12T09:40:21.696Z,sell,1.45e-06,7452.0,0.010805400000000001
POA/BTC,1584006025895,2020-03-12T09:40:25.895Z,sell,1.45e-06,4375.0,0.00634375
POA/BTC,1584006139075,2020-03-12T09:42:19.075Z,sell,1.45e-06,69.0,0.00010005
POA/BTC,1584006139075,2020-03-12T09:42:19.075Z,sell,1.45e-06,69.0,0.00010005
POA/BTC,1584006530913,2020-03-12T09:48:50.913Z,sell,1.44e-06,2000.0,0.0028799999999999997
POA/BTC,1584007004031,2020-03-12T09:56:44.031Z,sell,1.44e-06,77388.0,0.11143872
POA/BTC,1584007248946,2020-03-12T10:00:48.946Z,buy,1.44e-06,450.0,0.000648
POA/BTC,1584007430770,2020-03-12T10:03:50.770Z,sell,1.43e-06,9067.0,0.012965810000000001
POA/BTC,1584007430770,2020-03-12T10:03:50.770Z,sell,1.42e-06,22282.0,0.03164044
POA/BTC,1584007430770,2020-03-12T10:03:50.770Z,sell,1.41e-06,15377.0,0.02168157
POA/BTC,1584007433067,2020-03-12T10:03:53.067Z,sell,1.41e-06,89337.0,0.12596517000000002
POA/BTC,1584007433067,2020-03-12T10:03:53.067Z,sell,1.4e-06,20905.0,0.029266999999999998
POA/BTC,1584007483572,2020-03-12T10:04:43.572Z,sell,1.41e-06,379.0,0.00053439
POA/BTC,1584007483670,2020-03-12T10:04:43.670Z,buy,1.41e-06,1121.0,0.00158061
POA/BTC,1584007489614,2020-03-12T10:04:49.614Z,buy,1.41e-06,203.0,0.00028623
POA/BTC,1584007495674,2020-03-12T10:04:55.674Z,buy,1.41e-06,3483.0,0.00491103
POA/BTC,1584007513057,2020-03-12T10:05:13.057Z,sell,1.4e-06,4076.0,0.0057063999999999995
POA/BTC,1584007630296,2020-03-12T10:07:10.296Z,buy,1.42e-06,2665.0,0.0037843
POA/BTC,1584007641036,2020-03-12T10:07:21.036Z,sell,1.4e-06,9506.0,0.0133084
POA/BTC,1584007676032,2020-03-12T10:07:56.032Z,sell,1.41e-06,71.0,0.00010011
POA/BTC,1584007990716,2020-03-12T10:13:10.716Z,buy,1.42e-06,4703.0,0.00667826
POA/BTC,1584008228227,2020-03-12T10:17:08.227Z,sell,1.42e-06,71.0,0.00010082
POA/BTC,1584008238944,2020-03-12T10:17:18.944Z,sell,1.42e-06,226.0,0.00032092
POA/BTC,1584008254852,2020-03-12T10:17:34.852Z,buy,1.42e-06,25.0,3.5499999999999996e-05
POA/BTC,1584008298153,2020-03-12T10:18:18.153Z,buy,1.43e-06,2112.0,0.00302016
POA/BTC,1584008377401,2020-03-12T10:19:37.401Z,sell,1.42e-06,1903.0,0.0027022599999999997
POA/BTC,1584008387745,2020-03-12T10:19:47.745Z,sell,1.41e-06,7969.0,0.011236290000000001
POA/BTC,1584008976445,2020-03-12T10:29:36.445Z,buy,1.42e-06,469.0,0.0006659799999999999
POA/BTC,1584008979609,2020-03-12T10:29:39.609Z,sell,1.41e-06,785.0,0.00110685
POA/BTC,1584009203065,2020-03-12T10:33:23.065Z,sell,1.41e-06,29438.0,0.04150758
POA/BTC,1584009220739,2020-03-12T10:33:40.739Z,sell,1.41e-06,4941.0,0.00696681
POA/BTC,1584009223060,2020-03-12T10:33:43.060Z,buy,1.41e-06,163.0,0.00022983000000000001
POA/BTC,1584009335815,2020-03-12T10:35:35.815Z,buy,1.41e-06,20000.0,0.0282
POA/BTC,1584009371376,2020-03-12T10:36:11.376Z,buy,1.41e-06,128.0,0.00018048
POA/BTC,1584009382537,2020-03-12T10:36:22.537Z,sell,1.4e-06,500.0,0.0007
POA/BTC,1584009388501,2020-03-12T10:36:28.501Z,buy,1.41e-06,4205.0,0.00592905
POA/BTC,1584009420810,2020-03-12T10:37:00.810Z,sell,1.4e-06,16912.0,0.023676799999999998
POA/BTC,1584009425466,2020-03-12T10:37:05.466Z,buy,1.42e-06,176.0,0.00024992
POA/BTC,1584009518016,2020-03-12T10:38:38.016Z,sell,1.4e-06,11336.0,0.0158704
POA/BTC,1584009519300,2020-03-12T10:38:39.300Z,sell,1.4e-06,7853.0,0.010994199999999999
POA/BTC,1584009521326,2020-03-12T10:38:41.326Z,sell,1.4e-06,1157.0,0.0016198
POA/BTC,1584009529018,2020-03-12T10:38:49.018Z,sell,1.39e-06,8280.0,0.0115092
POA/BTC,1584009529018,2020-03-12T10:38:49.018Z,sell,1.39e-06,3973.0,0.00552247
POA/BTC,1584009529018,2020-03-12T10:38:49.018Z,sell,1.39e-06,12349.0,0.01716511
POA/BTC,1584009529018,2020-03-12T10:38:49.018Z,sell,1.39e-06,3500.0,0.004865
POA/BTC,1584009529018,2020-03-12T10:38:49.018Z,sell,1.39e-06,1157.0,0.00160823
POA/BTC,1584009529018,2020-03-12T10:38:49.018Z,sell,1.38e-06,19735.0,0.0272343
POA/BTC,1584009529274,2020-03-12T10:38:49.274Z,buy,1.38e-06,4671.0,0.00644598
POA/BTC,1584009540639,2020-03-12T10:39:00.639Z,sell,1.38e-06,1673.0,0.0023087399999999997
POA/BTC,1584009544618,2020-03-12T10:39:04.618Z,sell,1.39e-06,72.0,0.00010008
POA/BTC,1584009544618,2020-03-12T10:39:04.618Z,sell,1.38e-06,121.0,0.00016697999999999998
POA/BTC,1584009573070,2020-03-12T10:39:33.070Z,sell,1.38e-06,4710.0,0.0064998
POA/BTC,1584009597520,2020-03-12T10:39:57.520Z,buy,1.39e-06,200.0,0.000278
POA/BTC,1584009597520,2020-03-12T10:39:57.520Z,buy,1.39e-06,200.0,0.000278
POA/BTC,1584009741409,2020-03-12T10:42:21.409Z,sell,1.38e-06,8308.0,0.01146504
POA/BTC,1584009742797,2020-03-12T10:42:22.797Z,sell,1.38e-06,417.0,0.00057546
POA/BTC,1584009753083,2020-03-12T10:42:33.083Z,sell,1.37e-06,3609.0,0.00494433
POA/BTC,1584009771623,2020-03-12T10:42:51.623Z,sell,1.38e-06,6588.0,0.00909144
POA/BTC,1584009772745,2020-03-12T10:42:52.745Z,sell,1.38e-06,4569.0,0.006305219999999999
POA/BTC,1584009780883,2020-03-12T10:43:00.883Z,sell,1.38e-06,2989.0,0.0041248199999999995
POA/BTC,1584009783103,2020-03-12T10:43:03.103Z,sell,1.38e-06,2054.0,0.0028345199999999997
POA/BTC,1584009788080,2020-03-12T10:43:08.080Z,sell,1.38e-06,1380.0,0.0019043999999999999
POA/BTC,1584009792283,2020-03-12T10:43:12.283Z,sell,1.38e-06,932.0,0.00128616
POA/BTC,1584009856566,2020-03-12T10:44:16.566Z,buy,1.39e-06,200.0,0.000278
POA/BTC,1584009856566,2020-03-12T10:44:16.566Z,buy,1.4e-06,10514.0,0.0147196
POA/BTC,1584009857554,2020-03-12T10:44:17.554Z,sell,1.38e-06,223.0,0.00030774
POA/BTC,1584009869680,2020-03-12T10:44:29.680Z,buy,1.38e-06,160.0,0.0002208
POA/BTC,1584009895013,2020-03-12T10:44:55.013Z,sell,1.37e-06,5764.0,0.00789668
POA/BTC,1584009896151,2020-03-12T10:44:56.151Z,sell,1.37e-06,3997.0,0.00547589
POA/BTC,1584009898599,2020-03-12T10:44:58.599Z,sell,1.37e-06,2742.0,0.00375654
POA/BTC,1584009899716,2020-03-12T10:44:59.716Z,sell,1.37e-06,1902.0,0.00260574
POA/BTC,1584009900728,2020-03-12T10:45:00.728Z,sell,1.37e-06,1320.0,0.0018084
POA/BTC,1584009902635,2020-03-12T10:45:02.635Z,sell,1.37e-06,910.0,0.0012467000000000001
POA/BTC,1584009916796,2020-03-12T10:45:16.796Z,buy,1.38e-06,1500.0,0.00207
POA/BTC,1584009916825,2020-03-12T10:45:16.825Z,sell,1.37e-06,1616.0,0.00221392
POA/BTC,1584009918628,2020-03-12T10:45:18.628Z,sell,1.37e-06,1114.0,0.00152618
POA/BTC,1584009921187,2020-03-12T10:45:21.187Z,sell,1.37e-06,764.0,0.00104668
POA/BTC,1584009938495,2020-03-12T10:45:38.495Z,buy,1.38e-06,200.0,0.000276
POA/BTC,1584010008515,2020-03-12T10:46:48.515Z,sell,1.37e-06,251.0,0.00034387
POA/BTC,1584010019032,2020-03-12T10:46:59.032Z,sell,1.37e-06,24242.0,0.03321154
POA/BTC,1584010019041,2020-03-12T10:46:59.041Z,sell,1.37e-06,17438.0,0.02389006
POA/BTC,1584010037454,2020-03-12T10:47:17.454Z,sell,1.37e-06,10472.0,0.01434664
POA/BTC,1584010051032,2020-03-12T10:47:31.032Z,sell,1.37e-06,1781.0,0.00243997
POA/BTC,1584010051032,2020-03-12T10:47:31.032Z,sell,1.36e-06,4766.0,0.00648176
POA/BTC,1584010051032,2020-03-12T10:47:31.032Z,sell,1.36e-06,6217.0,0.00845512
POA/BTC,1584010059552,2020-03-12T10:47:39.552Z,sell,1.36e-06,8324.0,0.01132064
POA/BTC,1584010067704,2020-03-12T10:47:47.704Z,sell,1.36e-06,5445.0,0.0074052
POA/BTC,1584010069043,2020-03-12T10:47:49.043Z,sell,1.36e-06,3770.0,0.005127199999999999
POA/BTC,1584010071312,2020-03-12T10:47:51.312Z,sell,1.36e-06,2590.0,0.0035223999999999997
POA/BTC,1584010073510,2020-03-12T10:47:53.510Z,sell,1.36e-06,1780.0,0.0024208
POA/BTC,1584010076445,2020-03-12T10:47:56.445Z,sell,1.36e-06,10938.0,0.014875679999999999
POA/BTC,1584010076463,2020-03-12T10:47:56.463Z,sell,1.36e-06,8873.0,0.01206728
POA/BTC,1584010078270,2020-03-12T10:47:58.270Z,sell,1.36e-06,6119.0,0.008321839999999999
POA/BTC,1584010081768,2020-03-12T10:48:01.768Z,sell,1.36e-06,4160.0,0.0056576
POA/BTC,1584010083588,2020-03-12T10:48:03.588Z,sell,1.36e-06,2869.0,0.0039018399999999997
POA/BTC,1584010086099,2020-03-12T10:48:06.099Z,sell,1.36e-06,1966.0,0.00267376
POA/BTC,1584010088495,2020-03-12T10:48:08.495Z,sell,1.36e-06,1350.0,0.001836
POA/BTC,1584010089508,2020-03-12T10:48:09.508Z,sell,1.36e-06,937.0,0.00127432
POA/BTC,1584010259765,2020-03-12T10:50:59.765Z,sell,1.36e-06,1053.0,0.0014320799999999999
POA/BTC,1584010259774,2020-03-12T10:50:59.774Z,sell,1.36e-06,895.0,0.0012171999999999999
POA/BTC,1584010324447,2020-03-12T10:52:04.447Z,sell,1.36e-06,28927.0,0.039340719999999996
POA/BTC,1584010324704,2020-03-12T10:52:04.704Z,sell,1.36e-06,8609.0,0.01170824
POA/BTC,1584010381779,2020-03-12T10:53:01.779Z,sell,1.36e-06,74.0,0.00010064
POA/BTC,1584010381779,2020-03-12T10:53:01.779Z,sell,1.35e-06,20.0,2.7e-05
POA/BTC,1584010381779,2020-03-12T10:53:01.779Z,buy,1.37e-06,600.0,0.000822
POA/BTC,1584010396830,2020-03-12T10:53:16.830Z,sell,1.37e-06,332.0,0.00045484000000000003
POA/BTC,1584010427038,2020-03-12T10:53:47.038Z,sell,1.35e-06,1805.0,0.00243675
POA/BTC,1584010488743,2020-03-12T10:54:48.743Z,sell,1.35e-06,192.0,0.0002592
POA/BTC,1584010566633,2020-03-12T10:56:06.633Z,buy,1.37e-06,4168.0,0.00571016
POA/BTC,1584010567925,2020-03-12T10:56:07.925Z,buy,1.37e-06,2887.0,0.00395519
POA/BTC,1584010570427,2020-03-12T10:56:10.427Z,buy,1.37e-06,1979.0,0.0027112300000000002
POA/BTC,1584010572327,2020-03-12T10:56:12.327Z,buy,1.37e-06,1364.0,0.00186868
POA/BTC,1584010576634,2020-03-12T10:56:16.634Z,buy,1.37e-06,921.0,0.00126177
POA/BTC,1584010578877,2020-03-12T10:56:18.877Z,buy,1.37e-06,2171.0,0.00297427
POA/BTC,1584010588079,2020-03-12T10:56:28.079Z,buy,1.38e-06,9346.0,0.01289748
POA/BTC,1584010588940,2020-03-12T10:56:28.940Z,buy,1.37e-06,3206.0,0.00439222
POA/BTC,1584010595986,2020-03-12T10:56:35.986Z,buy,1.39e-06,3884.0,0.00539876
POA/BTC,1584010626835,2020-03-12T10:57:06.835Z,sell,1.38e-06,200.0,0.000276
POA/BTC,1584010669233,2020-03-12T10:57:49.233Z,sell,1.37e-06,3119.0,0.00427303
POA/BTC,1584010671330,2020-03-12T10:57:51.330Z,sell,1.36e-06,769.0,0.00104584
POA/BTC,1584010672740,2020-03-12T10:57:52.740Z,sell,1.36e-06,4131.0,0.00561816
POA/BTC,1584010673936,2020-03-12T10:57:53.936Z,sell,1.36e-06,2863.0,0.0038936799999999996
POA/BTC,1584010676430,2020-03-12T10:57:56.430Z,sell,1.36e-06,1963.0,0.00266968
POA/BTC,1584010676441,2020-03-12T10:57:56.441Z,sell,1.36e-06,543.0,0.0007384799999999999
POA/BTC,1584010679941,2020-03-12T10:57:59.941Z,sell,1.36e-06,1704.0,0.00231744
POA/BTC,1584010681036,2020-03-12T10:58:01.036Z,sell,1.36e-06,1182.0,0.0016075199999999999
POA/BTC,1584010683939,2020-03-12T10:58:03.939Z,sell,1.36e-06,808.0,0.00109888
POA/BTC,1584010690680,2020-03-12T10:58:10.680Z,buy,1.38e-06,215.0,0.0002967
POA/BTC,1584010710726,2020-03-12T10:58:30.726Z,sell,1.38e-06,379.0,0.00052302
POA/BTC,1584010710837,2020-03-12T10:58:30.837Z,sell,1.37e-06,200.0,0.000274
POA/BTC,1584010710837,2020-03-12T10:58:30.837Z,sell,1.36e-06,644.0,0.0008758399999999999
POA/BTC,1584010722773,2020-03-12T10:58:42.773Z,sell,1.36e-06,16162.0,0.021980319999999998
POA/BTC,1584010722788,2020-03-12T10:58:42.788Z,sell,1.36e-06,215.0,0.00029239999999999995
POA/BTC,1584010724341,2020-03-12T10:58:44.341Z,sell,1.36e-06,3860.0,0.005249599999999999
POA/BTC,1584010729738,2020-03-12T10:58:49.738Z,sell,1.35e-06,10014.0,0.0135189
POA/BTC,1584010731443,2020-03-12T10:58:51.443Z,sell,1.35e-06,6911.0,0.00932985
POA/BTC,1584010733345,2020-03-12T10:58:53.345Z,sell,1.35e-06,4763.0,0.00643005
POA/BTC,1584010735344,2020-03-12T10:58:55.344Z,sell,1.35e-06,3279.0,0.00442665
POA/BTC,1584010736846,2020-03-12T10:58:56.846Z,sell,1.35e-06,2267.0,0.00306045
POA/BTC,1584010743043,2020-03-12T10:59:03.043Z,sell,1.35e-06,1508.0,0.0020358
POA/BTC,1584010745441,2020-03-12T10:59:05.441Z,sell,1.35e-06,1034.0,0.0013959
POA/BTC,1584010787158,2020-03-12T10:59:47.158Z,sell,1.35e-06,18750.0,0.025312499999999998
POA/BTC,1584010787175,2020-03-12T10:59:47.175Z,sell,1.35e-06,784.0,0.0010584
POA/BTC,1584010788238,2020-03-12T10:59:48.238Z,sell,1.35e-06,230.0,0.0003105
