symbol,timestamp,datetime,side,price,amount,btc_volume
PPT/BTC,1591459828979,2020-06-06T16:10:28.979Z,buy,4.028e-05,1263.0,0.05087364
PPT/BTC,1591460948763,2020-06-06T16:29:08.763Z,buy,4.025e-05,3.0,0.00012075000000000001
PPT/BTC,1591460949006,2020-06-06T16:29:09.006Z,buy,4.025e-05,300.0,0.012075
PPT/BTC,1591461651909,2020-06-06T16:40:51.909Z,buy,4.025e-05,78.0,0.0031395000000000004
PPT/BTC,1591461651930,2020-06-06T16:40:51.930Z,sell,4.025e-05,606.0,0.0243915
PPT/BTC,1591461651946,2020-06-06T16:40:51.946Z,sell,4.025e-05,200.0,0.00805
PPT/BTC,1591461651947,2020-06-06T16:40:51.947Z,sell,4.025e-05,402.0,0.0161805
PPT/BTC,1591462234170,2020-06-06T16:50:34.170Z,buy,4.025e-05,46.0,0.0018515
PPT/BTC,1591462234170,2020-06-06T16:50:34.170Z,buy,4.026e-05,60.0,0.0024156
PPT/BTC,1591462241449,2020-06-06T16:50:41.449Z,buy,4.026e-05,106.0,0.00426756
PPT/BTC,1591462251767,2020-06-06T16:50:51.767Z,buy,4.026e-05,106.0,0.00426756
PPT/BTC,1591462297031,2020-06-06T16:51:37.031Z,buy,4.026e-05,106.0,0.00426756
PPT/BTC,1591462299003,2020-06-06T16:51:39.003Z,buy,4.026e-05,106.0,0.00426756
PPT/BTC,1591462301207,2020-06-06T16:51:41.207Z,buy,4.026e-05,106.0,0.00426756
PPT/BTC,1591462304507,2020-06-06T16:51:44.507Z,buy,4.026e-05,70.0,0.0028182
PPT/BTC,1591462307846,2020-06-06T16:51:47.846Z,buy,4.027e-05,105.0,0.00422835
PPT/BTC,1591462309858,2020-06-06T16:51:49.858Z,buy,4.027e-05,105.0,0.00422835
PPT/BTC,1591462311407,2020-06-06T16:51:51.407Z,buy,4.027e-05,105.0,0.00422835
PPT/BTC,1591462313389,2020-06-06T16:51:53.389Z,buy,4.027e-05,105.0,0.00422835
PPT/BTC,1591462318716,2020-06-06T16:51:58.716Z,buy,4.027e-05,105.0,0.00422835
PPT/BTC,1591462320780,2020-06-06T16:52:00.780Z,buy,4.027e-05,105.0,0.00422835
PPT/BTC,1591462323334,2020-06-06T16:52:03.334Z,buy,4.027e-05,51.0,0.00205377
PPT/BTC,1591462326456,2020-06-06T16:52:06.456Z,buy,4.027e-05,105.0,0.00422835
PPT/BTC,1591462328607,2020-06-06T16:52:08.607Z,buy,4.027e-05,105.0,0.00422835
PPT/BTC,1591462331873,2020-06-06T16:52:11.873Z,buy,4.027e-05,105.0,0.00422835
PPT/BTC,1591462333358,2020-06-06T16:52:13.358Z,buy,4.027e-05,75.0,0.00302025
PPT/BTC,1591462335520,2020-06-06T16:52:15.520Z,buy,4.028e-05,105.0,0.0042294
PPT/BTC,1591462340497,2020-06-06T16:52:20.497Z,buy,4.028e-05,105.0,0.0042294
PPT/BTC,1591462343297,2020-06-06T16:52:23.297Z,buy,4.028e-05,105.0,0.0042294
PPT/BTC,1591462345318,2020-06-06T16:52:25.318Z,buy,4.028e-05,79.0,0.00318212
PPT/BTC,1591462391908,2020-06-06T16:53:11.908Z,buy,4.028e-05,105.0,0.0042294
PPT/BTC,1591462410299,2020-06-06T16:53:30.299Z,buy,4.028e-05,97.0,0.00390716
PPT/BTC,1591462423274,2020-06-06T16:53:43.274Z,buy,4.028e-05,105.0,0.0042294
PPT/BTC,1591462549231,2020-06-06T16:55:49.231Z,buy,4.028e-05,105.0,0.0042294
PPT/BTC,1591462569963,2020-06-06T16:56:09.963Z,buy,4.028e-05,105.0,0.0042294
PPT/BTC,1591463004546,2020-06-06T17:03:24.546Z,buy,4.028e-05,5.0,0.00020140000000000002
PPT/BTC,1591463107868,2020-06-06T17:05:07.868Z,buy,4.028e-05,3.0,0.00012084
PPT/BTC,1591463123511,2020-06-06T17:05:23.511Z,buy,4.028e-05,3.0,0.00012084
PPT/BTC,1591463123511,2020-06-06T17:05:23.511Z,buy,4.028e-05,3.0,0.00012084
PPT/BTC,1591463206388,2020-06-06T17:06:46.388Z,sell,4.01e-05,3.0,0.0001203
PPT/BTC,1591463206388,2020-06-06T17:06:46.388Z,sell,4e-05,3.0,0.00012000000000000002
PPT/BTC,1591463206388,2020-06-06T17:06:46.388Z,sell,3.996e-05,240.0,0.009590399999999999
PPT/BTC,1591463206388,2020-06-06T17:06:46.388Z,sell,3.995e-05,46.0,0.0018377
PPT/BTC,1591463206388,2020-06-06T17:06:46.388Z,sell,3.99e-05,1234.0,0.0492366
PPT/BTC,1591463211966,2020-06-06T17:06:51.966Z,sell,3.991e-05,328.0,0.013090480000000002
PPT/BTC,1591463211966,2020-06-06T17:06:51.966Z,sell,3.989e-05,399.0,0.01591611
PPT/BTC,1591464109987,2020-06-06T17:21:49.987Z,buy,4.015e-05,216.0,0.0086724
PPT/BTC,1591464127330,2020-06-06T17:22:07.330Z,buy,4.015e-05,24.0,0.0009636
PPT/BTC,1591464127330,2020-06-06T17:22:07.330Z,buy,4.016e-05,3.0,0.00012048000000000001
PPT/BTC,1591464127330,2020-06-06T17:22:07.330Z,buy,4.023e-05,188.0,0.00756324
PPT/BTC,1591464128672,2020-06-06T17:22:08.672Z,buy,4.023e-05,186.0,0.00748278
PPT/BTC,1591464130965,2020-06-06T17:22:10.965Z,buy,4.025e-05,215.0,0.00865375
PPT/BTC,1591464132524,2020-06-06T17:22:12.524Z,buy,4.025e-05,215.0,0.00865375
PPT/BTC,1591464134029,2020-06-06T17:22:14.029Z,buy,4.025e-05,92.0,0.003703
PPT/BTC,1591464168200,2020-06-06T17:22:48.200Z,buy,4.027e-05,4.0,0.00016108
PPT/BTC,1591464168240,2020-06-06T17:22:48.240Z,sell,4.027e-05,567.0,0.02283309
PPT/BTC,1591464172138,2020-06-06T17:22:52.138Z,sell,4.027e-05,384.0,0.01546368
PPT/BTC,1591464173543,2020-06-06T17:22:53.543Z,sell,4.027e-05,266.0,0.01071182
PPT/BTC,1591464174543,2020-06-06T17:22:54.543Z,sell,4.027e-05,185.0,0.0074499499999999995
PPT/BTC,1591464179743,2020-06-06T17:22:59.743Z,sell,4.027e-05,124.0,0.00499348
PPT/BTC,1591464184235,2020-06-06T17:23:04.235Z,sell,4.027e-05,83.0,0.00334241
PPT/BTC,1591464188243,2020-06-06T17:23:08.243Z,sell,4.027e-05,57.0,0.00229539
PPT/BTC,1591464190143,2020-06-06T17:23:10.143Z,sell,4.027e-05,39.0,0.0015705299999999999
PPT/BTC,1591464191843,2020-06-06T17:23:11.843Z,sell,4.027e-05,27.0,0.0010872899999999999
PPT/BTC,1591464202001,2020-06-06T17:23:22.001Z,sell,4.027e-05,205.0,0.00825535
PPT/BTC,1591464202010,2020-06-06T17:23:22.010Z,sell,4.027e-05,161.0,0.00648347
PPT/BTC,1591464203039,2020-06-06T17:23:23.039Z,sell,4.027e-05,75.0,0.00302025
PPT/BTC,1591465297140,2020-06-06T17:41:37.140Z,sell,4.027e-05,68.0,0.00273836
PPT/BTC,1591465297154,2020-06-06T17:41:37.154Z,sell,4.027e-05,6.0,0.00024162
PPT/BTC,1591465398504,2020-06-06T17:43:18.504Z,buy,4.028e-05,257.0,0.01035196
PPT/BTC,1591465455433,2020-06-06T17:44:15.433Z,buy,4.028e-05,64.0,0.00257792
PPT/BTC,1591465698875,2020-06-06T17:48:18.875Z,buy,4.028e-05,74.0,0.00298072
PPT/BTC,1591465807641,2020-06-06T17:50:07.641Z,buy,4.028e-05,41.0,0.00165148
PPT/BTC,1591465906875,2020-06-06T17:51:46.875Z,sell,4.005e-05,41.0,0.00164205
PPT/BTC,1591465962772,2020-06-06T17:52:42.772Z,buy,4.019e-05,74.0,0.00297406
PPT/BTC,1591466054931,2020-06-06T17:54:14.931Z,buy,4.028e-05,24.0,0.00096672
PPT/BTC,1591466086012,2020-06-06T17:54:46.012Z,buy,4.028e-05,10.0,0.00040280000000000003
PPT/BTC,1591466086012,2020-06-06T17:54:46.012Z,buy,4.028e-05,10.0,0.00040280000000000003
PPT/BTC,1591466924357,2020-06-06T18:08:44.357Z,sell,4.005e-05,6.0,0.00024029999999999999
PPT/BTC,1591467267848,2020-06-06T18:14:27.848Z,sell,4.005e-05,20.0,0.000801
PPT/BTC,1591467267848,2020-06-06T18:14:27.848Z,sell,4.002e-05,3.0,0.00012006
PPT/BTC,1591467267848,2020-06-06T18:14:27.848Z,sell,4e-05,3.0,0.00012000000000000002
PPT/BTC,1591467267848,2020-06-06T18:14:27.848Z,sell,3.991e-05,46.0,0.0018358600000000001
PPT/BTC,1591467267848,2020-06-06T18:14:27.848Z,sell,3.99e-05,30.0,0.001197
PPT/BTC,1591467907984,2020-06-06T18:25:07.984Z,buy,4.016e-05,3.0,0.00012048000000000001
PPT/BTC,1591467907984,2020-06-06T18:25:07.984Z,buy,4.027e-05,15.0,0.00060405
PPT/BTC,1591469045092,2020-06-06T18:44:05.092Z,sell,4e-05,3.0,0.00012000000000000002
PPT/BTC,1591469045092,2020-06-06T18:44:05.092Z,sell,3.994e-05,250.0,0.009985
PPT/BTC,1591469045092,2020-06-06T18:44:05.092Z,sell,4e-05,3.0,0.00012000000000000002
PPT/BTC,1591469045092,2020-06-06T18:44:05.092Z,sell,3.994e-05,250.0,0.009985
PPT/BTC,1591469847906,2020-06-06T18:57:27.906Z,buy,4.016e-05,3.0,0.00012048000000000001
PPT/BTC,1591469847906,2020-06-06T18:57:27.906Z,buy,4.02e-05,250.0,0.01005
PPT/BTC,1591469847906,2020-06-06T18:57:27.906Z,buy,4.021e-05,32.0,0.00128672
PPT/BTC,1591469847906,2020-06-06T18:57:27.906Z,buy,4.026e-05,340.0,0.0136884
PPT/BTC,1591470511972,2020-06-06T19:08:31.972Z,buy,4.026e-05,3.0,0.00012077999999999999
PPT/BTC,1591470511972,2020-06-06T19:08:31.972Z,buy,4.028e-05,47.0,0.00189316
PPT/BTC,1591471166766,2020-06-06T19:19:26.766Z,buy,4.027e-05,40.0,0.0016108
PPT/BTC,1591471219169,2020-06-06T19:20:19.169Z,buy,4.027e-05,50.0,0.0020135
PPT/BTC,1591471219169,2020-06-06T19:20:19.169Z,buy,4.028e-05,119.0,0.00479332
PPT/BTC,1591471219169,2020-06-06T19:20:19.169Z,buy,4.032e-05,3.0,0.00012096000000000001
PPT/BTC,1591471219169,2020-06-06T19:20:19.169Z,buy,4.034e-05,23.0,0.0009278199999999999
PPT/BTC,1591471219169,2020-06-06T19:20:19.169Z,buy,4.035e-05,19.0,0.00076665
PPT/BTC,1591471249606,2020-06-06T19:20:49.606Z,buy,4.035e-05,3.0,0.00012104999999999999
PPT/BTC,1591471522230,2020-06-06T19:25:22.230Z,buy,4.035e-05,3.0,0.00012104999999999999
PPT/BTC,1591471566582,2020-06-06T19:26:06.582Z,sell,4.016e-05,3.0,0.00012048000000000001
PPT/BTC,1591471566582,2020-06-06T19:26:06.582Z,sell,4.009e-05,43.0,0.00172387
PPT/BTC,1591471566582,2020-06-06T19:26:06.582Z,sell,4e-05,3.0,0.00012000000000000002
PPT/BTC,1591471566582,2020-06-06T19:26:06.582Z,sell,3.999e-05,46.0,0.0018395400000000002
PPT/BTC,1591471566582,2020-06-06T19:26:06.582Z,sell,3.998e-05,8.0,0.00031984
PPT/BTC,1591471566582,2020-06-06T19:26:06.582Z,sell,3.993e-05,3.0,0.00011978999999999999
PPT/BTC,1591471566582,2020-06-06T19:26:06.582Z,sell,3.992e-05,107.0,0.00427144
PPT/BTC,1591471853950,2020-06-06T19:30:53.950Z,buy,4.016e-05,3.0,0.00012048000000000001
PPT/BTC,1591471857867,2020-06-06T19:30:57.867Z,buy,4.017e-05,6.0,0.00024102000000000002
PPT/BTC,1591471857867,2020-06-06T19:30:57.867Z,buy,4.017e-05,6.0,0.00024102000000000002
PPT/BTC,1591472747069,2020-06-06T19:45:47.069Z,buy,4.026e-05,12.0,0.00048311999999999997
PPT/BTC,1591472747069,2020-06-06T19:45:47.069Z,buy,4.032e-05,3.0,0.00012096000000000001
PPT/BTC,1591472747069,2020-06-06T19:45:47.069Z,buy,4.034e-05,154.0,0.006212359999999999
PPT/BTC,1591472773884,2020-06-06T19:46:13.884Z,buy,4.033e-05,3.0,0.00012099
PPT/BTC,1591472847949,2020-06-06T19:47:27.949Z,buy,4.033e-05,99.0,0.00399267
PPT/BTC,1591472894763,2020-06-06T19:48:14.763Z,buy,4.035e-05,3.0,0.00012104999999999999
PPT/BTC,1591472910567,2020-06-06T19:48:30.567Z,buy,4.035e-05,472.0,0.019045199999999998
PPT/BTC,1591473021778,2020-06-06T19:50:21.778Z,buy,4.038e-05,11.0,0.00044418
PPT/BTC,1591473021865,2020-06-06T19:50:21.865Z,sell,4.038e-05,89.0,0.00359382
PPT/BTC,1591473188542,2020-06-06T19:53:08.542Z,sell,4.02e-05,100.0,0.00402
PPT/BTC,1591473188542,2020-06-06T19:53:08.542Z,sell,4.016e-05,3.0,0.00012048000000000001
PPT/BTC,1591473188542,2020-06-06T19:53:08.542Z,sell,4e-05,49.0,0.0019600000000000004
PPT/BTC,1591473188542,2020-06-06T19:53:08.542Z,sell,3.998e-05,4.0,0.00015992
PPT/BTC,1591473188542,2020-06-06T19:53:08.542Z,sell,3.996e-05,4.0,0.00015984
PPT/BTC,1591473188542,2020-06-06T19:53:08.542Z,sell,3.995e-05,264.0,0.0105468
PPT/BTC,1591473188542,2020-06-06T19:53:08.542Z,sell,3.994e-05,1182.0,0.04720908
PPT/BTC,1591473191534,2020-06-06T19:53:11.534Z,buy,4.016e-05,3.0,0.00012048000000000001
PPT/BTC,1591473266516,2020-06-06T19:54:26.516Z,buy,4.024e-05,6.0,0.00024144
PPT/BTC,1591473266516,2020-06-06T19:54:26.516Z,buy,4.026e-05,6.0,0.00024155999999999998
PPT/BTC,1591473266516,2020-06-06T19:54:26.516Z,buy,4.032e-05,3.0,0.00012096000000000001
PPT/BTC,1591473266516,2020-06-06T19:54:26.516Z,buy,4.037e-05,11.0,0.00044407
PPT/BTC,1591474036246,2020-06-06T20:07:16.246Z,buy,4.038e-05,25.0,0.0010095
PPT/BTC,1591474036890,2020-06-06T20:07:16.890Z,sell,4.032e-05,5.0,0.0002016
PPT/BTC,1591474054668,2020-06-06T20:07:34.668Z,buy,4.038e-05,3.0,0.00012114000000000001
PPT/BTC,1591474117244,2020-06-06T20:08:37.244Z,buy,4.033e-05,3.0,0.00012099
PPT/BTC,1591474305812,2020-06-06T20:11:45.812Z,sell,4.024e-05,54.0,0.0021729600000000003
PPT/BTC,1591474458413,2020-06-06T20:14:18.413Z,sell,4.016e-05,3.0,0.00012048000000000001
PPT/BTC,1591474459311,2020-06-06T20:14:19.311Z,sell,4.015e-05,5.0,0.00020075
PPT/BTC,1591474489499,2020-06-06T20:14:49.499Z,sell,4.01e-05,1120.0,0.044912
PPT/BTC,1591474944728,2020-06-06T20:22:24.728Z,sell,4.01e-05,3.0,0.0001203
PPT/BTC,1591474944728,2020-06-06T20:22:24.728Z,sell,4.007e-05,5.0,0.00020035000000000002
PPT/BTC,1591474944728,2020-06-06T20:22:24.728Z,sell,4.005e-05,247.0,0.00989235
PPT/BTC,1591474944728,2020-06-06T20:22:24.728Z,sell,4.004e-05,46.0,0.0018418400000000002
PPT/BTC,1591474944728,2020-06-06T20:22:24.728Z,sell,4.001e-05,3.0,0.00012003
PPT/BTC,1591474944728,2020-06-06T20:22:24.728Z,sell,4e-05,502.0,0.02008
PPT/BTC,1591474944961,2020-06-06T20:22:24.961Z,buy,4e-05,200.0,0.008
PPT/BTC,1591474944967,2020-06-06T20:22:24.967Z,buy,4e-05,300.0,0.012
PPT/BTC,1591474944983,2020-06-06T20:22:24.983Z,buy,4e-05,707.0,0.028280000000000003
PPT/BTC,1591474948321,2020-06-06T20:22:28.321Z,sell,3.999e-05,3.0,0.00011997
PPT/BTC,1591474949425,2020-06-06T20:22:29.425Z,sell,3.999e-05,3.0,0.00011997
PPT/BTC,1591475024816,2020-06-06T20:23:44.816Z,buy,4.015e-05,6.0,0.0002409
PPT/BTC,1591475139980,2020-06-06T20:25:39.980Z,buy,4.016e-05,3.0,0.00012048000000000001
PPT/BTC,1591475139980,2020-06-06T20:25:39.980Z,buy,4.016e-05,3.0,0.00012048000000000001
PPT/BTC,1591475471267,2020-06-06T20:31:11.267Z,buy,4.026e-05,243.0,0.009783179999999999
PPT/BTC,1591475797933,2020-06-06T20:36:37.933Z,buy,4.026e-05,10.0,0.0004026
PPT/BTC,1591475797933,2020-06-06T20:36:37.933Z,buy,4.032e-05,8.0,0.00032256
PPT/BTC,1591475797933,2020-06-06T20:36:37.933Z,buy,4.038e-05,9.0,0.00036342000000000004
PPT/BTC,1591475797933,2020-06-06T20:36:37.933Z,buy,4.039e-05,71.0,0.00286769
PPT/BTC,1591475833270,2020-06-06T20:37:13.270Z,buy,4.039e-05,3.0,0.00012117
PPT/BTC,1591476179246,2020-06-06T20:42:59.246Z,buy,4.039e-05,3.0,0.00012117
PPT/BTC,1591476299902,2020-06-06T20:44:59.902Z,buy,4.039e-05,4.0,0.00016156
PPT/BTC,1591477129182,2020-06-06T20:58:49.182Z,buy,4.039e-05,4.0,0.00016156
PPT/BTC,1591477639743,2020-06-06T21:07:19.743Z,buy,4.039e-05,4.0,0.00016156
PPT/BTC,1591478053784,2020-06-06T21:14:13.784Z,buy,4.038e-05,3.0,0.00012114000000000001
PPT/BTC,1591478234165,2020-06-06T21:17:14.165Z,buy,4.038e-05,3.0,0.00012114000000000001
PPT/BTC,1591478254435,2020-06-06T21:17:34.435Z,buy,4.038e-05,8.0,0.00032304
PPT/BTC,1591478301838,2020-06-06T21:18:21.838Z,buy,4.038e-05,3.0,0.00012114000000000001
PPT/BTC,1591478734552,2020-06-06T21:25:34.552Z,buy,4.038e-05,25.0,0.0010095
PPT/BTC,1591478734552,2020-06-06T21:25:34.552Z,buy,4.038e-05,25.0,0.0010095
PPT/BTC,1591479007937,2020-06-06T21:30:07.937Z,buy,4.038e-05,4.0,0.00016152
PPT/BTC,1591479157566,2020-06-06T21:32:37.566Z,buy,4.038e-05,7.0,0.00028266
PPT/BTC,1591479589579,2020-06-06T21:39:49.579Z,sell,4.016e-05,3.0,0.00012048000000000001
PPT/BTC,1591479589579,2020-06-06T21:39:49.579Z,sell,4.015e-05,976.0,0.0391864
PPT/BTC,1591479610775,2020-06-06T21:40:10.775Z,sell,4.015e-05,661.0,0.02653915
PPT/BTC,1591479610775,2020-06-06T21:40:10.775Z,sell,4.005e-05,39.0,0.0015619499999999999
PPT/BTC,1591480005952,2020-06-06T21:46:45.952Z,buy,4.032e-05,3.0,0.00012096000000000001
PPT/BTC,1591480005974,2020-06-06T21:46:45.974Z,sell,4.032e-05,41.0,0.0016531200000000001
PPT/BTC,1591480007074,2020-06-06T21:46:47.074Z,sell,4.032e-05,29.0,0.00116928
PPT/BTC,1591480148601,2020-06-06T21:49:08.601Z,sell,4.032e-05,3.0,0.00012096000000000001
PPT/BTC,1591481016182,2020-06-06T22:03:36.182Z,sell,4.032e-05,24.0,0.0009676800000000001
PPT/BTC,1591481633292,2020-06-06T22:13:53.292Z,sell,4.016e-05,3.0,0.00012048000000000001
PPT/BTC,1591481633292,2020-06-06T22:13:53.292Z,sell,4.002e-05,6.0,0.00024012
PPT/BTC,1591481633292,2020-06-06T22:13:53.292Z,sell,4.001e-05,41.0,0.00164041
PPT/BTC,1591481717805,2020-06-06T22:15:17.805Z,buy,4.031e-05,38.0,0.00153178
PPT/BTC,1591481917829,2020-06-06T22:18:37.829Z,sell,4.031e-05,8.0,0.00032248
PPT/BTC,1591481917829,2020-06-06T22:18:37.829Z,sell,4.018e-05,1112.0,0.04468016
PPT/BTC,1591481917829,2020-06-06T22:18:37.829Z,sell,4.002e-05,62.0,0.00248124
PPT/BTC,1591481917829,2020-06-06T22:18:37.829Z,sell,4e-05,1682.0,0.06728
PPT/BTC,1591481917829,2020-06-06T22:18:37.829Z,sell,4.031e-05,8.0,0.00032248
PPT/BTC,1591481917829,2020-06-06T22:18:37.829Z,sell,4.018e-05,1112.0,0.04468016
PPT/BTC,1591481917829,2020-06-06T22:18:37.829Z,sell,4.002e-05,62.0,0.00248124
PPT/BTC,1591481917829,2020-06-06T22:18:37.829Z,sell,4e-05,1682.0,0.06728
PPT/BTC,1591482492343,2020-06-06T22:28:12.343Z,buy,4.016e-05,3.0,0.00012048000000000001
PPT/BTC,1591482998789,2020-06-06T22:36:38.789Z,buy,4.015e-05,134.0,0.0053801
PPT/BTC,1591483074641,2020-06-06T22:37:54.641Z,buy,4.031e-05,9.0,0.00036279
PPT/BTC,1591484162713,2020-06-06T22:56:02.713Z,buy,4.031e-05,3.0,0.00012093
PPT/BTC,1591484374072,2020-06-06T22:59:34.072Z,buy,4.032e-05,8.0,0.00032256
PPT/BTC,1591484482046,2020-06-06T23:01:22.046Z,buy,4.033e-05,10.0,0.0004033
PPT/BTC,1591484592844,2020-06-06T23:03:12.844Z,buy,4.037e-05,3.0,0.00012111000000000001
PPT/BTC,1591484596337,2020-06-06T23:03:16.337Z,buy,4.037e-05,3.0,0.00012111000000000001
PPT/BTC,1591484719685,2020-06-06T23:05:19.685Z,buy,4.037e-05,3.0,0.00012111000000000001
PPT/BTC,1591485023231,2020-06-06T23:10:23.231Z,buy,4.037e-05,3.0,0.00012111000000000001
PPT/BTC,1591485023231,2020-06-06T23:10:23.231Z,buy,4.037e-05,3.0,0.00012111000000000001
PPT/BTC,1591485623788,2020-06-06T23:20:23.788Z,buy,4.037e-05,3.0,0.00012111000000000001
PPT/BTC,1591485687305,2020-06-06T23:21:27.305Z,buy,4.037e-05,40.0,0.0016148
PPT/BTC,1591485687413,2020-06-06T23:21:27.413Z,sell,4.037e-05,29.0,0.00117073
PPT/BTC,1591485687413,2020-06-06T23:21:27.413Z,sell,4.037e-05,139.0,0.005611430000000001
PPT/BTC,1591485688617,2020-06-06T23:21:28.617Z,sell,4.037e-05,116.0,0.00468292
PPT/BTC,1591485691313,2020-06-06T23:21:31.313Z,sell,4.037e-05,80.0,0.0032296
PPT/BTC,1591485697882,2020-06-06T23:21:37.882Z,buy,4.038e-05,1091.0,0.04405458
PPT/BTC,1591485724625,2020-06-06T23:22:04.625Z,buy,4.039e-05,18.0,0.00072702
PPT/BTC,1591486226911,2020-06-06T23:30:26.911Z,buy,4.038e-05,3.0,0.00012114000000000001
PPT/BTC,1591486397824,2020-06-06T23:33:17.824Z,sell,4.016e-05,3.0,0.00012048000000000001
PPT/BTC,1591486397824,2020-06-06T23:33:17.824Z,sell,4.002e-05,12.0,0.00048024
PPT/BTC,1591486397824,2020-06-06T23:33:17.824Z,sell,4.001e-05,390.0,0.015603899999999999
PPT/BTC,1591486397843,2020-06-06T23:33:17.843Z,buy,4.001e-05,1833.0,0.07333833
PPT/BTC,1591486466140,2020-06-06T23:34:26.140Z,buy,4.032e-05,8.0,0.00032256
PPT/BTC,1591486466140,2020-06-06T23:34:26.140Z,buy,4.034e-05,247.0,0.009963979999999999
PPT/BTC,1591486531350,2020-06-06T23:35:31.350Z,buy,4.034e-05,140.0,0.005647599999999999
PPT/BTC,1591486531350,2020-06-06T23:35:31.350Z,buy,4.035e-05,46.0,0.0018560999999999999
PPT/BTC,1591486531350,2020-06-06T23:35:31.350Z,buy,4.039e-05,214.0,0.00864346
PPT/BTC,1591486539858,2020-06-06T23:35:39.858Z,buy,4.039e-05,51.0,0.00205989
PPT/BTC,1591486539858,2020-06-06T23:35:39.858Z,buy,4.04e-05,158.0,0.0063832
PPT/BTC,1591486635532,2020-06-06T23:37:15.532Z,sell,4.016e-05,131.0,0.00526096
PPT/BTC,1591486635532,2020-06-06T23:37:15.532Z,sell,4.002e-05,34.0,0.00136068
PPT/BTC,1591486648239,2020-06-06T23:37:28.239Z,buy,4.032e-05,3.0,0.00012096000000000001
PPT/BTC,1591486648239,2020-06-06T23:37:28.239Z,buy,4.037e-05,13.0,0.00052481
PPT/BTC,1591486691820,2020-06-06T23:38:11.820Z,sell,4.006e-05,16.0,0.00064096
PPT/BTC,1591486736315,2020-06-06T23:38:56.315Z,buy,4.036e-05,8.0,0.00032288
PPT/BTC,1591486736315,2020-06-06T23:38:56.315Z,buy,4.037e-05,8.0,0.00032296
PPT/BTC,1591486755832,2020-06-06T23:39:15.832Z,sell,4.016e-05,3.0,0.00012048000000000001
PPT/BTC,1591486755832,2020-06-06T23:39:15.832Z,sell,4.005e-05,13.0,0.00052065
PPT/BTC,1591486793654,2020-06-06T23:39:53.654Z,buy,4.032e-05,3.0,0.00012096000000000001
PPT/BTC,1591486793654,2020-06-06T23:39:53.654Z,buy,4.036e-05,13.0,0.00052468
PPT/BTC,1591486811473,2020-06-06T23:40:11.473Z,sell,4.016e-05,3.0,0.00012048000000000001
PPT/BTC,1591486811473,2020-06-06T23:40:11.473Z,sell,4.005e-05,13.0,0.00052065
PPT/BTC,1591486846807,2020-06-06T23:40:46.807Z,buy,4.032e-05,3.0,0.00012096000000000001
PPT/BTC,1591488491688,2020-06-07T00:08:11.688Z,sell,4.032e-05,131.0,0.00528192
PPT/BTC,1591488491688,2020-06-07T00:08:11.688Z,sell,4.032e-05,131.0,0.00528192
PPT/BTC,1591488805198,2020-06-07T00:13:25.198Z,buy,4.027e-05,3.0,0.00012081
PPT/BTC,1591489704386,2020-06-07T00:28:24.386Z,buy,4.027e-05,35.0,0.00140945
PPT/BTC,1591489744913,2020-06-07T00:29:04.913Z,sell,4.016e-05,3.0,0.00012048000000000001
PPT/BTC,1591489913162,2020-06-07T00:31:53.162Z,sell,4.016e-05,172.0,0.00690752
PPT/BTC,1591489948190,2020-06-07T00:32:28.190Z,buy,4.016e-05,250.0,0.01004
PPT/BTC,1591489950532,2020-06-07T00:32:30.532Z,buy,4.016e-05,242.0,0.00971872
PPT/BTC,1591490370557,2020-06-07T00:39:30.557Z,buy,4.016e-05,87.0,0.00349392
PPT/BTC,1591490669967,2020-06-07T00:44:29.967Z,buy,4.027e-05,33.0,0.00132891
PPT/BTC,1591490669967,2020-06-07T00:44:29.967Z,buy,4.032e-05,3.0,0.00012096000000000001
PPT/BTC,1591490669967,2020-06-07T00:44:29.967Z,buy,4.038e-05,255.0,0.010296900000000001
PPT/BTC,1591490669967,2020-06-07T00:44:29.967Z,buy,4.039e-05,1546.0,0.062442939999999995
PPT/BTC,1591490669967,2020-06-07T00:44:29.967Z,buy,4.027e-05,33.0,0.00132891
PPT/BTC,1591490669967,2020-06-07T00:44:29.967Z,buy,4.032e-05,3.0,0.00012096000000000001
PPT/BTC,1591490669967,2020-06-07T00:44:29.967Z,buy,4.038e-05,255.0,0.010296900000000001
PPT/BTC,1591490669967,2020-06-07T00:44:29.967Z,buy,4.039e-05,1546.0,0.062442939999999995
PPT/BTC,1591492722202,2020-06-07T01:18:42.202Z,buy,4.039e-05,535.0,0.02160865
PPT/BTC,1591492722202,2020-06-07T01:18:42.202Z,buy,4.04e-05,152.0,0.0061408
PPT/BTC,1591492937957,2020-06-07T01:22:17.957Z,buy,4.04e-05,25.0,0.00101
PPT/BTC,1591492942157,2020-06-07T01:22:22.157Z,sell,4.034e-05,28.0,0.00112952
PPT/BTC,1591493798459,2020-06-07T01:36:38.459Z,buy,4.04e-05,230.0,0.009292
PPT/BTC,1591493798459,2020-06-07T01:36:38.459Z,buy,4.04e-05,230.0,0.009292
PPT/BTC,1591494915678,2020-06-07T01:55:15.678Z,sell,4.036e-05,569.0,0.02296484
PPT/BTC,1591494915678,2020-06-07T01:55:15.678Z,sell,4.035e-05,55.0,0.00221925
PPT/BTC,1591494915690,2020-06-07T01:55:15.690Z,sell,4.035e-05,398.0,0.0160593
PPT/BTC,1591494923949,2020-06-07T01:55:23.949Z,sell,4.035e-05,296.0,0.011943599999999999
PPT/BTC,1591494933153,2020-06-07T01:55:33.153Z,sell,4.035e-05,192.0,0.007747199999999999
PPT/BTC,1591494934149,2020-06-07T01:55:34.149Z,sell,4.035e-05,133.0,0.0053665499999999994
PPT/BTC,1591494940555,2020-06-07T01:55:40.555Z,sell,4.035e-05,88.0,0.0035508
PPT/BTC,1591494945256,2020-06-07T01:55:45.256Z,sell,4.035e-05,59.0,0.0023806499999999998
PPT/BTC,1591494946953,2020-06-07T01:55:46.953Z,sell,4.035e-05,23.0,0.0009280499999999999
PPT/BTC,1591494946953,2020-06-07T01:55:46.953Z,sell,4.034e-05,18.0,0.0007261199999999999
PPT/BTC,1591494949861,2020-06-07T01:55:49.861Z,sell,4.034e-05,28.0,0.00112952
PPT/BTC,1591495581208,2020-06-07T02:06:21.208Z,sell,4.036e-05,155.0,0.0062558
PPT/BTC,1591495581216,2020-06-07T02:06:21.216Z,sell,4.035e-05,108.0,0.0043578
PPT/BTC,1591495589488,2020-06-07T02:06:29.488Z,sell,4.035e-05,71.0,0.00286485
PPT/BTC,1591495593095,2020-06-07T02:06:33.095Z,sell,4.035e-05,48.0,0.0019367999999999998
PPT/BTC,1591495597796,2020-06-07T02:06:37.796Z,sell,4.035e-05,32.0,0.0012912
PPT/BTC,1591496211687,2020-06-07T02:16:51.687Z,buy,4.042e-05,282.0,0.011398440000000001
PPT/BTC,1591496211703,2020-06-07T02:16:51.703Z,sell,4.035e-05,197.0,0.00794895
PPT/BTC,1591496212736,2020-06-07T02:16:52.736Z,sell,4.035e-05,137.0,0.005527949999999999
PPT/BTC,1591496226043,2020-06-07T02:17:06.043Z,sell,4.035e-05,86.0,0.0034701
PPT/BTC,1591496237243,2020-06-07T02:17:17.243Z,sell,4.035e-05,54.0,0.0021789
PPT/BTC,1591496245743,2020-06-07T02:17:25.743Z,sell,4.035e-05,36.0,0.0014525999999999999
PPT/BTC,1591496263650,2020-06-07T02:17:43.650Z,buy,4.042e-05,282.0,0.011398440000000001
PPT/BTC,1591496263663,2020-06-07T02:17:43.663Z,sell,4.035e-05,219.0,0.00883665
PPT/BTC,1591496265948,2020-06-07T02:17:45.948Z,sell,4.035e-05,150.0,0.0060525
PPT/BTC,1591496274056,2020-06-07T02:17:54.056Z,sell,4.035e-05,98.0,0.0039543
PPT/BTC,1591496278152,2020-06-07T02:17:58.152Z,sell,4.035e-05,66.0,0.0026631
PPT/BTC,1591496282150,2020-06-07T02:18:02.150Z,sell,4.035e-05,45.0,0.0018157499999999999
PPT/BTC,1591496284554,2020-06-07T02:18:04.554Z,sell,4.035e-05,31.0,0.00125085
PPT/BTC,1591496422080,2020-06-07T02:20:22.080Z,buy,4.042e-05,269.0,0.01087298
PPT/BTC,1591496422088,2020-06-07T02:20:22.088Z,sell,4.035e-05,195.0,0.00786825
PPT/BTC,1591496423624,2020-06-07T02:20:23.624Z,buy,4.042e-05,282.0,0.011398440000000001
PPT/BTC,1591496423632,2020-06-07T02:20:23.632Z,sell,4.035e-05,332.0,0.013396199999999999
PPT/BTC,1591496425496,2020-06-07T02:20:25.496Z,buy,4.042e-05,282.0,0.011398440000000001
PPT/BTC,1591496425504,2020-06-07T02:20:25.504Z,sell,4.035e-05,217.0,0.00875595
PPT/BTC,1591496425504,2020-06-07T02:20:25.504Z,sell,4.034e-05,209.0,0.008431059999999999
PPT/BTC,1591496427802,2020-06-07T02:20:27.802Z,buy,4.042e-05,282.0,0.011398440000000001
PPT/BTC,1591496427813,2020-06-07T02:20:27.813Z,sell,4.034e-05,490.0,0.0197666
PPT/BTC,1591496429708,2020-06-07T02:20:29.708Z,buy,4.042e-05,219.0,0.00885198
PPT/BTC,1591496429720,2020-06-07T02:20:29.720Z,sell,4.034e-05,491.0,0.01980694
PPT/BTC,1591496429854,2020-06-07T02:20:29.854Z,sell,4.034e-05,475.0,0.019161499999999998
PPT/BTC,1591496432411,2020-06-07T02:20:32.411Z,buy,4.041e-05,281.0,0.011355210000000001
PPT/BTC,1591496434440,2020-06-07T02:20:34.440Z,buy,4.04e-05,281.0,0.0113524
PPT/BTC,1591496435977,2020-06-07T02:20:35.977Z,buy,4.041e-05,281.0,0.011355210000000001
PPT/BTC,1591496438749,2020-06-07T02:20:38.749Z,buy,4.041e-05,281.0,0.011355210000000001
PPT/BTC,1591496440693,2020-06-07T02:20:40.693Z,buy,4.041e-05,90.0,0.0036369
PPT/BTC,1591496440693,2020-06-07T02:20:40.693Z,buy,4.042e-05,191.0,0.007720220000000001
PPT/BTC,1591496442196,2020-06-07T02:20:42.196Z,buy,4.042e-05,281.0,0.01135802
PPT/BTC,1591496444163,2020-06-07T02:20:44.163Z,buy,4.042e-05,281.0,0.01135802
PPT/BTC,1591496445678,2020-06-07T02:20:45.678Z,buy,4.042e-05,281.0,0.01135802
PPT/BTC,1591496447249,2020-06-07T02:20:47.249Z,buy,4.042e-05,280.0,0.0113176
PPT/BTC,1591496454593,2020-06-07T02:20:54.593Z,buy,4.042e-05,280.0,0.0113176
PPT/BTC,1591496456084,2020-06-07T02:20:56.084Z,buy,4.042e-05,280.0,0.0113176
PPT/BTC,1591496457612,2020-06-07T02:20:57.612Z,buy,4.042e-05,124.0,0.00501208
PPT/BTC,1591496740666,2020-06-07T02:25:40.666Z,buy,4.043e-05,280.0,0.0113204
PPT/BTC,1591496788394,2020-06-07T02:26:28.394Z,buy,4.043e-05,37.0,0.0014959099999999998
PPT/BTC,1591496791510,2020-06-07T02:26:31.510Z,sell,4.043e-05,14.0,0.00056602
PPT/BTC,1591497132971,2020-06-07T02:32:12.971Z,sell,4.026e-05,5.0,0.0002013
PPT/BTC,1591497176023,2020-06-07T02:32:56.023Z,sell,4.017e-05,5.0,0.00020085000000000003
PPT/BTC,1591497203068,2020-06-07T02:33:23.068Z,sell,4.016e-05,3.0,0.00012048000000000001
PPT/BTC,1591497208641,2020-06-07T02:33:28.641Z,sell,4.013e-05,29.0,0.00116377
PPT/BTC,1591497230648,2020-06-07T02:33:50.648Z,sell,4.009e-05,5.0,0.00020045
PPT/BTC,1591497230690,2020-06-07T02:33:50.690Z,buy,4.009e-05,14.0,0.00056126
PPT/BTC,1591497265107,2020-06-07T02:34:25.107Z,sell,4.013e-05,20.0,0.0008025999999999999
PPT/BTC,1591497338048,2020-06-07T02:35:38.048Z,sell,4.013e-05,19.0,0.0007624699999999999
PPT/BTC,1591497338048,2020-06-07T02:35:38.048Z,sell,4.013e-05,19.0,0.0007624699999999999
PPT/BTC,1591497437626,2020-06-07T02:37:17.626Z,buy,4.032e-05,3.0,0.00012096000000000001
PPT/BTC,1591497437626,2020-06-07T02:37:17.626Z,buy,4.041e-05,16.0,0.00064656
PPT/BTC,1591497437626,2020-06-07T02:37:17.626Z,buy,4.043e-05,261.0,0.01055223
PPT/BTC,1591497439144,2020-06-07T02:37:19.144Z,buy,4.042e-05,5.0,0.0002021
PPT/BTC,1591497442043,2020-06-07T02:37:22.043Z,buy,4.043e-05,54.0,0.00218322
PPT/BTC,1591497444386,2020-06-07T02:37:24.386Z,sell,4.016e-05,19.0,0.00076304
PPT/BTC,1591497551876,2020-06-07T02:39:11.876Z,sell,4.011e-05,19.0,0.00076209
PPT/BTC,1591497654508,2020-06-07T02:40:54.508Z,sell,4.01e-05,399.0,0.0159999
PPT/BTC,1591497654660,2020-06-07T02:40:54.660Z,sell,4.009e-05,45.0,0.00180405
PPT/BTC,1591497654781,2020-06-07T02:40:54.781Z,sell,4.006e-05,294.0,0.011777639999999999
PPT/BTC,1591497654924,2020-06-07T02:40:54.924Z,sell,4.004e-05,11.0,0.00044044000000000006
PPT/BTC,1591497655067,2020-06-07T02:40:55.067Z,sell,4e-05,155.0,0.006200000000000001
PPT/BTC,1591497655233,2020-06-07T02:40:55.233Z,sell,3.999e-05,8.0,0.00031992
PPT/BTC,1591497655406,2020-06-07T02:40:55.406Z,sell,4e-05,6.0,0.00024000000000000003
PPT/BTC,1591497655784,2020-06-07T02:40:55.784Z,sell,4e-05,31.0,0.00124
PPT/BTC,1591497655784,2020-06-07T02:40:55.784Z,sell,3.998e-05,6.0,0.00023988
PPT/BTC,1591497655784,2020-06-07T02:40:55.784Z,sell,3.995e-05,65.0,0.00259675
PPT/BTC,1591497657206,2020-06-07T02:40:57.206Z,buy,4e-05,19.0,0.00076
PPT/BTC,1591497660729,2020-06-07T02:41:00.729Z,buy,4.016e-05,3.0,0.00012048000000000001
PPT/BTC,1591497660729,2020-06-07T02:41:00.729Z,buy,4.023e-05,7.0,0.00028161
PPT/BTC,1591497660729,2020-06-07T02:41:00.729Z,buy,4.027e-05,14.0,0.0005637799999999999
PPT/BTC,1591497660729,2020-06-07T02:41:00.729Z,buy,4.03e-05,399.0,0.0160797
PPT/BTC,1591497660729,2020-06-07T02:41:00.729Z,buy,4.031e-05,10.0,0.0004031
PPT/BTC,1591497660729,2020-06-07T02:41:00.729Z,buy,4.032e-05,3.0,0.00012096000000000001
PPT/BTC,1591497660729,2020-06-07T02:41:00.729Z,buy,4.042e-05,1299.0,0.05250558
PPT/BTC,1591497660729,2020-06-07T02:41:00.729Z,buy,4.043e-05,636.0,0.025713479999999997
PPT/BTC,1591497661303,2020-06-07T02:41:01.303Z,buy,4.042e-05,99.0,0.00400158
PPT/BTC,1591497661879,2020-06-07T02:41:01.879Z,buy,4.042e-05,4.0,0.00016168
PPT/BTC,1591497669015,2020-06-07T02:41:09.015Z,buy,4.043e-05,618.0,0.02498574
PPT/BTC,1591497669591,2020-06-07T02:41:09.591Z,buy,4.043e-05,30.0,0.0012128999999999998
PPT/BTC,1591497676735,2020-06-07T02:41:16.735Z,buy,4.043e-05,2355.0,0.09521265
PPT/BTC,1591497677312,2020-06-07T02:41:17.312Z,buy,4.043e-05,112.0,0.00452816
PPT/BTC,1591497677875,2020-06-07T02:41:17.875Z,buy,4.043e-05,6.0,0.00024258
PPT/BTC,1591497763075,2020-06-07T02:42:43.075Z,sell,4.016e-05,3.0,0.00012048000000000001
PPT/BTC,1591497763147,2020-06-07T02:42:43.147Z,buy,4.016e-05,16.0,0.00064256
PPT/BTC,1591497869883,2020-06-07T02:44:29.883Z,sell,4.01e-05,19.0,0.0007619
PPT/BTC,1591497938449,2020-06-07T02:45:38.449Z,sell,4.012e-05,234.0,0.00938808
PPT/BTC,1591497938449,2020-06-07T02:45:38.449Z,sell,4.01e-05,766.0,0.0307166
PPT/BTC,1591497976113,2020-06-07T02:46:16.113Z,sell,4.011e-05,19.0,0.00076209
PPT/BTC,1591498030413,2020-06-07T02:47:10.413Z,sell,4.011e-05,379.0,0.01520169
PPT/BTC,1591498083565,2020-06-07T02:48:03.565Z,sell,4.01e-05,19.0,0.0007619
PPT/BTC,1591498168368,2020-06-07T02:49:28.368Z,buy,4.029e-05,3.0,0.00012087
PPT/BTC,1591498188655,2020-06-07T02:49:48.655Z,sell,4.001e-05,7.0,0.00028007
PPT/BTC,1591498188761,2020-06-07T02:49:48.761Z,buy,4.001e-05,12.0,0.00048012
PPT/BTC,1591498351854,2020-06-07T02:52:31.854Z,buy,4.026e-05,3.0,0.00012077999999999999
PPT/BTC,1591498481925,2020-06-07T02:54:41.925Z,buy,4.025e-05,395.0,0.01589875
PPT/BTC,1591498481925,2020-06-07T02:54:41.925Z,buy,4.026e-05,3031.0,0.12202806
PPT/BTC,1591498500301,2020-06-07T02:55:00.301Z,sell,4.002e-05,3.0,0.00012006
PPT/BTC,1591498500301,2020-06-07T02:55:00.301Z,sell,4.001e-05,3.0,0.00012003
PPT/BTC,1591498500301,2020-06-07T02:55:00.301Z,sell,4e-05,8.0,0.00032
PPT/BTC,1591498500301,2020-06-07T02:55:00.301Z,sell,3.996e-05,46.0,0.00183816
PPT/BTC,1591498500301,2020-06-07T02:55:00.301Z,sell,3.995e-05,169.0,0.00675155
PPT/BTC,1591498500301,2020-06-07T02:55:00.301Z,sell,3.994e-05,49.0,0.00195706
PPT/BTC,1591498500301,2020-06-07T02:55:00.301Z,sell,3.993e-05,1368.0,0.05462424
PPT/BTC,1591498501536,2020-06-07T02:55:01.536Z,sell,3.998e-05,46.0,0.00183908
PPT/BTC,1591498520354,2020-06-07T02:55:20.354Z,buy,4.016e-05,3.0,0.00012048000000000001
PPT/BTC,1591498521561,2020-06-07T02:55:21.561Z,buy,4.023e-05,7.0,0.00028161
PPT/BTC,1591498521686,2020-06-07T02:55:21.686Z,buy,4.023e-05,42.0,0.00168966
PPT/BTC,1591498574183,2020-06-07T02:56:14.183Z,sell,4.001e-05,249.0,0.00996249
PPT/BTC,1591498574183,2020-06-07T02:56:14.183Z,sell,4e-05,3.0,0.00012000000000000002
PPT/BTC,1591498574183,2020-06-07T02:56:14.183Z,sell,3.996e-05,154.0,0.00615384
PPT/BTC,1591498598466,2020-06-07T02:56:38.466Z,buy,4.013e-05,3.0,0.00012038999999999999
PPT/BTC,1591498600785,2020-06-07T02:56:40.785Z,buy,4.009e-05,46.0,0.00184414
PPT/BTC,1591498601099,2020-06-07T02:56:41.099Z,buy,4.008e-05,3.0,0.00012024
PPT/BTC,1591498601788,2020-06-07T02:56:41.788Z,buy,4.008e-05,93.0,0.0037274400000000003
PPT/BTC,1591498640407,2020-06-07T02:57:20.407Z,buy,4.008e-05,3.0,0.00012024
PPT/BTC,1591498644573,2020-06-07T02:57:24.573Z,buy,4.008e-05,3.0,0.00012024
PPT/BTC,1591498743357,2020-06-07T02:59:03.357Z,sell,3.993e-05,1020.0,0.0407286
PPT/BTC,1591498743370,2020-06-07T02:59:03.370Z,buy,4.008e-05,147.0,0.00589176
PPT/BTC,1591498765747,2020-06-07T02:59:25.747Z,sell,3.994e-05,67.0,0.00267598
PPT/BTC,1591498844150,2020-06-07T03:00:44.150Z,sell,3.994e-05,183.0,0.00730902
PPT/BTC,1591498844150,2020-06-07T03:00:44.150Z,sell,3.993e-05,296.0,0.01181928
PPT/BTC,1591498857298,2020-06-07T03:00:57.298Z,sell,3.993e-05,284.0,0.01134012
PPT/BTC,1591498863096,2020-06-07T03:01:03.096Z,sell,3.993e-05,1464.0,0.05845752
PPT/BTC,1591498904248,2020-06-07T03:01:44.248Z,sell,3.992e-05,235.0,0.0093812
PPT/BTC,1591498910389,2020-06-07T03:01:50.389Z,sell,3.992e-05,486.0,0.019401119999999997
PPT/BTC,1591498910389,2020-06-07T03:01:50.389Z,sell,3.991e-05,10.0,0.0003991
PPT/BTC,1591498910389,2020-06-07T03:01:50.389Z,sell,3.99e-05,1095.0,0.0436905
PPT/BTC,1591498920474,2020-06-07T03:02:00.474Z,sell,3.99e-05,818.0,0.0326382
PPT/BTC,1591498970398,2020-06-07T03:02:50.398Z,sell,3.99e-05,49.0,0.0019551
PPT/BTC,1591498974674,2020-06-07T03:02:54.674Z,sell,3.99e-05,336.0,0.0134064
PPT/BTC,1591499017960,2020-06-07T03:03:37.960Z,sell,3.99e-05,172.0,0.0068628000000000005
PPT/BTC,1591499017960,2020-06-07T03:03:37.960Z,sell,3.989e-05,137.0,0.00546493
PPT/BTC,1591499128408,2020-06-07T03:05:28.408Z,sell,3.99e-05,684.0,0.0272916
PPT/BTC,1591499133507,2020-06-07T03:05:33.507Z,sell,3.99e-05,1714.0,0.06838860000000001
PPT/BTC,1591499133507,2020-06-07T03:05:33.507Z,sell,3.989e-05,1019.0,0.04064791
PPT/BTC,1591499355139,2020-06-07T03:09:15.139Z,sell,3.99e-05,185.0,0.0073815
PPT/BTC,1591499440233,2020-06-07T03:10:40.233Z,buy,4.002e-05,34.0,0.00136068
PPT/BTC,1591499440242,2020-06-07T03:10:40.242Z,buy,4.002e-05,216.0,0.00864432
PPT/BTC,1591499472893,2020-06-07T03:11:12.893Z,sell,3.989e-05,376.0,0.01499864
PPT/BTC,1591499475456,2020-06-07T03:11:15.456Z,sell,3.989e-05,97.0,0.00386933
PPT/BTC,1591499491152,2020-06-07T03:11:31.152Z,sell,3.99e-05,204.0,0.0081396
PPT/BTC,1591499832185,2020-06-07T03:17:12.185Z,sell,3.99e-05,126.0,0.0050274000000000004
PPT/BTC,1591499876056,2020-06-07T03:17:56.056Z,buy,4.006e-05,185.0,0.0074110999999999995
PPT/BTC,1591499963295,2020-06-07T03:19:23.295Z,sell,3.99e-05,203.0,0.0080997
PPT/BTC,1591499987902,2020-06-07T03:19:47.902Z,sell,3.99e-05,210.0,0.008379000000000001
PPT/BTC,1591500024370,2020-06-07T03:20:24.370Z,sell,3.99e-05,153.0,0.0061047
PPT/BTC,1591500100358,2020-06-07T03:21:40.358Z,sell,3.99e-05,103.0,0.0041097
PPT/BTC,1591500188234,2020-06-07T03:23:08.234Z,sell,3.99e-05,59.0,0.0023541
PPT/BTC,1591500235464,2020-06-07T03:23:55.464Z,sell,3.99e-05,266.0,0.0106134
PPT/BTC,1591500468166,2020-06-07T03:27:48.166Z,buy,4.007e-05,134.0,0.00536938
PPT/BTC,1591500468166,2020-06-07T03:27:48.166Z,buy,4.01e-05,415.0,0.0166415
PPT/BTC,1591500468166,2020-06-07T03:27:48.166Z,buy,4.014e-05,80.0,0.0032112
PPT/BTC,1591500468166,2020-06-07T03:27:48.166Z,buy,4.015e-05,124.0,0.0049786
PPT/BTC,1591500468166,2020-06-07T03:27:48.166Z,buy,4.016e-05,3.0,0.00012048000000000001
PPT/BTC,1591500468166,2020-06-07T03:27:48.166Z,buy,4.021e-05,3.0,0.00012063000000000002
PPT/BTC,1591500468166,2020-06-07T03:27:48.166Z,buy,4.023e-05,45.0,0.00181035
PPT/BTC,1591500468166,2020-06-07T03:27:48.166Z,buy,4.024e-05,3.0,0.00012072
PPT/BTC,1591500468166,2020-06-07T03:27:48.166Z,buy,4.028e-05,3.0,0.00012084
PPT/BTC,1591500468166,2020-06-07T03:27:48.166Z,buy,4.031e-05,3.0,0.00012093
PPT/BTC,1591500468166,2020-06-07T03:27:48.166Z,buy,4.032e-05,3.0,0.00012096000000000001
PPT/BTC,1591500468166,2020-06-07T03:27:48.166Z,buy,4.035e-05,3.0,0.00012104999999999999
PPT/BTC,1591500468166,2020-06-07T03:27:48.166Z,buy,4.039e-05,3.0,0.00012117
PPT/BTC,1591500468166,2020-06-07T03:27:48.166Z,buy,4.04e-05,254.0,0.0102616
PPT/BTC,1591500468166,2020-06-07T03:27:48.166Z,buy,4.042e-05,2047.0,0.08273974
PPT/BTC,1591500468166,2020-06-07T03:27:48.166Z,buy,4.043e-05,2572.0,0.10398595999999999
PPT/BTC,1591500468166,2020-06-07T03:27:48.166Z,buy,4.044e-05,31.0,0.0012536399999999999
PPT/BTC,1591500468166,2020-06-07T03:27:48.166Z,buy,4.045e-05,25.0,0.00101125
PPT/BTC,1591500468166,2020-06-07T03:27:48.166Z,buy,4.046e-05,2248.0,0.09095408
PPT/BTC,1591500468166,2020-06-07T03:27:48.166Z,buy,4.048e-05,905.0,0.0366344
PPT/BTC,1591500468166,2020-06-07T03:27:48.166Z,buy,4.049e-05,43.0,0.00174107
PPT/BTC,1591500468166,2020-06-07T03:27:48.166Z,buy,4.05e-05,24.0,0.000972
PPT/BTC,1591500468166,2020-06-07T03:27:48.166Z,buy,4.052e-05,2788.0,0.11296975999999999
PPT/BTC,1591500468166,2020-06-07T03:27:48.166Z,buy,4.054e-05,3.0,0.00012162
PPT/BTC,1591500468166,2020-06-07T03:27:48.166Z,buy,4.055e-05,500.0,0.020275
PPT/BTC,1591500468166,2020-06-07T03:27:48.166Z,buy,4.056e-05,3.0,0.00012167999999999999
PPT/BTC,1591500468166,2020-06-07T03:27:48.166Z,buy,4.058e-05,77.0,0.00312466
PPT/BTC,1591500468166,2020-06-07T03:27:48.166Z,buy,4.061e-05,3.0,0.00012182999999999999
PPT/BTC,1591500468166,2020-06-07T03:27:48.166Z,buy,4.063e-05,3.0,0.00012189000000000001
PPT/BTC,1591500468166,2020-06-07T03:27:48.166Z,buy,4.065e-05,159.0,0.00646335
PPT/BTC,1591500470729,2020-06-07T03:27:50.729Z,sell,4.048e-05,3.0,0.00012144
PPT/BTC,1591500472903,2020-06-07T03:27:52.903Z,sell,4.032e-05,3.0,0.00012096000000000001
PPT/BTC,1591500472903,2020-06-07T03:27:52.903Z,sell,4.016e-05,47.0,0.0018875200000000002
PPT/BTC,1591500476708,2020-06-07T03:27:56.708Z,buy,4.048e-05,3.0,0.00012144
PPT/BTC,1591500503628,2020-06-07T03:28:23.628Z,buy,4.05e-05,3.0,0.0001215
PPT/BTC,1591500527190,2020-06-07T03:28:47.190Z,buy,4.05e-05,123.0,0.0049815
PPT/BTC,1591500541726,2020-06-07T03:29:01.726Z,buy,4.05e-05,74.0,0.002997
PPT/BTC,1591500541726,2020-06-07T03:29:01.726Z,buy,4.06e-05,958.0,0.0388948
PPT/BTC,1591500541726,2020-06-07T03:29:01.726Z,buy,4.063e-05,3.0,0.00012189000000000001
PPT/BTC,1591500541726,2020-06-07T03:29:01.726Z,buy,4.064e-05,621.0,0.02523744
PPT/BTC,1591500541726,2020-06-07T03:29:01.726Z,buy,4.065e-05,475.0,0.01930875
PPT/BTC,1591500541726,2020-06-07T03:29:01.726Z,buy,4.068e-05,3.0,0.00012203999999999999
PPT/BTC,1591500541726,2020-06-07T03:29:01.726Z,buy,4.069e-05,1085.0,0.04414865
PPT/BTC,1591500541726,2020-06-07T03:29:01.726Z,buy,4.07e-05,2913.0,0.1185591
PPT/BTC,1591500541726,2020-06-07T03:29:01.726Z,buy,4.073e-05,143.0,0.00582439
PPT/BTC,1591500541726,2020-06-07T03:29:01.726Z,buy,4.074e-05,73.0,0.00297402
PPT/BTC,1591500541726,2020-06-07T03:29:01.726Z,buy,4.076e-05,308.0,0.01255408
PPT/BTC,1591500541726,2020-06-07T03:29:01.726Z,buy,4.077e-05,1651.0,0.06731126999999999
PPT/BTC,1591500541726,2020-06-07T03:29:01.726Z,buy,4.08e-05,2900.0,0.11832000000000001
PPT/BTC,1591500541745,2020-06-07T03:29:01.745Z,sell,4.08e-05,1238.0,0.050510400000000004
PPT/BTC,1591500542052,2020-06-07T03:29:02.052Z,buy,4.05e-05,3.0,0.0001215
PPT/BTC,1591500547354,2020-06-07T03:29:07.354Z,sell,4.048e-05,3.0,0.00012144
PPT/BTC,1591500547354,2020-06-07T03:29:07.354Z,sell,4.044e-05,19.0,0.0007683599999999999
PPT/BTC,1591500547354,2020-06-07T03:29:07.354Z,sell,4.038e-05,34.0,0.0013729200000000001
PPT/BTC,1591500547670,2020-06-07T03:29:07.670Z,sell,4.04e-05,57.0,0.0023028
PPT/BTC,1591500548530,2020-06-07T03:29:08.530Z,sell,4.04e-05,9.0,0.0003636
PPT/BTC,1591500671885,2020-06-07T03:31:11.885Z,buy,4.065e-05,4.0,0.0001626
PPT/BTC,1591500790662,2020-06-07T03:33:10.662Z,buy,4.064e-05,3.0,0.00012192
PPT/BTC,1591500790662,2020-06-07T03:33:10.662Z,buy,4.064e-05,3.0,0.00012192
PPT/BTC,1591501072011,2020-06-07T03:37:52.011Z,buy,4.063e-05,3.0,0.00012189000000000001
PPT/BTC,1591501360030,2020-06-07T03:42:40.030Z,buy,4.062e-05,38.0,0.00154356
PPT/BTC,1591501477487,2020-06-07T03:44:37.487Z,sell,4.048e-05,3.0,0.00012144
PPT/BTC,1591501594500,2020-06-07T03:46:34.500Z,buy,4.062e-05,3.0,0.00012186
PPT/BTC,1591501748089,2020-06-07T03:49:08.089Z,buy,4.062e-05,3.0,0.00012186
PPT/BTC,1591501903913,2020-06-07T03:51:43.913Z,buy,4.062e-05,3.0,0.00012186
PPT/BTC,1591502242110,2020-06-07T03:57:22.110Z,sell,4.04e-05,141.0,0.0056964
PPT/BTC,1591502277302,2020-06-07T03:57:57.302Z,buy,4.05e-05,6.0,0.000243
PPT/BTC,1591502287991,2020-06-07T03:58:07.991Z,buy,4.05e-05,3.0,0.0001215
PPT/BTC,1591502288259,2020-06-07T03:58:08.259Z,sell,4.047e-05,3.0,0.00012140999999999999
PPT/BTC,1591502484673,2020-06-07T04:01:24.673Z,buy,4.049e-05,492.0,0.01992108
PPT/BTC,1591502493002,2020-06-07T04:01:33.002Z,sell,4.049e-05,123.0,0.00498027
PPT/BTC,1591502495535,2020-06-07T04:01:35.535Z,sell,4.04e-05,200.0,0.00808
PPT/BTC,1591502506605,2020-06-07T04:01:46.605Z,sell,4.04e-05,71.0,0.0028684
PPT/BTC,1591503247571,2020-06-07T04:14:07.571Z,sell,4.04e-05,7.0,0.0002828
PPT/BTC,1591503250347,2020-06-07T04:14:10.347Z,sell,4.037e-05,15.0,0.0006055500000000001
PPT/BTC,1591503250347,2020-06-07T04:14:10.347Z,sell,4.032e-05,7.0,0.00028224
PPT/BTC,1591503250347,2020-06-07T04:14:10.347Z,sell,4.03e-05,5.0,0.0002015
PPT/BTC,1591503250347,2020-06-07T04:14:10.347Z,sell,4.025e-05,6.0,0.00024150000000000002
PPT/BTC,1591503250347,2020-06-07T04:14:10.347Z,sell,4.024e-05,3.0,0.00012072
PPT/BTC,1591503250347,2020-06-07T04:14:10.347Z,sell,4.018e-05,164.0,0.00658952
PPT/BTC,1591503251192,2020-06-07T04:14:11.192Z,sell,4.019e-05,4.0,0.00016076
PPT/BTC,1591503251437,2020-06-07T04:14:11.437Z,buy,4.026e-05,4.0,0.00016104
PPT/BTC,1591503252441,2020-06-07T04:14:12.441Z,buy,4.026e-05,70.0,0.0028182
PPT/BTC,1591503253440,2020-06-07T04:14:13.440Z,buy,4.026e-05,4.0,0.00016104
PPT/BTC,1591503254445,2020-06-07T04:14:14.445Z,buy,4.026e-05,4.0,0.00016104
PPT/BTC,1591503255431,2020-06-07T04:14:15.431Z,sell,4.02e-05,14.0,0.0005628
PPT/BTC,1591503285512,2020-06-07T04:14:45.512Z,buy,4.048e-05,3.0,0.00012144
PPT/BTC,1591503362898,2020-06-07T04:16:02.898Z,sell,4.032e-05,3.0,0.00012096000000000001
PPT/BTC,1591503362898,2020-06-07T04:16:02.898Z,sell,4.02e-05,128.0,0.0051456
PPT/BTC,1591504182963,2020-06-07T04:29:42.963Z,buy,4.048e-05,7.0,0.00028335999999999997
PPT/BTC,1591504182963,2020-06-07T04:29:42.963Z,buy,4.048e-05,7.0,0.00028335999999999997
PPT/BTC,1591504604772,2020-06-07T04:36:44.772Z,sell,4.024e-05,131.0,0.0052714400000000005
PPT/BTC,1591505157731,2020-06-07T04:45:57.731Z,buy,4.044e-05,781.0,0.031583639999999996
PPT/BTC,1591505157731,2020-06-07T04:45:57.731Z,buy,4.045e-05,30.0,0.0012135
PPT/BTC,1591505157750,2020-06-07T04:45:57.750Z,buy,4.045e-05,15.0,0.00060675
PPT/BTC,1591505158756,2020-06-07T04:45:58.756Z,buy,4.048e-05,3.0,0.00012144
PPT/BTC,1591505372192,2020-06-07T04:49:32.192Z,buy,4.05e-05,3.0,0.0001215
PPT/BTC,1591505375511,2020-06-07T04:49:35.511Z,buy,4.05e-05,3.0,0.0001215
PPT/BTC,1591505580714,2020-06-07T04:53:00.714Z,buy,4.048e-05,100.0,0.0040479999999999995
PPT/BTC,1591505741735,2020-06-07T04:55:41.735Z,sell,4.045e-05,126.0,0.0050967
PPT/BTC,1591506044065,2020-06-07T05:00:44.065Z,sell,4.045e-05,1232.0,0.0498344
PPT/BTC,1591506044079,2020-06-07T05:00:44.079Z,sell,4.045e-05,778.0,0.0314701
PPT/BTC,1591506044400,2020-06-07T05:00:44.400Z,sell,4.045e-05,43.0,0.00173935
PPT/BTC,1591506538522,2020-06-07T05:08:58.522Z,sell,4.032e-05,3.0,0.00012096000000000001
PPT/BTC,1591506538522,2020-06-07T05:08:58.522Z,sell,4.024e-05,116.0,0.00466784
PPT/BTC,1591506538522,2020-06-07T05:08:58.522Z,sell,4.024e-05,42.0,0.00169008
PPT/BTC,1591507210716,2020-06-07T05:20:10.716Z,sell,4.037e-05,3.0,0.00012111000000000001
PPT/BTC,1591507210716,2020-06-07T05:20:10.716Z,sell,4.025e-05,2.0,8.05e-05
PPT/BTC,1591507442874,2020-06-07T05:24:02.874Z,sell,4.029e-05,453.0,0.01825137
PPT/BTC,1591507442874,2020-06-07T05:24:02.874Z,sell,4.029e-05,453.0,0.01825137
PPT/BTC,1591510413737,2020-06-07T06:13:33.737Z,sell,4.033e-05,14.0,0.00056462
PPT/BTC,1591510413737,2020-06-07T06:13:33.737Z,sell,4.032e-05,15.0,0.0006048
PPT/BTC,1591510812387,2020-06-07T06:20:12.387Z,buy,4.048e-05,6.0,0.00024288
PPT/BTC,1591510812387,2020-06-07T06:20:12.387Z,buy,4.048e-05,6.0,0.00024288
PPT/BTC,1591511215472,2020-06-07T06:26:55.472Z,buy,4.049e-05,520.0,0.0210548
PPT/BTC,1591511215472,2020-06-07T06:26:55.472Z,buy,4.05e-05,580.0,0.02349
PPT/BTC,1591511216720,2020-06-07T06:26:56.720Z,buy,4.05e-05,6.0,0.000243
PPT/BTC,1591511373910,2020-06-07T06:29:33.910Z,buy,4.05e-05,122.0,0.004941
PPT/BTC,1591511373910,2020-06-07T06:29:33.910Z,buy,4.053e-05,1256.0,0.05090568
PPT/BTC,1591511416775,2020-06-07T06:30:16.775Z,buy,4.053e-05,1388.0,0.05625564
PPT/BTC,1591511474803,2020-06-07T06:31:14.803Z,buy,4.053e-05,1123.0,0.04551519
PPT/BTC,1591511512116,2020-06-07T06:31:52.116Z,buy,4.053e-05,414.0,0.01677942
PPT/BTC,1591511574598,2020-06-07T06:32:54.598Z,buy,4.04e-05,743.0,0.0300172
PPT/BTC,1591511971651,2020-06-07T06:39:31.651Z,sell,4.052e-05,155.0,0.0062806
PPT/BTC,1591512114642,2020-06-07T06:41:54.642Z,buy,4.055e-05,14.0,0.0005677000000000001
PPT/BTC,1591512114642,2020-06-07T06:41:54.642Z,buy,4.057e-05,751.0,0.03046807
PPT/BTC,1591512114642,2020-06-07T06:41:54.642Z,buy,4.058e-05,4.0,0.00016232
PPT/BTC,1591512114642,2020-06-07T06:41:54.642Z,buy,4.06e-05,10.0,0.000406
PPT/BTC,1591512114642,2020-06-07T06:41:54.642Z,buy,4.061e-05,3.0,0.00012182999999999999
PPT/BTC,1591512114642,2020-06-07T06:41:54.642Z,buy,4.062e-05,3.0,0.00012186
PPT/BTC,1591512114642,2020-06-07T06:41:54.642Z,buy,4.063e-05,3.0,0.00012189000000000001
PPT/BTC,1591512114642,2020-06-07T06:41:54.642Z,buy,4.065e-05,3.0,0.00012195
PPT/BTC,1591512114642,2020-06-07T06:41:54.642Z,buy,4.067e-05,45.0,0.00183015
PPT/BTC,1591512114642,2020-06-07T06:41:54.642Z,buy,4.068e-05,3.0,0.00012203999999999999
PPT/BTC,1591512114642,2020-06-07T06:41:54.642Z,buy,4.07e-05,34.0,0.0013838
PPT/BTC,1591512114642,2020-06-07T06:41:54.642Z,buy,4.071e-05,15.0,0.00061065
PPT/BTC,1591512114642,2020-06-07T06:41:54.642Z,buy,4.073e-05,27.0,0.0010997099999999998
PPT/BTC,1591512114642,2020-06-07T06:41:54.642Z,buy,4.076e-05,3.0,0.00012228
PPT/BTC,1591512114642,2020-06-07T06:41:54.642Z,buy,4.077e-05,82.0,0.0033431399999999997
PPT/BTC,1591512122049,2020-06-07T06:42:02.049Z,buy,4.078e-05,3.0,0.00012234
PPT/BTC,1591512131782,2020-06-07T06:42:11.782Z,buy,4.078e-05,951.0,0.03878178
PPT/BTC,1591512131791,2020-06-07T06:42:11.791Z,sell,4.078e-05,49.0,0.0019982199999999998
PPT/BTC,1591512143025,2020-06-07T06:42:23.025Z,buy,4.081e-05,123.0,0.00501963
PPT/BTC,1591512144619,2020-06-07T06:42:24.619Z,sell,4.078e-05,123.0,0.00501594
PPT/BTC,1591512144687,2020-06-07T06:42:24.687Z,sell,4.078e-05,200.0,0.008156
PPT/BTC,1591512144687,2020-06-07T06:42:24.687Z,sell,4.078e-05,628.0,0.02560984
PPT/BTC,1591512159602,2020-06-07T06:42:39.602Z,buy,4.081e-05,74.0,0.0030199399999999996
PPT/BTC,1591512159602,2020-06-07T06:42:39.602Z,buy,4.083e-05,18.0,0.00073494
PPT/BTC,1591512159602,2020-06-07T06:42:39.602Z,buy,4.084e-05,183.0,0.0074737200000000005
PPT/BTC,1591512159602,2020-06-07T06:42:39.602Z,buy,4.085e-05,2406.0,0.09828509999999999
PPT/BTC,1591512159602,2020-06-07T06:42:39.602Z,buy,4.086e-05,694.0,0.028356839999999998
PPT/BTC,1591512162442,2020-06-07T06:42:42.442Z,buy,4.086e-05,4.0,0.00016344
PPT/BTC,1591512173173,2020-06-07T06:42:53.173Z,buy,4.086e-05,254.0,0.01037844
PPT/BTC,1591512173190,2020-06-07T06:42:53.190Z,sell,4.088e-05,316.0,0.01291808
PPT/BTC,1591512173192,2020-06-07T06:42:53.192Z,sell,4.088e-05,430.0,0.0175784
PPT/BTC,1591512182933,2020-06-07T06:43:02.933Z,sell,4.071e-05,43.0,0.0017505300000000001
PPT/BTC,1591512185325,2020-06-07T06:43:05.325Z,buy,4.085e-05,83.0,0.0033905499999999996
PPT/BTC,1591512185390,2020-06-07T06:43:05.390Z,sell,4.088e-05,917.0,0.03748696
PPT/BTC,1591512196198,2020-06-07T06:43:16.198Z,sell,4.088e-05,869.0,0.03552472
PPT/BTC,1591512215714,2020-06-07T06:43:35.714Z,sell,4.088e-05,87.0,0.0035565600000000003
PPT/BTC,1591512215961,2020-06-07T06:43:35.961Z,buy,4.089e-05,513.0,0.02097657
PPT/BTC,1591512222768,2020-06-07T06:43:42.768Z,sell,4.088e-05,49.0,0.00200312
PPT/BTC,1591512223053,2020-06-07T06:43:43.053Z,sell,4.088e-05,27.0,0.00110376
PPT/BTC,1591512275058,2020-06-07T06:44:35.058Z,buy,4.09e-05,10.0,0.00040899999999999997
PPT/BTC,1591512275058,2020-06-07T06:44:35.058Z,buy,4.091e-05,6.0,0.00024545999999999997
PPT/BTC,1591512275058,2020-06-07T06:44:35.058Z,buy,4.092e-05,1884.0,0.07709328
PPT/BTC,1591512291611,2020-06-07T06:44:51.611Z,buy,4.093e-05,50.0,0.0020465
PPT/BTC,1591512291611,2020-06-07T06:44:51.611Z,buy,4.094e-05,329.0,0.013469259999999999
PPT/BTC,1591512326856,2020-06-07T06:45:26.856Z,buy,4.094e-05,546.0,0.02235324
PPT/BTC,1591512339434,2020-06-07T06:45:39.434Z,buy,4.094e-05,768.0,0.03144192
PPT/BTC,1591512349682,2020-06-07T06:45:49.682Z,buy,4.094e-05,100.0,0.0040939999999999995
PPT/BTC,1591512383256,2020-06-07T06:46:23.256Z,buy,4.094e-05,374.0,0.015311559999999998
PPT/BTC,1591512383330,2020-06-07T06:46:23.330Z,buy,4.094e-05,3842.0,0.15729147999999998
PPT/BTC,1591512387782,2020-06-07T06:46:27.782Z,buy,4.094e-05,374.0,0.015311559999999998
PPT/BTC,1591512403551,2020-06-07T06:46:43.551Z,buy,4.094e-05,3.0,0.00012282
PPT/BTC,1591512420534,2020-06-07T06:47:00.534Z,buy,4.094e-05,277.0,0.011340379999999999
PPT/BTC,1591512426833,2020-06-07T06:47:06.833Z,buy,4.094e-05,241.0,0.00986654
PPT/BTC,1591512453047,2020-06-07T06:47:33.047Z,buy,4.094e-05,25.0,0.0010234999999999999
PPT/BTC,1591512465123,2020-06-07T06:47:45.123Z,buy,4.094e-05,324.0,0.01326456
PPT/BTC,1591512466052,2020-06-07T06:47:46.052Z,buy,4.094e-05,25.0,0.0010234999999999999
PPT/BTC,1591512478260,2020-06-07T06:47:58.260Z,buy,4.094e-05,10.0,0.0004094
PPT/BTC,1591512480589,2020-06-07T06:48:00.589Z,buy,4.094e-05,368.0,0.01506592
PPT/BTC,1591512484438,2020-06-07T06:48:04.438Z,buy,4.094e-05,10.0,0.0004094
PPT/BTC,1591512492910,2020-06-07T06:48:12.910Z,buy,4.094e-05,10.0,0.0004094
PPT/BTC,1591512500779,2020-06-07T06:48:20.779Z,buy,4.094e-05,11.0,0.00045034
PPT/BTC,1591512506433,2020-06-07T06:48:26.433Z,buy,4.094e-05,11.0,0.00045034
PPT/BTC,1591512516293,2020-06-07T06:48:36.293Z,buy,4.094e-05,20.0,0.0008188
PPT/BTC,1591512527502,2020-06-07T06:48:47.502Z,buy,4.094e-05,8.0,0.00032752
PPT/BTC,1591512538131,2020-06-07T06:48:58.131Z,buy,4.094e-05,368.0,0.01506592
PPT/BTC,1591512542444,2020-06-07T06:49:02.444Z,buy,4.094e-05,115.0,0.0047081
PPT/BTC,1591512567399,2020-06-07T06:49:27.399Z,buy,4.094e-05,374.0,0.015311559999999998
PPT/BTC,1591512569504,2020-06-07T06:49:29.504Z,buy,4.094e-05,7.0,0.00028658
PPT/BTC,1591512584560,2020-06-07T06:49:44.560Z,buy,4.094e-05,5.0,0.0002047
PPT/BTC,1591512593099,2020-06-07T06:49:53.099Z,buy,4.094e-05,327.0,0.013387379999999999
PPT/BTC,1591512599115,2020-06-07T06:49:59.115Z,buy,4.094e-05,13.0,0.0005322199999999999
PPT/BTC,1591512614406,2020-06-07T06:50:14.406Z,buy,4.094e-05,21.0,0.0008597399999999999
PPT/BTC,1591512646233,2020-06-07T06:50:46.233Z,buy,4.094e-05,40.0,0.0016376
PPT/BTC,1591512653650,2020-06-07T06:50:53.650Z,buy,4.094e-05,100.0,0.0040939999999999995
PPT/BTC,1591512673093,2020-06-07T06:51:13.093Z,buy,4.094e-05,6.0,0.00024564
PPT/BTC,1591512682441,2020-06-07T06:51:22.441Z,buy,4.094e-05,6.0,0.00024564
PPT/BTC,1591512683846,2020-06-07T06:51:23.846Z,buy,4.094e-05,344.0,0.01408336
PPT/BTC,1591512699698,2020-06-07T06:51:39.698Z,buy,4.094e-05,17.0,0.0006959799999999999
PPT/BTC,1591512724398,2020-06-07T06:52:04.398Z,buy,4.094e-05,247.0,0.01011218
PPT/BTC,1591512727216,2020-06-07T06:52:07.216Z,buy,4.094e-05,16.0,0.00065504
PPT/BTC,1591512739242,2020-06-07T06:52:19.242Z,buy,4.094e-05,23.0,0.00094162
PPT/BTC,1591512741179,2020-06-07T06:52:21.179Z,buy,4.094e-05,374.0,0.015311559999999998
PPT/BTC,1591512754498,2020-06-07T06:52:34.498Z,buy,4.094e-05,44.0,0.00180136
PPT/BTC,1591512765321,2020-06-07T06:52:45.321Z,buy,4.093e-05,5.0,0.00020465000000000001
PPT/BTC,1591512765321,2020-06-07T06:52:45.321Z,buy,4.094e-05,53.0,0.00216982
PPT/BTC,1591512768068,2020-06-07T06:52:48.068Z,buy,4.093e-05,102.0,0.004174860000000001
PPT/BTC,1591512773684,2020-06-07T06:52:53.684Z,buy,4.093e-05,362.0,0.01481666
PPT/BTC,1591512795907,2020-06-07T06:53:15.907Z,buy,4.093e-05,124.0,0.00507532
PPT/BTC,1591512797982,2020-06-07T06:53:17.982Z,buy,4.093e-05,28.0,0.00114604
PPT/BTC,1591512797982,2020-06-07T06:53:17.982Z,buy,4.094e-05,346.0,0.014165239999999999
PPT/BTC,1591512808585,2020-06-07T06:53:28.585Z,buy,4.094e-05,249.0,0.01019406
PPT/BTC,1591512820289,2020-06-07T06:53:40.289Z,buy,4.094e-05,100.0,0.0040939999999999995
PPT/BTC,1591512830110,2020-06-07T06:53:50.110Z,buy,4.094e-05,100.0,0.0040939999999999995
PPT/BTC,1591512835428,2020-06-07T06:53:55.428Z,buy,4.094e-05,57.0,0.00233358
PPT/BTC,1591512848075,2020-06-07T06:54:08.075Z,buy,4.094e-05,374.0,0.015311559999999998
PPT/BTC,1591512934465,2020-06-07T06:55:34.465Z,buy,4.094e-05,374.0,0.015311559999999998
PPT/BTC,1591512938711,2020-06-07T06:55:38.711Z,sell,4.088e-05,498.0,0.02035824
PPT/BTC,1591512998719,2020-06-07T06:56:38.719Z,sell,4.089e-05,49.0,0.0020036100000000003
PPT/BTC,1591513112113,2020-06-07T06:58:32.113Z,sell,4.089e-05,231.0,0.00944559
PPT/BTC,1591513210955,2020-06-07T07:00:10.955Z,sell,4.089e-05,3.0,0.00012267000000000002
PPT/BTC,1591513256575,2020-06-07T07:00:56.575Z,sell,4.089e-05,144.0,0.005888160000000001
PPT/BTC,1591513276606,2020-06-07T07:01:16.606Z,sell,4.089e-05,22.0,0.0008995800000000001
PPT/BTC,1591513288922,2020-06-07T07:01:28.922Z,sell,4.088e-05,982.0,0.04014416
PPT/BTC,1591513288922,2020-06-07T07:01:28.922Z,sell,4.087e-05,246.0,0.01005402
PPT/BTC,1591513288922,2020-06-07T07:01:28.922Z,sell,4.077e-05,15.0,0.00061155
PPT/BTC,1591513288922,2020-06-07T07:01:28.922Z,sell,4.073e-05,756.0,0.030791879999999997
PPT/BTC,1591513288922,2020-06-07T07:01:28.922Z,sell,4.07e-05,503.0,0.0204721
PPT/BTC,1591513290499,2020-06-07T07:01:30.499Z,sell,4.07e-05,21.0,0.0008547
PPT/BTC,1591513290953,2020-06-07T07:01:30.953Z,sell,4.07e-05,5.0,0.0002035
PPT/BTC,1591513306974,2020-06-07T07:01:46.974Z,sell,4.07e-05,128.0,0.0052096
PPT/BTC,1591513306974,2020-06-07T07:01:46.974Z,sell,4.065e-05,3.0,0.00012195
PPT/BTC,1591513306974,2020-06-07T07:01:46.974Z,sell,4.06e-05,5.0,0.000203
PPT/BTC,1591513306974,2020-06-07T07:01:46.974Z,sell,4.058e-05,202.0,0.00819716
PPT/BTC,1591513306974,2020-06-07T07:01:46.974Z,sell,4.056e-05,3.0,0.00012167999999999999
PPT/BTC,1591513306974,2020-06-07T07:01:46.974Z,sell,4.051e-05,36.0,0.00145836
PPT/BTC,1591513333578,2020-06-07T07:02:13.578Z,buy,4.078e-05,3.0,0.00012234
PPT/BTC,1591513342064,2020-06-07T07:02:22.064Z,buy,4.078e-05,3.0,0.00012234
PPT/BTC,1591513632209,2020-06-07T07:07:12.209Z,sell,4.07e-05,13.0,0.0005291
PPT/BTC,1591513653141,2020-06-07T07:07:33.141Z,buy,4.07e-05,3.0,0.00012209999999999999
PPT/BTC,1591513654674,2020-06-07T07:07:34.674Z,buy,4.07e-05,3.0,0.00012209999999999999
PPT/BTC,1591513759952,2020-06-07T07:09:19.952Z,buy,4.07e-05,26.0,0.0010582
PPT/BTC,1591513773460,2020-06-07T07:09:33.460Z,buy,4.078e-05,226.0,0.00921628
PPT/BTC,1591514001391,2020-06-07T07:13:21.391Z,buy,4.081e-05,3.0,0.00012242999999999998
PPT/BTC,1591514317374,2020-06-07T07:18:37.374Z,buy,4.083e-05,3.0,0.00012249
PPT/BTC,1591514320361,2020-06-07T07:18:40.361Z,buy,4.084e-05,3.0,0.00012252
PPT/BTC,1591514322191,2020-06-07T07:18:42.191Z,buy,4.087e-05,6.0,0.00024522
PPT/BTC,1591514335253,2020-06-07T07:18:55.253Z,buy,4.091e-05,6.0,0.00024545999999999997
PPT/BTC,1591514336250,2020-06-07T07:18:56.250Z,buy,4.092e-05,21.0,0.00085932
PPT/BTC,1591514336250,2020-06-07T07:18:56.250Z,buy,4.092e-05,21.0,0.00085932
PPT/BTC,1591514445383,2020-06-07T07:20:45.383Z,sell,4.083e-05,6.0,0.00024498
PPT/BTC,1591514499426,2020-06-07T07:21:39.426Z,sell,4.083e-05,253.0,0.01032999
PPT/BTC,1591514731302,2020-06-07T07:25:31.302Z,buy,4.094e-05,164.0,0.006714159999999999
PPT/BTC,1591514786478,2020-06-07T07:26:26.478Z,buy,4.094e-05,3.0,0.00012282
PPT/BTC,1591514852941,2020-06-07T07:27:32.941Z,buy,4.094e-05,586.0,0.02399084
PPT/BTC,1591514893163,2020-06-07T07:28:13.163Z,buy,4.094e-05,7327.0,0.29996738
PPT/BTC,1591515325802,2020-06-07T07:35:25.802Z,buy,4.094e-05,3.0,0.00012282
PPT/BTC,1591515353411,2020-06-07T07:35:53.411Z,buy,4.094e-05,523.0,0.02141162
PPT/BTC,1591515356336,2020-06-07T07:35:56.336Z,buy,4.094e-05,3.0,0.00012282
PPT/BTC,1591515358229,2020-06-07T07:35:58.229Z,buy,4.094e-05,252.0,0.010316879999999999
PPT/BTC,1591515362789,2020-06-07T07:36:02.789Z,buy,4.094e-05,1572.0,0.06435768
PPT/BTC,1591515389154,2020-06-07T07:36:29.154Z,buy,4.094e-05,3.0,0.00012282
PPT/BTC,1591515394799,2020-06-07T07:36:34.799Z,buy,4.094e-05,500.0,0.02047
PPT/BTC,1591515398899,2020-06-07T07:36:38.899Z,buy,4.094e-05,100.0,0.0040939999999999995
PPT/BTC,1591515412601,2020-06-07T07:36:52.601Z,buy,4.094e-05,868.0,0.03553592
PPT/BTC,1591515418839,2020-06-07T07:36:58.839Z,buy,4.094e-05,49.0,0.00200606
PPT/BTC,1591515421377,2020-06-07T07:37:01.377Z,buy,4.094e-05,289.0,0.011831659999999999
PPT/BTC,1591515425273,2020-06-07T07:37:05.273Z,buy,4.094e-05,100.0,0.0040939999999999995
PPT/BTC,1591515439250,2020-06-07T07:37:19.250Z,buy,4.094e-05,99.0,0.00405306
PPT/BTC,1591515511878,2020-06-07T07:38:31.878Z,buy,4.094e-05,59.0,0.00241546
PPT/BTC,1591515529472,2020-06-07T07:38:49.472Z,buy,4.094e-05,3.0,0.00012282
PPT/BTC,1591515598735,2020-06-07T07:39:58.735Z,buy,4.094e-05,2500.0,0.10235
PPT/BTC,1591515771758,2020-06-07T07:42:51.758Z,buy,4.094e-05,838.0,0.03430772
PPT/BTC,1591515776957,2020-06-07T07:42:56.957Z,sell,4.084e-05,171.0,0.00698364
PPT/BTC,1591515778876,2020-06-07T07:42:58.876Z,buy,4.094e-05,99.0,0.00405306
PPT/BTC,1591515902712,2020-06-07T07:45:02.712Z,sell,4.084e-05,203.0,0.008290520000000001
PPT/BTC,1591516788854,2020-06-07T07:59:48.854Z,buy,4.094e-05,736.0,0.03013184
PPT/BTC,1591516797122,2020-06-07T07:59:57.122Z,buy,4.094e-05,906.0,0.037091639999999995
PPT/BTC,1591516802724,2020-06-07T08:00:02.724Z,buy,4.094e-05,85.0,0.0034798999999999997
PPT/BTC,1591516803628,2020-06-07T08:00:03.628Z,buy,4.094e-05,229.0,0.00937526
PPT/BTC,1591517425953,2020-06-07T08:10:25.953Z,buy,4.094e-05,336.0,0.013755839999999998
PPT/BTC,1591517536184,2020-06-07T08:12:16.184Z,buy,4.094e-05,3.0,0.00012282
PPT/BTC,1591517781645,2020-06-07T08:16:21.645Z,buy,4.094e-05,3.0,0.00012282
PPT/BTC,1591517840888,2020-06-07T08:17:20.888Z,buy,4.094e-05,74.0,0.0030295599999999997
PPT/BTC,1591517840888,2020-06-07T08:17:20.888Z,buy,4.094e-05,74.0,0.0030295599999999997
PPT/BTC,1591518076651,2020-06-07T08:21:16.651Z,buy,4.094e-05,145.0,0.005936299999999999
PPT/BTC,1591518214237,2020-06-07T08:23:34.237Z,buy,4.094e-05,228.0,0.00933432
PPT/BTC,1591518535041,2020-06-07T08:28:55.041Z,sell,4.086e-05,6.0,0.00024516
PPT/BTC,1591518571494,2020-06-07T08:29:31.494Z,sell,4.086e-05,11.0,0.00044946
PPT/BTC,1591518629224,2020-06-07T08:30:29.224Z,buy,4.094e-05,6.0,0.00024564
PPT/BTC,1591518744030,2020-06-07T08:32:24.030Z,buy,4.094e-05,752.0,0.03078688
PPT/BTC,1591518780342,2020-06-07T08:33:00.342Z,buy,4.094e-05,891.0,0.036477539999999996
PPT/BTC,1591518801174,2020-06-07T08:33:21.174Z,buy,4.094e-05,8.0,0.00032752
PPT/BTC,1591518815079,2020-06-07T08:33:35.079Z,buy,4.094e-05,387.0,0.01584378
PPT/BTC,1591518849748,2020-06-07T08:34:09.748Z,buy,4.094e-05,441.0,0.018054539999999997
PPT/BTC,1591518857244,2020-06-07T08:34:17.244Z,buy,4.094e-05,3681.0,0.15070013999999998
PPT/BTC,1591518890228,2020-06-07T08:34:50.228Z,buy,4.094e-05,2955.0,0.1209777
PPT/BTC,1591518977333,2020-06-07T08:36:17.333Z,buy,4.097e-05,3.0,0.00012291
PPT/BTC,1591518977333,2020-06-07T08:36:17.333Z,buy,4.098e-05,6.0,0.00024587999999999997
PPT/BTC,1591518977333,2020-06-07T08:36:17.333Z,buy,4.099e-05,4.0,0.00016396
PPT/BTC,1591518980522,2020-06-07T08:36:20.522Z,sell,4.094e-05,123.0,0.005035619999999999
PPT/BTC,1591519019962,2020-06-07T08:36:59.962Z,buy,4.099e-05,2974.0,0.12190426
PPT/BTC,1591519041466,2020-06-07T08:37:21.466Z,buy,4.097e-05,3.0,0.00012291
PPT/BTC,1591519045925,2020-06-07T08:37:25.925Z,buy,4.099e-05,575.0,0.02356925
PPT/BTC,1591519102274,2020-06-07T08:38:22.274Z,sell,4.086e-05,5.0,0.00020429999999999998
PPT/BTC,1591519126685,2020-06-07T08:38:46.685Z,buy,4.1e-05,6.0,0.000246
PPT/BTC,1591519126685,2020-06-07T08:38:46.685Z,buy,4.102e-05,19.0,0.00077938
PPT/BTC,1591519126685,2020-06-07T08:38:46.685Z,buy,4.103e-05,8.0,0.00032824
PPT/BTC,1591519126685,2020-06-07T08:38:46.685Z,buy,4.104e-05,49.0,0.00201096
PPT/BTC,1591519126685,2020-06-07T08:38:46.685Z,buy,4.105e-05,3.0,0.00012315
PPT/BTC,1591519126685,2020-06-07T08:38:46.685Z,buy,4.106e-05,12.0,0.0004927200000000001
PPT/BTC,1591519126685,2020-06-07T08:38:46.685Z,buy,4.108e-05,539.0,0.02214212
PPT/BTC,1591519134815,2020-06-07T08:38:54.815Z,buy,4.108e-05,3.0,0.00012324
PPT/BTC,1591519494575,2020-06-07T08:44:54.575Z,buy,4.1e-05,3.0,0.000123
PPT/BTC,1591519638374,2020-06-07T08:47:18.374Z,buy,4.1e-05,3.0,0.000123
PPT/BTC,1591519638374,2020-06-07T08:47:18.374Z,buy,4.108e-05,70.0,0.0028756
PPT/BTC,1591519834732,2020-06-07T08:50:34.732Z,sell,4.092e-05,73.0,0.00298716
PPT/BTC,1591520078428,2020-06-07T08:54:38.428Z,sell,4.092e-05,584.0,0.02389728
PPT/BTC,1591520122464,2020-06-07T08:55:22.464Z,sell,4.092e-05,45.0,0.0018414
PPT/BTC,1591520124147,2020-06-07T08:55:24.147Z,buy,4.108e-05,6.0,0.00024648
PPT/BTC,1591520219069,2020-06-07T08:56:59.069Z,sell,4.092e-05,44.0,0.0018004800000000001
PPT/BTC,1591520291986,2020-06-07T08:58:11.986Z,buy,4.108e-05,51.0,0.00209508
PPT/BTC,1591520768504,2020-06-07T09:06:08.504Z,sell,4.092e-05,321.0,0.01313532
PPT/BTC,1591520768504,2020-06-07T09:06:08.504Z,sell,4.091e-05,526.0,0.02151866
PPT/BTC,1591520817416,2020-06-07T09:06:57.416Z,sell,4.091e-05,48.0,0.0019636799999999998
PPT/BTC,1591520963446,2020-06-07T09:09:23.446Z,buy,4.108e-05,793.0,0.03257644
PPT/BTC,1591520967852,2020-06-07T09:09:27.852Z,sell,4.108e-05,152.0,0.00624416
PPT/BTC,1591520969963,2020-06-07T09:09:29.963Z,sell,4.091e-05,122.0,0.00499102
PPT/BTC,1591520970630,2020-06-07T09:09:30.630Z,sell,4.091e-05,71.0,0.00290461
PPT/BTC,1591521113480,2020-06-07T09:11:53.480Z,sell,4.09e-05,5.0,0.00020449999999999998
PPT/BTC,1591521113579,2020-06-07T09:11:53.579Z,buy,4.09e-05,69.0,0.0028220999999999997
PPT/BTC,1591521171016,2020-06-07T09:12:51.016Z,sell,4.087e-05,579.0,0.02366373
PPT/BTC,1591521176211,2020-06-07T09:12:56.211Z,buy,4.11e-05,1162.0,0.0477582
PPT/BTC,1591521176284,2020-06-07T09:12:56.284Z,sell,4.11e-05,69.0,0.0028359
PPT/BTC,1591521183688,2020-06-07T09:13:03.688Z,sell,4.087e-05,494.0,0.02018978
PPT/BTC,1591521212473,2020-06-07T09:13:32.473Z,buy,4.112e-05,18.0,0.00074016
PPT/BTC,1591521233643,2020-06-07T09:13:53.643Z,buy,4.113e-05,28.0,0.00115164
PPT/BTC,1591521233643,2020-06-07T09:13:53.643Z,buy,4.114e-05,6.0,0.00024684
PPT/BTC,1591521248374,2020-06-07T09:14:08.374Z,buy,4.115e-05,168.0,0.0069131999999999996
PPT/BTC,1591521255327,2020-06-07T09:14:15.327Z,sell,4.115e-05,679.0,0.02794085
PPT/BTC,1591521270740,2020-06-07T09:14:30.740Z,buy,4.116e-05,328.0,0.01350048
PPT/BTC,1591521284777,2020-06-07T09:14:44.777Z,buy,4.117e-05,497.0,0.02046149
PPT/BTC,1591521361493,2020-06-07T09:16:01.493Z,buy,4.12e-05,178.0,0.0073336
PPT/BTC,1591521371634,2020-06-07T09:16:11.634Z,sell,4.12e-05,198.0,0.0081576
PPT/BTC,1591521380125,2020-06-07T09:16:20.125Z,sell,4.12e-05,1200.0,0.04944
PPT/BTC,1591521400570,2020-06-07T09:16:40.570Z,sell,4.12e-05,46.0,0.0018951999999999999
PPT/BTC,1591521418378,2020-06-07T09:16:58.378Z,buy,4.12e-05,243.0,0.010011599999999999
PPT/BTC,1591521423494,2020-06-07T09:17:03.494Z,sell,4.12e-05,1453.0,0.059863599999999996
PPT/BTC,1591521423494,2020-06-07T09:17:03.494Z,sell,4.12e-05,1453.0,0.059863599999999996
PPT/BTC,1591521447892,2020-06-07T09:17:27.892Z,sell,4.099e-05,318.0,0.013034819999999999
PPT/BTC,1591521454731,2020-06-07T09:17:34.731Z,buy,4.121e-05,3.0,0.00012363
PPT/BTC,1591521454767,2020-06-07T09:17:34.767Z,sell,4.121e-05,14.0,0.00057694
PPT/BTC,1591521475296,2020-06-07T09:17:55.296Z,buy,4.125e-05,75.0,0.00309375
PPT/BTC,1591521475296,2020-06-07T09:17:55.296Z,buy,4.126e-05,244.0,0.01006744
PPT/BTC,1591521475296,2020-06-07T09:17:55.296Z,buy,4.127e-05,3.0,0.00012381000000000002
PPT/BTC,1591521475296,2020-06-07T09:17:55.296Z,buy,4.128e-05,3.0,0.00012384
PPT/BTC,1591521475296,2020-06-07T09:17:55.296Z,buy,4.13e-05,1692.0,0.0698796
PPT/BTC,1591521508006,2020-06-07T09:18:28.006Z,buy,4.13e-05,2421.0,0.0999873
PPT/BTC,1591521650411,2020-06-07T09:20:50.411Z,sell,4.114e-05,244.0,0.01003816
PPT/BTC,1591521930056,2020-06-07T09:25:30.056Z,sell,4.113e-05,3.0,0.00012339
PPT/BTC,1591521930056,2020-06-07T09:25:30.056Z,sell,4.103e-05,15.0,0.00061545
PPT/BTC,1591521930056,2020-06-07T09:25:30.056Z,sell,4.1e-05,43.0,0.001763
PPT/BTC,1591521930056,2020-06-07T09:25:30.056Z,sell,4.099e-05,915.0,0.03750585
PPT/BTC,1591521930056,2020-06-07T09:25:30.056Z,sell,4.098e-05,999.0,0.04093902
PPT/BTC,1591521930056,2020-06-07T09:25:30.056Z,sell,4.097e-05,40.0,0.0016388000000000002
PPT/BTC,1591521931615,2020-06-07T09:25:31.615Z,buy,4.113e-05,3.0,0.00012339
PPT/BTC,1591522698717,2020-06-07T09:38:18.717Z,buy,4.119e-05,6.0,0.00024713999999999997
PPT/BTC,1591522701905,2020-06-07T09:38:21.905Z,sell,4.119e-05,7.0,0.00028833
PPT/BTC,1591522704201,2020-06-07T09:38:24.201Z,sell,4.119e-05,136.0,0.005601839999999999
PPT/BTC,1591522748231,2020-06-07T09:39:08.231Z,sell,4.119e-05,3.0,0.00012356999999999998
PPT/BTC,1591522909836,2020-06-07T09:41:49.836Z,buy,4.12e-05,50.0,0.0020599999999999998
PPT/BTC,1591522909861,2020-06-07T09:41:49.861Z,buy,4.121e-05,11.0,0.00045331
PPT/BTC,1591522910869,2020-06-07T09:41:50.869Z,buy,4.122e-05,22.0,0.00090684
PPT/BTC,1591522911958,2020-06-07T09:41:51.958Z,buy,4.123e-05,10.0,0.00041230000000000005
PPT/BTC,1591522913051,2020-06-07T09:41:53.051Z,buy,4.124e-05,10.0,0.0004124
PPT/BTC,1591522914049,2020-06-07T09:41:54.049Z,buy,4.125e-05,47.0,0.00193875
PPT/BTC,1591522945943,2020-06-07T09:42:25.943Z,buy,4.128e-05,3.0,0.00012384
PPT/BTC,1591523015307,2020-06-07T09:43:35.307Z,buy,4.128e-05,3.0,0.00012384
PPT/BTC,1591523080594,2020-06-07T09:44:40.594Z,buy,4.128e-05,248.0,0.010237439999999999
PPT/BTC,1591523080594,2020-06-07T09:44:40.594Z,buy,4.129e-05,555.0,0.02291595
PPT/BTC,1591523080594,2020-06-07T09:44:40.594Z,buy,4.13e-05,1283.0,0.052987900000000004
PPT/BTC,1591523080594,2020-06-07T09:44:40.594Z,buy,4.132e-05,19.0,0.00078508
PPT/BTC,1591523080594,2020-06-07T09:44:40.594Z,buy,4.133e-05,25.0,0.0010332499999999999
PPT/BTC,1591523080594,2020-06-07T09:44:40.594Z,buy,4.134e-05,3.0,0.00012402
PPT/BTC,1591523080594,2020-06-07T09:44:40.594Z,buy,4.136e-05,3.0,0.00012408
PPT/BTC,1591523080594,2020-06-07T09:44:40.594Z,buy,4.138e-05,15.0,0.0006207
PPT/BTC,1591523080594,2020-06-07T09:44:40.594Z,buy,4.14e-05,235.0,0.009729
PPT/BTC,1591523080594,2020-06-07T09:44:40.594Z,buy,4.141e-05,3.0,0.00012423
PPT/BTC,1591523080594,2020-06-07T09:44:40.594Z,buy,4.143e-05,537.0,0.02224791
PPT/BTC,1591523080594,2020-06-07T09:44:40.594Z,buy,4.145e-05,300.0,0.012435
PPT/BTC,1591523080594,2020-06-07T09:44:40.594Z,buy,4.146e-05,3.0,0.00012438
PPT/BTC,1591523080594,2020-06-07T09:44:40.594Z,buy,4.148e-05,3.0,0.00012444000000000002
PPT/BTC,1591523080594,2020-06-07T09:44:40.594Z,buy,4.149e-05,13.0,0.00053937
PPT/BTC,1591523080594,2020-06-07T09:44:40.594Z,buy,4.15e-05,1729.0,0.0717535
PPT/BTC,1591523085444,2020-06-07T09:44:45.444Z,buy,4.15e-05,4.0,0.000166
PPT/BTC,1591523086262,2020-06-07T09:44:46.262Z,buy,4.15e-05,3.0,0.0001245
PPT/BTC,1591523089174,2020-06-07T09:44:49.174Z,buy,4.149e-05,3.0,0.00012447
PPT/BTC,1591523107226,2020-06-07T09:45:07.226Z,sell,4.132e-05,5.0,0.00020659999999999998
PPT/BTC,1591523107226,2020-06-07T09:45:07.226Z,sell,4.13e-05,3.0,0.0001239
PPT/BTC,1591523107226,2020-06-07T09:45:07.226Z,sell,4.12e-05,29.0,0.0011948
PPT/BTC,1591523129113,2020-06-07T09:45:29.113Z,buy,4.146e-05,3.0,0.00012438
PPT/BTC,1591523129113,2020-06-07T09:45:29.113Z,buy,4.15e-05,786.0,0.032619
PPT/BTC,1591523129113,2020-06-07T09:45:29.113Z,buy,4.151e-05,78.0,0.00323778
PPT/BTC,1591523129113,2020-06-07T09:45:29.113Z,buy,4.153e-05,4168.0,0.17309703999999998
PPT/BTC,1591523129230,2020-06-07T09:45:29.230Z,buy,4.155e-05,7.0,0.00029085
PPT/BTC,1591523129373,2020-06-07T09:45:29.373Z,sell,4.153e-05,161.0,0.00668633
PPT/BTC,1591523143306,2020-06-07T09:45:43.306Z,sell,4.13e-05,3.0,0.0001239
PPT/BTC,1591523143306,2020-06-07T09:45:43.306Z,sell,4.126e-05,48.0,0.00198048
PPT/BTC,1591523144135,2020-06-07T09:45:44.135Z,buy,4.146e-05,3.0,0.00012438
PPT/BTC,1591523151068,2020-06-07T09:45:51.068Z,sell,4.13e-05,3.0,0.0001239
PPT/BTC,1591523151088,2020-06-07T09:45:51.088Z,buy,4.13e-05,55.0,0.0022715
PPT/BTC,1591523152038,2020-06-07T09:45:52.038Z,buy,4.146e-05,3.0,0.00012438
PPT/BTC,1591523162853,2020-06-07T09:46:02.853Z,sell,4.131e-05,206.0,0.008509860000000001
PPT/BTC,1591523164501,2020-06-07T09:46:04.501Z,buy,4.158e-05,87.0,0.00361746
PPT/BTC,1591523164501,2020-06-07T09:46:04.501Z,buy,4.159e-05,3.0,0.00012477
PPT/BTC,1591523164501,2020-06-07T09:46:04.501Z,buy,4.161e-05,3.0,0.00012483
PPT/BTC,1591523164501,2020-06-07T09:46:04.501Z,buy,4.162e-05,57.0,0.0023723399999999997
PPT/BTC,1591523167946,2020-06-07T09:46:07.946Z,sell,4.146e-05,3.0,0.00012438
PPT/BTC,1591523167946,2020-06-07T09:46:07.946Z,sell,4.132e-05,348.0,0.014379359999999999
PPT/BTC,1591523167946,2020-06-07T09:46:07.946Z,sell,4.131e-05,2569.0,0.10612539
PPT/BTC,1591523169265,2020-06-07T09:46:09.265Z,sell,4.134e-05,12.0,0.00049608
PPT/BTC,1591523170525,2020-06-07T09:46:10.525Z,buy,4.161e-05,329.0,0.013689690000000001
PPT/BTC,1591523170525,2020-06-07T09:46:10.525Z,buy,4.162e-05,979.0,0.04074598
PPT/BTC,1591523170745,2020-06-07T09:46:10.745Z,sell,4.162e-05,3.0,0.00012486
PPT/BTC,1591523172235,2020-06-07T09:46:12.235Z,sell,4.162e-05,4.0,0.00016648
PPT/BTC,1591523173326,2020-06-07T09:46:13.326Z,sell,4.162e-05,4.0,0.00016648
PPT/BTC,1591523176446,2020-06-07T09:46:16.446Z,buy,4.163e-05,3.0,0.00012489
PPT/BTC,1591523176446,2020-06-07T09:46:16.446Z,buy,4.166e-05,10.0,0.0004166
PPT/BTC,1591523177804,2020-06-07T09:46:17.804Z,sell,4.162e-05,31.0,0.00129022
PPT/BTC,1591523178390,2020-06-07T09:46:18.390Z,sell,4.162e-05,262.0,0.01090444
PPT/BTC,1591523179074,2020-06-07T09:46:19.074Z,sell,4.162e-05,515.0,0.0214343
PPT/BTC,1591523179256,2020-06-07T09:46:19.256Z,sell,4.162e-05,47.0,0.00195614
PPT/BTC,1591523181053,2020-06-07T09:46:21.053Z,sell,4.146e-05,3.0,0.00012438
PPT/BTC,1591523181156,2020-06-07T09:46:21.156Z,buy,4.136e-05,22.0,0.0009099199999999999
PPT/BTC,1591523191062,2020-06-07T09:46:31.062Z,buy,4.134e-05,4.0,0.00016536
PPT/BTC,1591523195039,2020-06-07T09:46:35.039Z,buy,4.134e-05,2.0,8.268e-05
PPT/BTC,1591523195039,2020-06-07T09:46:35.039Z,buy,4.16e-05,2.0,8.32e-05
PPT/BTC,1591523234195,2020-06-07T09:47:14.195Z,buy,4.161e-05,3.0,0.00012483
PPT/BTC,1591523254437,2020-06-07T09:47:34.437Z,buy,4.161e-05,6.0,0.00024966
PPT/BTC,1591523258821,2020-06-07T09:47:38.821Z,buy,4.161e-05,3.0,0.00012483
PPT/BTC,1591523349298,2020-06-07T09:49:09.298Z,buy,4.161e-05,840.0,0.0349524
PPT/BTC,1591523358493,2020-06-07T09:49:18.493Z,buy,4.161e-05,3.0,0.00012483
PPT/BTC,1591523389716,2020-06-07T09:49:49.716Z,buy,4.161e-05,25.0,0.0010402500000000002
PPT/BTC,1591523390318,2020-06-07T09:49:50.318Z,sell,4.155e-05,5.0,0.00020775
PPT/BTC,1591523535577,2020-06-07T09:52:15.577Z,buy,4.161e-05,3.0,0.00012483
PPT/BTC,1591523668903,2020-06-07T09:54:28.903Z,sell,4.146e-05,5.0,0.0002073
PPT/BTC,1591523668903,2020-06-07T09:54:28.903Z,sell,4.135e-05,15.0,0.00062025
PPT/BTC,1591523668903,2020-06-07T09:54:28.903Z,sell,4.134e-05,129.0,0.00533286
PPT/BTC,1591523670560,2020-06-07T09:54:30.560Z,sell,4.134e-05,3.0,0.00012402
PPT/BTC,1591524041541,2020-06-07T10:00:41.541Z,sell,4.14e-05,29.0,0.0012005999999999998
PPT/BTC,1591524120296,2020-06-07T10:02:00.296Z,buy,4.16e-05,24.0,0.0009984
PPT/BTC,1591524447066,2020-06-07T10:07:27.066Z,buy,4.16e-05,1740.0,0.072384
PPT/BTC,1591524447126,2020-06-07T10:07:27.126Z,buy,4.161e-05,98.0,0.0040777800000000005
PPT/BTC,1591524448127,2020-06-07T10:07:28.127Z,buy,4.162e-05,3.0,0.00012486
PPT/BTC,1591524449131,2020-06-07T10:07:29.131Z,buy,4.166e-05,8.0,0.00033328
PPT/BTC,1591524450158,2020-06-07T10:07:30.158Z,buy,4.169e-05,4.0,0.00016676
PPT/BTC,1591524452268,2020-06-07T10:07:32.268Z,buy,4.169e-05,6.0,0.00025014000000000004
PPT/BTC,1591524469668,2020-06-07T10:07:49.668Z,sell,4.16e-05,100.0,0.0041600000000000005
PPT/BTC,1591524475208,2020-06-07T10:07:55.208Z,buy,4.169e-05,3.0,0.00012507000000000002
PPT/BTC,1591524537611,2020-06-07T10:08:57.611Z,buy,4.169e-05,1987.0,0.08283803
PPT/BTC,1591524537611,2020-06-07T10:08:57.611Z,buy,4.17e-05,9.0,0.00037529999999999996
PPT/BTC,1591524703574,2020-06-07T10:11:43.574Z,buy,4.169e-05,4.0,0.00016676
PPT/BTC,1591524703574,2020-06-07T10:11:43.574Z,buy,4.17e-05,14.0,0.0005838
PPT/BTC,1591524781402,2020-06-07T10:13:01.402Z,buy,4.173e-05,109.0,0.00454857
PPT/BTC,1591524781402,2020-06-07T10:13:01.402Z,buy,4.174e-05,3.0,0.00012522
PPT/BTC,1591524781402,2020-06-07T10:13:01.402Z,buy,4.176e-05,8.0,0.00033408
PPT/BTC,1591524781402,2020-06-07T10:13:01.402Z,buy,4.177e-05,3.0,0.00012531
PPT/BTC,1591524781402,2020-06-07T10:13:01.402Z,buy,4.178e-05,3.0,0.00012534000000000002
PPT/BTC,1591524781402,2020-06-07T10:13:01.402Z,buy,4.18e-05,355.0,0.014839
PPT/BTC,1591524783089,2020-06-07T10:13:03.089Z,sell,4.18e-05,230.0,0.009614
PPT/BTC,1591524783101,2020-06-07T10:13:03.101Z,sell,4.18e-05,40.0,0.0016719999999999999
PPT/BTC,1591524794865,2020-06-07T10:13:14.865Z,sell,4.17e-05,4.0,0.0001668
PPT/BTC,1591524795292,2020-06-07T10:13:15.292Z,sell,4.17e-05,35.0,0.0014594999999999999
PPT/BTC,1591524796143,2020-06-07T10:13:16.143Z,buy,4.181e-05,3.0,0.00012543
PPT/BTC,1591524814534,2020-06-07T10:13:34.534Z,buy,4.181e-05,3.0,0.00012543
PPT/BTC,1591524865024,2020-06-07T10:14:25.024Z,buy,4.185e-05,3.0,0.00012555
PPT/BTC,1591524868009,2020-06-07T10:14:28.009Z,buy,4.185e-05,3484.0,0.1458054
PPT/BTC,1591524868009,2020-06-07T10:14:28.009Z,buy,4.189e-05,3.0,0.00012567
PPT/BTC,1591524868009,2020-06-07T10:14:28.009Z,buy,4.19e-05,501.0,0.0209919
PPT/BTC,1591524868009,2020-06-07T10:14:28.009Z,buy,4.192e-05,19.0,0.00079648
PPT/BTC,1591524868009,2020-06-07T10:14:28.009Z,buy,4.193e-05,219.0,0.00918267
PPT/BTC,1591524868009,2020-06-07T10:14:28.009Z,buy,4.194e-05,12.0,0.00050328
PPT/BTC,1591524918130,2020-06-07T10:15:18.130Z,buy,4.194e-05,7.0,0.00029358
PPT/BTC,1591524928924,2020-06-07T10:15:28.924Z,buy,4.195e-05,3.0,0.00012585
PPT/BTC,1591524957974,2020-06-07T10:15:57.974Z,sell,4.18e-05,125.0,0.005225
PPT/BTC,1591524957974,2020-06-07T10:15:57.974Z,sell,4.18e-05,125.0,0.005225
PPT/BTC,1591525058170,2020-06-07T10:17:38.170Z,buy,4.194e-05,239.0,0.01002366
PPT/BTC,1591525058170,2020-06-07T10:17:38.170Z,buy,4.195e-05,1441.0,0.06044995
PPT/BTC,1591525058235,2020-06-07T10:17:38.235Z,buy,4.197e-05,8.0,0.00033576
PPT/BTC,1591525063637,2020-06-07T10:17:43.637Z,buy,4.199e-05,32.0,0.00134368
PPT/BTC,1591525111206,2020-06-07T10:18:31.206Z,sell,4.195e-05,37.0,0.0015521500000000002
PPT/BTC,1591525286190,2020-06-07T10:21:26.190Z,sell,4.195e-05,125.0,0.00524375
PPT/BTC,1591525326341,2020-06-07T10:22:06.341Z,sell,4.195e-05,200.0,0.00839
PPT/BTC,1591525328094,2020-06-07T10:22:08.094Z,buy,4.199e-05,3.0,0.00012597000000000002
PPT/BTC,1591525339228,2020-06-07T10:22:19.228Z,buy,4.199e-05,3.0,0.00012597000000000002
PPT/BTC,1591525355078,2020-06-07T10:22:35.078Z,sell,4.195e-05,4.0,0.0001678
PPT/BTC,1591525356171,2020-06-07T10:22:36.171Z,sell,4.195e-05,4.0,0.0001678
PPT/BTC,1591525363269,2020-06-07T10:22:43.269Z,sell,4.195e-05,24.0,0.0010068
PPT/BTC,1591525364893,2020-06-07T10:22:44.893Z,buy,4.199e-05,3.0,0.00012597000000000002
PPT/BTC,1591525380906,2020-06-07T10:23:00.906Z,buy,4.199e-05,23.0,0.00096577
PPT/BTC,1591525422574,2020-06-07T10:23:42.574Z,buy,4.199e-05,190.0,0.0079781
PPT/BTC,1591525455743,2020-06-07T10:24:15.743Z,buy,4.199e-05,246.0,0.01032954
PPT/BTC,1591525494997,2020-06-07T10:24:54.997Z,buy,4.2e-05,1387.0,0.058254
PPT/BTC,1591525497531,2020-06-07T10:24:57.531Z,sell,4.199e-05,4.0,0.00016796
PPT/BTC,1591525511109,2020-06-07T10:25:11.109Z,buy,4.2e-05,4.0,0.000168
PPT/BTC,1591525513136,2020-06-07T10:25:13.136Z,buy,4.2e-05,1167.0,0.049013999999999995
PPT/BTC,1591525516035,2020-06-07T10:25:16.035Z,sell,4.199e-05,9.0,0.00037791
PPT/BTC,1591525535405,2020-06-07T10:25:35.405Z,buy,4.198e-05,18.0,0.00075564
PPT/BTC,1591525535405,2020-06-07T10:25:35.405Z,buy,4.199e-05,232.0,0.00974168
PPT/BTC,1591525535405,2020-06-07T10:25:35.405Z,buy,4.2e-05,1613.0,0.067746
PPT/BTC,1591525561318,2020-06-07T10:26:01.318Z,sell,4.195e-05,132.0,0.0055374000000000005
PPT/BTC,1591525819495,2020-06-07T10:30:19.495Z,buy,4.2e-05,12.0,0.000504
PPT/BTC,1591525990399,2020-06-07T10:33:10.399Z,buy,4.2e-05,3.0,0.000126
PPT/BTC,1591526253257,2020-06-07T10:37:33.257Z,sell,4.195e-05,6.0,0.0002517
PPT/BTC,1591526259336,2020-06-07T10:37:39.336Z,buy,4.2e-05,239.0,0.010038
PPT/BTC,1591526340406,2020-06-07T10:39:00.406Z,buy,4.2e-05,3.0,0.000126
PPT/BTC,1591526431717,2020-06-07T10:40:31.717Z,buy,4.199e-05,123.0,0.00516477
PPT/BTC,1591526431717,2020-06-07T10:40:31.717Z,buy,4.2e-05,1361.0,0.057162
PPT/BTC,1591526434392,2020-06-07T10:40:34.392Z,sell,4.195e-05,6.0,0.0002517
PPT/BTC,1591526516530,2020-06-07T10:41:56.530Z,buy,4.2e-05,494.0,0.020748
PPT/BTC,1591526611534,2020-06-07T10:43:31.534Z,buy,4.2e-05,4.0,0.000168
PPT/BTC,1591526831587,2020-06-07T10:47:11.587Z,buy,4.2e-05,1711.0,0.071862
PPT/BTC,1591526833131,2020-06-07T10:47:13.131Z,buy,4.2e-05,5.0,0.00020999999999999998
PPT/BTC,1591527049802,2020-06-07T10:50:49.802Z,buy,4.2e-05,25.0,0.00105
PPT/BTC,1591527062883,2020-06-07T10:51:02.883Z,buy,4.2e-05,38.0,0.001596
PPT/BTC,1591527072272,2020-06-07T10:51:12.272Z,buy,4.2e-05,38.0,0.001596
PPT/BTC,1591527079233,2020-06-07T10:51:19.233Z,buy,4.2e-05,3.0,0.000126
PPT/BTC,1591527195792,2020-06-07T10:53:15.792Z,buy,4.2e-05,1782.0,0.074844
PPT/BTC,1591527200687,2020-06-07T10:53:20.687Z,sell,4.184e-05,3.0,0.00012552
PPT/BTC,1591527207533,2020-06-07T10:53:27.533Z,sell,4.184e-05,12.0,0.00050208
PPT/BTC,1591527207533,2020-06-07T10:53:27.533Z,sell,4.178e-05,3.0,0.00012534000000000002
PPT/BTC,1591527207533,2020-06-07T10:53:27.533Z,sell,4.171e-05,228.0,0.00950988
PPT/BTC,1591527207533,2020-06-07T10:53:27.533Z,sell,4.171e-05,101.0,0.00421271
PPT/BTC,1591527207533,2020-06-07T10:53:27.533Z,sell,4.17e-05,368.0,0.0153456
PPT/BTC,1591527207533,2020-06-07T10:53:27.533Z,sell,4.163e-05,5.0,0.00020815
PPT/BTC,1591527207533,2020-06-07T10:53:27.533Z,sell,4.162e-05,675.0,0.028093499999999997
PPT/BTC,1591527207533,2020-06-07T10:53:27.533Z,sell,4.161e-05,41.0,0.0017060100000000002
PPT/BTC,1591527207533,2020-06-07T10:53:27.533Z,sell,4.16e-05,3.0,0.0001248
PPT/BTC,1591527207533,2020-06-07T10:53:27.533Z,sell,4.155e-05,57.0,0.00236835
PPT/BTC,1591527207533,2020-06-07T10:53:27.533Z,sell,4.155e-05,42.0,0.0017451
PPT/BTC,1591527207533,2020-06-07T10:53:27.533Z,sell,4.154e-05,887.0,0.03684598
PPT/BTC,1591527207533,2020-06-07T10:53:27.533Z,sell,4.153e-05,13.0,0.00053989
PPT/BTC,1591527207533,2020-06-07T10:53:27.533Z,sell,4.15e-05,35.0,0.0014525
PPT/BTC,1591527207586,2020-06-07T10:53:27.586Z,buy,4.15e-05,1568.0,0.065072
PPT/BTC,1591527210206,2020-06-07T10:53:30.206Z,buy,4.17e-05,4.0,0.0001668
PPT/BTC,1591527212814,2020-06-07T10:53:32.814Z,sell,4.16e-05,11.0,0.0004576
PPT/BTC,1591527212889,2020-06-07T10:53:32.889Z,buy,4.154e-05,3.0,0.00012461999999999998
PPT/BTC,1591527213650,2020-06-07T10:53:33.650Z,buy,4.154e-05,4.0,0.00016616
PPT/BTC,1591527215520,2020-06-07T10:53:35.520Z,buy,4.154e-05,2.0,8.308e-05
PPT/BTC,1591527215520,2020-06-07T10:53:35.520Z,buy,4.178e-05,2.0,8.356e-05
PPT/BTC,1591527217391,2020-06-07T10:53:37.391Z,buy,4.178e-05,1.0,4.178e-05
PPT/BTC,1591527217391,2020-06-07T10:53:37.391Z,buy,4.186e-05,30.0,0.0012558
PPT/BTC,1591527218504,2020-06-07T10:53:38.504Z,buy,4.186e-05,16.0,0.00066976
PPT/BTC,1591527218504,2020-06-07T10:53:38.504Z,buy,4.19e-05,13.0,0.0005447000000000001
PPT/BTC,1591527218504,2020-06-07T10:53:38.504Z,buy,4.192e-05,25.0,0.0010479999999999999
PPT/BTC,1591527218504,2020-06-07T10:53:38.504Z,buy,4.193e-05,6.0,0.00025158
PPT/BTC,1591527218504,2020-06-07T10:53:38.504Z,buy,4.195e-05,3.0,0.00012585
PPT/BTC,1591527218504,2020-06-07T10:53:38.504Z,buy,4.197e-05,329.0,0.01380813
PPT/BTC,1591527218504,2020-06-07T10:53:38.504Z,buy,4.198e-05,252.0,0.01057896
PPT/BTC,1591527218504,2020-06-07T10:53:38.504Z,buy,4.199e-05,2109.0,0.08855691
PPT/BTC,1591527218504,2020-06-07T10:53:38.504Z,buy,4.2e-05,2327.0,0.097734
PPT/BTC,1591527218586,2020-06-07T10:53:38.586Z,sell,4.2e-05,872.0,0.036624
PPT/BTC,1591527469610,2020-06-07T10:57:49.610Z,buy,4.204e-05,3.0,0.00012612
PPT/BTC,1591527473966,2020-06-07T10:57:53.966Z,buy,4.204e-05,4.0,0.00016816
PPT/BTC,1591527493806,2020-06-07T10:58:13.806Z,sell,4.178e-05,3.0,0.00012534000000000002
PPT/BTC,1591527493806,2020-06-07T10:58:13.806Z,sell,4.173e-05,364.0,0.01518972
PPT/BTC,1591527493806,2020-06-07T10:58:13.806Z,sell,4.167e-05,33.0,0.00137511
PPT/BTC,1591527525254,2020-06-07T10:58:45.254Z,buy,4.195e-05,3.0,0.00012585
PPT/BTC,1591527525254,2020-06-07T10:58:45.254Z,buy,4.203e-05,3.0,0.00012609
PPT/BTC,1591527890313,2020-06-07T11:04:50.313Z,sell,4.178e-05,3.0,0.00012534000000000002
PPT/BTC,1591527890313,2020-06-07T11:04:50.313Z,sell,4.168e-05,186.0,0.00775248
PPT/BTC,1591527890390,2020-06-07T11:04:50.390Z,sell,4.2e-05,3.0,0.000126
PPT/BTC,1591527890395,2020-06-07T11:04:50.395Z,sell,4.2e-05,163.0,0.006846
PPT/BTC,1591527891489,2020-06-07T11:04:51.489Z,sell,4.2e-05,115.0,0.00483
PPT/BTC,1591527892459,2020-06-07T11:04:52.459Z,sell,4.2e-05,3.0,0.000126
PPT/BTC,1591527892894,2020-06-07T11:04:52.894Z,sell,4.2e-05,82.0,0.003444
PPT/BTC,1591527894174,2020-06-07T11:04:54.174Z,sell,4.2e-05,361.0,0.015161999999999998
PPT/BTC,1591527894184,2020-06-07T11:04:54.184Z,sell,4.2e-05,309.0,0.012978
PPT/BTC,1591527895390,2020-06-07T11:04:55.390Z,sell,4.2e-05,27.0,0.001134
PPT/BTC,1591527901232,2020-06-07T11:05:01.232Z,sell,4.2e-05,47.0,0.001974
PPT/BTC,1591527989368,2020-06-07T11:06:29.368Z,sell,4.2e-05,1030.0,0.04326
PPT/BTC,1591528023558,2020-06-07T11:07:03.558Z,sell,4.2e-05,13.0,0.0005459999999999999
PPT/BTC,1591528135697,2020-06-07T11:08:55.697Z,sell,4.2e-05,49.0,0.002058
PPT/BTC,1591528438109,2020-06-07T11:13:58.109Z,sell,4.2e-05,12.0,0.000504
PPT/BTC,1591528438109,2020-06-07T11:13:58.109Z,sell,4.2e-05,12.0,0.000504
PPT/BTC,1591528572287,2020-06-07T11:16:12.287Z,sell,4.2e-05,311.0,0.013061999999999999
PPT/BTC,1591528581865,2020-06-07T11:16:21.865Z,sell,4.2e-05,889.0,0.037337999999999996
PPT/BTC,1591528581865,2020-06-07T11:16:21.865Z,sell,4.178e-05,3.0,0.00012534000000000002
PPT/BTC,1591528581865,2020-06-07T11:16:21.865Z,sell,4.173e-05,68.0,0.00283764
PPT/BTC,1591528581865,2020-06-07T11:16:21.865Z,sell,4.172e-05,1052.0,0.04388944
PPT/BTC,1591528581865,2020-06-07T11:16:21.865Z,sell,4.166e-05,35.0,0.0014581
PPT/BTC,1591528581865,2020-06-07T11:16:21.865Z,sell,4.165e-05,3.0,0.00012495
PPT/BTC,1591528581865,2020-06-07T11:16:21.865Z,sell,4.162e-05,550.0,0.022890999999999998
PPT/BTC,1591528581865,2020-06-07T11:16:21.865Z,sell,4.161e-05,79.0,0.00328719
PPT/BTC,1591528581865,2020-06-07T11:16:21.865Z,sell,4.158e-05,98.0,0.00407484
PPT/BTC,1591528581865,2020-06-07T11:16:21.865Z,sell,4.155e-05,74.0,0.0030747
PPT/BTC,1591528581865,2020-06-07T11:16:21.865Z,sell,4.154e-05,36.0,0.00149544
PPT/BTC,1591528581865,2020-06-07T11:16:21.865Z,sell,4.153e-05,38.0,0.0015781399999999998
PPT/BTC,1591528581865,2020-06-07T11:16:21.865Z,sell,4.152e-05,5.0,0.0002076
PPT/BTC,1591528581865,2020-06-07T11:16:21.865Z,sell,4.15e-05,70.0,0.002905
PPT/BTC,1591528589130,2020-06-07T11:16:29.130Z,buy,4.172e-05,3.0,0.00012516
PPT/BTC,1591528627966,2020-06-07T11:17:07.966Z,buy,4.172e-05,2.0,8.344e-05
PPT/BTC,1591528629641,2020-06-07T11:17:09.641Z,buy,4.173e-05,37.0,0.0015440100000000002
PPT/BTC,1591528639141,2020-06-07T11:17:19.141Z,buy,4.178e-05,3.0,0.00012534000000000002
PPT/BTC,1591528678692,2020-06-07T11:17:58.692Z,buy,4.188e-05,3.0,0.00012564
PPT/BTC,1591528709064,2020-06-07T11:18:29.064Z,buy,4.183e-05,3.0,0.00012549
PPT/BTC,1591528765082,2020-06-07T11:19:25.082Z,buy,4.173e-05,3.0,0.00012519
PPT/BTC,1591528766120,2020-06-07T11:19:26.120Z,buy,4.173e-05,3.0,0.00012519
PPT/BTC,1591528767135,2020-06-07T11:19:27.135Z,buy,4.173e-05,3.0,0.00012519
PPT/BTC,1591528768149,2020-06-07T11:19:28.149Z,buy,4.173e-05,3.0,0.00012519
PPT/BTC,1591528769158,2020-06-07T11:19:29.158Z,buy,4.173e-05,3.0,0.00012519
PPT/BTC,1591528770167,2020-06-07T11:19:30.167Z,buy,4.173e-05,3.0,0.00012519
PPT/BTC,1591528771186,2020-06-07T11:19:31.186Z,buy,4.173e-05,3.0,0.00012519
PPT/BTC,1591528772185,2020-06-07T11:19:32.185Z,buy,4.173e-05,3.0,0.00012519
PPT/BTC,1591528773228,2020-06-07T11:19:33.228Z,buy,4.173e-05,3.0,0.00012519
PPT/BTC,1591528792465,2020-06-07T11:19:52.465Z,buy,4.173e-05,2.0,8.346e-05
PPT/BTC,1591528899203,2020-06-07T11:21:39.203Z,buy,4.191e-05,71.0,0.0029756099999999996
PPT/BTC,1591528899203,2020-06-07T11:21:39.203Z,buy,4.192e-05,19.0,0.00079648
PPT/BTC,1591528899203,2020-06-07T11:21:39.203Z,buy,4.193e-05,6.0,0.00025158
PPT/BTC,1591528899203,2020-06-07T11:21:39.203Z,buy,4.195e-05,3.0,0.00012585
PPT/BTC,1591528899203,2020-06-07T11:21:39.203Z,buy,4.197e-05,6.0,0.00025182
PPT/BTC,1591528899203,2020-06-07T11:21:39.203Z,buy,4.2e-05,195.0,0.00819
PPT/BTC,1591528970828,2020-06-07T11:22:50.828Z,buy,4.2e-05,4.0,0.000168
PPT/BTC,1591529029935,2020-06-07T11:23:49.935Z,buy,4.2e-05,3.0,0.000126
PPT/BTC,1591529055516,2020-06-07T11:24:15.516Z,buy,4.2e-05,16.0,0.000672
PPT/BTC,1591529132707,2020-06-07T11:25:32.707Z,buy,4.2e-05,21.0,0.000882
PPT/BTC,1591529135298,2020-06-07T11:25:35.298Z,buy,4.2e-05,3.0,0.000126
PPT/BTC,1591529259498,2020-06-07T11:27:39.498Z,sell,4.178e-05,3.0,0.00012534000000000002
PPT/BTC,1591529259498,2020-06-07T11:27:39.498Z,sell,4.171e-05,119.0,0.00496349
PPT/BTC,1591529474948,2020-06-07T11:31:14.948Z,buy,4.194e-05,299.0,0.01254006
PPT/BTC,1591529587212,2020-06-07T11:33:07.212Z,buy,4.19e-05,229.0,0.0095951
PPT/BTC,1591529670216,2020-06-07T11:34:30.216Z,sell,4.17e-05,742.0,0.030941399999999997
PPT/BTC,1591529725614,2020-06-07T11:35:25.614Z,buy,4.192e-05,70.0,0.0029343999999999998
PPT/BTC,1591530035868,2020-06-07T11:40:35.868Z,buy,4.192e-05,3.0,0.00012576
PPT/BTC,1591530299218,2020-06-07T11:44:59.218Z,sell,4.17e-05,185.0,0.007714499999999999
PPT/BTC,1591530299218,2020-06-07T11:44:59.218Z,sell,4.168e-05,44.0,0.00183392
PPT/BTC,1591530299218,2020-06-07T11:44:59.218Z,sell,4.166e-05,841.0,0.03503606
PPT/BTC,1591530306879,2020-06-07T11:45:06.879Z,sell,4.162e-05,22.0,0.0009156399999999999
PPT/BTC,1591530307185,2020-06-07T11:45:07.185Z,buy,4.166e-05,3.0,0.00012497999999999999
PPT/BTC,1591530308353,2020-06-07T11:45:08.353Z,sell,4.161e-05,9.0,0.00037449
PPT/BTC,1591530318600,2020-06-07T11:45:18.600Z,sell,4.146e-05,3.0,0.00012438
PPT/BTC,1591530318600,2020-06-07T11:45:18.600Z,sell,4.142e-05,1.0,4.142e-05
PPT/BTC,1591530321203,2020-06-07T11:45:21.203Z,sell,4.142e-05,4.0,0.00016568
PPT/BTC,1591530350639,2020-06-07T11:45:50.639Z,buy,4.162e-05,3.0,0.00012486
PPT/BTC,1591530350639,2020-06-07T11:45:50.639Z,buy,4.166e-05,152.0,0.00633232
PPT/BTC,1591530353001,2020-06-07T11:45:53.001Z,buy,4.166e-05,3.0,0.00012497999999999999
PPT/BTC,1591530377718,2020-06-07T11:46:17.718Z,buy,4.178e-05,3.0,0.00012534000000000002
PPT/BTC,1591530400047,2020-06-07T11:46:40.047Z,sell,4.178e-05,2.0,8.356e-05
PPT/BTC,1591530400047,2020-06-07T11:46:40.047Z,sell,4.162e-05,3.0,0.00012486
PPT/BTC,1591530400047,2020-06-07T11:46:40.047Z,sell,4.156e-05,295.0,0.0122602
PPT/BTC,1591530412989,2020-06-07T11:46:52.989Z,buy,4.178e-05,3.0,0.00012534000000000002
PPT/BTC,1591530444302,2020-06-07T11:47:24.302Z,buy,4.164e-05,161.0,0.0067040400000000005
PPT/BTC,1591530445048,2020-06-07T11:47:25.048Z,buy,4.164e-05,229.0,0.00953556
PPT/BTC,1591530445666,2020-06-07T11:47:25.666Z,buy,4.164e-05,158.0,0.00657912
PPT/BTC,1591530446627,2020-06-07T11:47:26.627Z,buy,4.164e-05,52.0,0.00216528
PPT/BTC,1591530482911,2020-06-07T11:48:02.911Z,buy,4.164e-05,6.0,0.00024984
PPT/BTC,1591530535417,2020-06-07T11:48:55.417Z,buy,4.164e-05,3.0,0.00012492
PPT/BTC,1591530547529,2020-06-07T11:49:07.529Z,buy,4.164e-05,16.0,0.00066624
PPT/BTC,1591530547529,2020-06-07T11:49:07.529Z,buy,4.183e-05,125.0,0.00522875
PPT/BTC,1591530652821,2020-06-07T11:50:52.821Z,sell,4.163e-05,610.0,0.025394299999999998
PPT/BTC,1591530652821,2020-06-07T11:50:52.821Z,sell,4.162e-05,3.0,0.00012486
PPT/BTC,1591530652821,2020-06-07T11:50:52.821Z,sell,4.15e-05,44.0,0.001826
PPT/BTC,1591530652821,2020-06-07T11:50:52.821Z,sell,4.149e-05,181.0,0.007509689999999999
PPT/BTC,1591530652821,2020-06-07T11:50:52.821Z,sell,4.148e-05,751.0,0.031151480000000002
PPT/BTC,1591530652821,2020-06-07T11:50:52.821Z,sell,4.146e-05,3.0,0.00012438
PPT/BTC,1591530652821,2020-06-07T11:50:52.821Z,sell,4.141e-05,3.0,0.00012423
PPT/BTC,1591530652821,2020-06-07T11:50:52.821Z,sell,4.14e-05,3.0,0.00012419999999999998
PPT/BTC,1591530652821,2020-06-07T11:50:52.821Z,sell,4.132e-05,54.0,0.00223128
PPT/BTC,1591530652821,2020-06-07T11:50:52.821Z,sell,4.131e-05,3.0,0.00012393000000000001
PPT/BTC,1591530652821,2020-06-07T11:50:52.821Z,sell,4.13e-05,3.0,0.0001239
PPT/BTC,1591530652821,2020-06-07T11:50:52.821Z,sell,4.129e-05,52.0,0.00214708
PPT/BTC,1591530652821,2020-06-07T11:50:52.821Z,sell,4.127e-05,131.0,0.005406370000000001
PPT/BTC,1591530652821,2020-06-07T11:50:52.821Z,sell,4.126e-05,48.0,0.00198048
PPT/BTC,1591530652821,2020-06-07T11:50:52.821Z,sell,4.124e-05,4.0,0.00016496
PPT/BTC,1591530652821,2020-06-07T11:50:52.821Z,sell,4.123e-05,845.0,0.034839350000000005
PPT/BTC,1591530652955,2020-06-07T11:50:52.955Z,buy,4.13e-05,2108.0,0.0870604
PPT/BTC,1591530653952,2020-06-07T11:50:53.952Z,buy,4.13e-05,1268.0,0.0523684
PPT/BTC,1591530662835,2020-06-07T11:51:02.835Z,sell,4.125e-05,124.0,0.005115
PPT/BTC,1591530665573,2020-06-07T11:51:05.573Z,sell,4.125e-05,5.0,0.00020625
PPT/BTC,1591530673136,2020-06-07T11:51:13.136Z,buy,4.146e-05,56.0,0.00232176
PPT/BTC,1591530703388,2020-06-07T11:51:43.388Z,sell,4.146e-05,2.0,8.292e-05
PPT/BTC,1591530713272,2020-06-07T11:51:53.272Z,buy,4.146e-05,22.0,0.00091212
PPT/BTC,1591530715296,2020-06-07T11:51:55.296Z,buy,4.146e-05,6.0,0.00024876
PPT/BTC,1591530737401,2020-06-07T11:52:17.401Z,buy,4.142e-05,9.0,0.00037278
PPT/BTC,1591530772632,2020-06-07T11:52:52.632Z,buy,4.137e-05,3.0,0.00012411
PPT/BTC,1591530826423,2020-06-07T11:53:46.423Z,buy,4.138e-05,92.0,0.00380696
PPT/BTC,1591530917327,2020-06-07T11:55:17.327Z,buy,4.143e-05,28.0,0.00116004
PPT/BTC,1591531290245,2020-06-07T12:01:30.245Z,buy,4.14e-05,3.0,0.00012419999999999998
PPT/BTC,1591531298092,2020-06-07T12:01:38.092Z,buy,4.14e-05,4.0,0.0001656
PPT/BTC,1591531338519,2020-06-07T12:02:18.519Z,sell,4.13e-05,172.0,0.0071036
PPT/BTC,1591531338519,2020-06-07T12:02:18.519Z,sell,4.126e-05,952.0,0.03927952
PPT/BTC,1591531338519,2020-06-07T12:02:18.519Z,sell,4.125e-05,1265.0,0.05218125
PPT/BTC,1591531338519,2020-06-07T12:02:18.519Z,sell,4.121e-05,258.0,0.01063218
PPT/BTC,1591531432749,2020-06-07T12:03:52.749Z,sell,4.124e-05,3.0,0.00012372
PPT/BTC,1591531432749,2020-06-07T12:03:52.749Z,sell,4.123e-05,1196.0,0.04931108000000001
PPT/BTC,1591531432749,2020-06-07T12:03:52.749Z,sell,4.122e-05,1022.0,0.04212684
PPT/BTC,1591531522760,2020-06-07T12:05:22.760Z,buy,4.145e-05,50.0,0.0020724999999999997
PPT/BTC,1591531668934,2020-06-07T12:07:48.934Z,sell,4.122e-05,2445.0,0.10078290000000001
PPT/BTC,1591531671105,2020-06-07T12:07:51.105Z,sell,4.121e-05,902.0,0.03717142
PPT/BTC,1591531671311,2020-06-07T12:07:51.311Z,sell,4.119e-05,200.0,0.008237999999999999
PPT/BTC,1591531671311,2020-06-07T12:07:51.311Z,sell,4.119e-05,8.0,0.00032952
PPT/BTC,1591531671704,2020-06-07T12:07:51.704Z,buy,4.122e-05,200.0,0.008244
PPT/BTC,1591531673173,2020-06-07T12:07:53.173Z,sell,4.119e-05,4.0,0.00016476
PPT/BTC,1591531673183,2020-06-07T12:07:53.183Z,sell,4.119e-05,2004.0,0.08254476
PPT/BTC,1591531675004,2020-06-07T12:07:55.004Z,sell,4.119e-05,340.0,0.014004599999999999
PPT/BTC,1591531686674,2020-06-07T12:08:06.674Z,buy,4.122e-05,162.0,0.00667764
PPT/BTC,1591531718784,2020-06-07T12:08:38.784Z,sell,4.115e-05,547.0,0.02250905
PPT/BTC,1591531718784,2020-06-07T12:08:38.784Z,sell,4.114e-05,3.0,0.00012342
PPT/BTC,1591531718784,2020-06-07T12:08:38.784Z,sell,4.113e-05,22.0,0.0009048600000000001
PPT/BTC,1591531718784,2020-06-07T12:08:38.784Z,sell,4.107e-05,75.0,0.0030802499999999997
PPT/BTC,1591531718784,2020-06-07T12:08:38.784Z,sell,4.102e-05,19.0,0.00077938
PPT/BTC,1591531718784,2020-06-07T12:08:38.784Z,sell,4.101e-05,1842.0,0.07554042
PPT/BTC,1591531781050,2020-06-07T12:09:41.050Z,sell,4.121e-05,130.0,0.0053573
PPT/BTC,1591531785287,2020-06-07T12:09:45.287Z,sell,4.121e-05,40.0,0.0016484
PPT/BTC,1591531785287,2020-06-07T12:09:45.287Z,sell,4.107e-05,9.0,0.00036962999999999997
PPT/BTC,1591531933219,2020-06-07T12:12:13.219Z,buy,4.12e-05,6.0,0.0002472
PPT/BTC,1591531937943,2020-06-07T12:12:17.943Z,buy,4.12e-05,6.0,0.0002472
PPT/BTC,1591531937943,2020-06-07T12:12:17.943Z,buy,4.12e-05,6.0,0.0002472
PPT/BTC,1591532096080,2020-06-07T12:14:56.080Z,buy,4.12e-05,197.0,0.0081164
PPT/BTC,1591532097081,2020-06-07T12:14:57.081Z,buy,4.121e-05,3.0,0.00012363
PPT/BTC,1591532119419,2020-06-07T12:15:19.419Z,buy,4.121e-05,333.0,0.01372293
PPT/BTC,1591532119419,2020-06-07T12:15:19.419Z,buy,4.122e-05,2193.0,0.09039546
PPT/BTC,1591532695666,2020-06-07T12:24:55.666Z,sell,4.122e-05,78.0,0.0032151600000000003
PPT/BTC,1591532803583,2020-06-07T12:26:43.583Z,sell,4.122e-05,57.0,0.0023495400000000002
PPT/BTC,1591532819058,2020-06-07T12:26:59.058Z,sell,4.116e-05,143.0,0.00588588
PPT/BTC,1591532844040,2020-06-07T12:27:24.040Z,buy,4.13e-05,3.0,0.0001239
PPT/BTC,1591532844085,2020-06-07T12:27:24.085Z,buy,4.132e-05,3.0,0.00012396
PPT/BTC,1591532846047,2020-06-07T12:27:26.047Z,buy,4.132e-05,3.0,0.00012396
PPT/BTC,1591532900204,2020-06-07T12:28:20.204Z,buy,4.132e-05,3.0,0.00012396
PPT/BTC,1591532903914,2020-06-07T12:28:23.914Z,buy,4.132e-05,3.0,0.00012396
PPT/BTC,1591532955988,2020-06-07T12:29:15.988Z,sell,4.12e-05,4.0,0.0001648
PPT/BTC,1591532957093,2020-06-07T12:29:17.093Z,sell,4.116e-05,4.0,0.00016464
PPT/BTC,1591532958479,2020-06-07T12:29:18.479Z,buy,4.132e-05,3.0,0.00012396
PPT/BTC,1591532982931,2020-06-07T12:29:42.931Z,buy,4.132e-05,3.0,0.00012396
PPT/BTC,1591533027274,2020-06-07T12:30:27.274Z,buy,4.132e-05,1.0,4.132e-05
PPT/BTC,1591533027274,2020-06-07T12:30:27.274Z,buy,4.139e-05,6.0,0.00024834
PPT/BTC,1591533027274,2020-06-07T12:30:27.274Z,buy,4.142e-05,9.0,0.00037278
PPT/BTC,1591533027274,2020-06-07T12:30:27.274Z,buy,4.145e-05,34.0,0.0014092999999999998
PPT/BTC,1591533076880,2020-06-07T12:31:16.880Z,buy,4.145e-05,12.0,0.0004974
PPT/BTC,1591533188976,2020-06-07T12:33:08.976Z,buy,4.145e-05,8.0,0.0003316
PPT/BTC,1591533507694,2020-06-07T12:38:27.694Z,sell,4.14e-05,621.0,0.025709399999999997
PPT/BTC,1591533553944,2020-06-07T12:39:13.944Z,sell,4.139e-05,3.0,0.00012417
PPT/BTC,1591533553944,2020-06-07T12:39:13.944Z,sell,4.125e-05,3.0,0.00012375
PPT/BTC,1591533553944,2020-06-07T12:39:13.944Z,sell,4.116e-05,474.0,0.01950984
PPT/BTC,1591533553944,2020-06-07T12:39:13.944Z,sell,4.113e-05,3.0,0.00012339
PPT/BTC,1591533553944,2020-06-07T12:39:13.944Z,sell,4.102e-05,94.0,0.00385588
PPT/BTC,1591533553944,2020-06-07T12:39:13.944Z,sell,4.101e-05,596.0,0.024441960000000002
PPT/BTC,1591533553944,2020-06-07T12:39:13.944Z,sell,4.1e-05,5.0,0.000205
PPT/BTC,1591533553944,2020-06-07T12:39:13.944Z,sell,4.097e-05,831.0,0.034046070000000005
PPT/BTC,1591533613045,2020-06-07T12:40:13.045Z,buy,4.13e-05,3.0,0.0001239
PPT/BTC,1591533613045,2020-06-07T12:40:13.045Z,buy,4.132e-05,3.0,0.00012396
PPT/BTC,1591533651526,2020-06-07T12:40:51.526Z,buy,4.132e-05,16.0,0.00066112
PPT/BTC,1591533651526,2020-06-07T12:40:51.526Z,buy,4.14e-05,121.0,0.0050094
PPT/BTC,1591533651526,2020-06-07T12:40:51.526Z,buy,4.143e-05,95.0,0.00393585
PPT/BTC,1591533918355,2020-06-07T12:45:18.355Z,sell,4.114e-05,1500.0,0.06171
PPT/BTC,1591533984219,2020-06-07T12:46:24.219Z,sell,4.114e-05,1525.0,0.0627385
PPT/BTC,1591534126189,2020-06-07T12:48:46.189Z,buy,4.144e-05,1495.0,0.0619528
PPT/BTC,1591534126189,2020-06-07T12:48:46.189Z,buy,4.145e-05,126.0,0.005222699999999999
PPT/BTC,1591534126189,2020-06-07T12:48:46.189Z,buy,4.146e-05,43.0,0.0017827799999999999
PPT/BTC,1591534190817,2020-06-07T12:49:50.817Z,sell,4.13e-05,3.0,0.0001239
PPT/BTC,1591534190817,2020-06-07T12:49:50.817Z,sell,4.113e-05,3.0,0.00012339
PPT/BTC,1591534190817,2020-06-07T12:49:50.817Z,sell,4.102e-05,19.0,0.00077938
PPT/BTC,1591534190817,2020-06-07T12:49:50.817Z,sell,4.1e-05,603.0,0.024723000000000002
PPT/BTC,1591534190931,2020-06-07T12:49:50.931Z,buy,4.1e-05,97.0,0.003977
PPT/BTC,1591534232881,2020-06-07T12:50:32.881Z,sell,4.106e-05,185.0,0.007596100000000001
PPT/BTC,1591534265866,2020-06-07T12:51:05.866Z,sell,4.106e-05,215.0,0.008827900000000001
PPT/BTC,1591534271846,2020-06-07T12:51:11.846Z,sell,4.127e-05,97.0,0.00400319
PPT/BTC,1591534318966,2020-06-07T12:51:58.966Z,sell,4.106e-05,497.0,0.020406820000000003
PPT/BTC,1591534318966,2020-06-07T12:51:58.966Z,sell,4.099e-05,44.0,0.00180356
PPT/BTC,1591534318966,2020-06-07T12:51:58.966Z,sell,4.097e-05,608.0,0.024909760000000003
PPT/BTC,1591534371657,2020-06-07T12:52:51.657Z,buy,4.123e-05,3.0,0.00012369
PPT/BTC,1591534373180,2020-06-07T12:52:53.180Z,buy,4.123e-05,3.0,0.00012369
PPT/BTC,1591534588634,2020-06-07T12:56:28.634Z,sell,4.098e-05,1507.0,0.06175686
PPT/BTC,1591534588634,2020-06-07T12:56:28.634Z,sell,4.097e-05,474.0,0.01941978
PPT/BTC,1591534590472,2020-06-07T12:56:30.472Z,sell,4.089e-05,4.0,0.00016356
PPT/BTC,1591534590472,2020-06-07T12:56:30.472Z,sell,4.088e-05,6.0,0.00024528
PPT/BTC,1591534590472,2020-06-07T12:56:30.472Z,sell,4.087e-05,88.0,0.00359656
PPT/BTC,1591534607170,2020-06-07T12:56:47.170Z,sell,4.087e-05,432.0,0.01765584
PPT/BTC,1591534607170,2020-06-07T12:56:47.170Z,sell,4.086e-05,239.0,0.00976554
PPT/BTC,1591534643346,2020-06-07T12:57:23.346Z,buy,4.111e-05,3.0,0.00012333
PPT/BTC,1591534686620,2020-06-07T12:58:06.620Z,buy,4.108e-05,3.0,0.00012324
PPT/BTC,1591534711077,2020-06-07T12:58:31.077Z,buy,4.108e-05,3.0,0.00012324
PPT/BTC,1591534724667,2020-06-07T12:58:44.667Z,buy,4.108e-05,3.0,0.00012324
PPT/BTC,1591534724667,2020-06-07T12:58:44.667Z,buy,4.108e-05,3.0,0.00012324
PPT/BTC,1591535974446,2020-06-07T13:19:34.446Z,sell,4.086e-05,99.0,0.00404514
PPT/BTC,1591536381218,2020-06-07T13:26:21.218Z,buy,4.106e-05,16.0,0.00065696
PPT/BTC,1591536381218,2020-06-07T13:26:21.218Z,buy,4.107e-05,585.0,0.024025949999999997
PPT/BTC,1591536381218,2020-06-07T13:26:21.218Z,buy,4.108e-05,126.0,0.00517608
PPT/BTC,1591536491958,2020-06-07T13:28:11.958Z,buy,4.108e-05,4.0,0.00016432
PPT/BTC,1591536545093,2020-06-07T13:29:05.093Z,buy,4.107e-05,156.0,0.00640692
PPT/BTC,1591536707717,2020-06-07T13:31:47.717Z,sell,4.086e-05,170.0,0.0069462
PPT/BTC,1591536742962,2020-06-07T13:32:22.962Z,sell,4.086e-05,135.0,0.0055160999999999995
PPT/BTC,1591536826434,2020-06-07T13:33:46.434Z,sell,4.086e-05,81.0,0.00330966
PPT/BTC,1591536855373,2020-06-07T13:34:15.373Z,sell,4.086e-05,103.0,0.00420858
PPT/BTC,1591536859056,2020-06-07T13:34:19.056Z,sell,4.084e-05,75.0,0.003063
PPT/BTC,1591536882531,2020-06-07T13:34:42.531Z,sell,4.084e-05,229.0,0.00935236
PPT/BTC,1591536897829,2020-06-07T13:34:57.829Z,buy,4.084e-05,41.0,0.0016744400000000001
PPT/BTC,1591536901497,2020-06-07T13:35:01.497Z,sell,4.083e-05,198.0,0.00808434
PPT/BTC,1591536921656,2020-06-07T13:35:21.656Z,sell,4.083e-05,171.0,0.00698193
PPT/BTC,1591536944418,2020-06-07T13:35:44.418Z,buy,4.083e-05,6.0,0.00024498
PPT/BTC,1591536951702,2020-06-07T13:35:51.702Z,sell,4.081e-05,3.0,0.00012242999999999998
PPT/BTC,1591536951702,2020-06-07T13:35:51.702Z,sell,4.079e-05,10.0,0.0004079
PPT/BTC,1591536951702,2020-06-07T13:35:51.702Z,sell,4.078e-05,5.0,0.0002039
PPT/BTC,1591536951702,2020-06-07T13:35:51.702Z,sell,4.077e-05,17.0,0.0006930899999999999
PPT/BTC,1591536951702,2020-06-07T13:35:51.702Z,sell,4.075e-05,17.0,0.00069275
PPT/BTC,1591536951702,2020-06-07T13:35:51.702Z,sell,4.074e-05,72.0,0.00293328
PPT/BTC,1591536951702,2020-06-07T13:35:51.702Z,sell,4.073e-05,19.0,0.00077387
PPT/BTC,1591536951702,2020-06-07T13:35:51.702Z,sell,4.066e-05,19.0,0.00077254
PPT/BTC,1591536951702,2020-06-07T13:35:51.702Z,sell,4.065e-05,3.0,0.00012195
PPT/BTC,1591536951702,2020-06-07T13:35:51.702Z,sell,4.063e-05,329.0,0.01336727
PPT/BTC,1591536951702,2020-06-07T13:35:51.702Z,sell,4.062e-05,1168.0,0.04744416
PPT/BTC,1591536953525,2020-06-07T13:35:53.525Z,buy,4.081e-05,3.0,0.00012242999999999998
PPT/BTC,1591536953525,2020-06-07T13:35:53.525Z,buy,4.083e-05,1115.0,0.04552545
PPT/BTC,1591536953802,2020-06-07T13:35:53.802Z,sell,4.062e-05,377.0,0.015313740000000001
PPT/BTC,1591536982995,2020-06-07T13:36:22.995Z,buy,4.081e-05,9.0,0.00036729
PPT/BTC,1591536983769,2020-06-07T13:36:23.769Z,buy,4.081e-05,3.0,0.00012242999999999998
