symbol,timestamp,datetime,side,price,amount,btc_volume
QLC/BTC,1599235202462,2020-09-04T16:00:02.462Z,buy,1.95e-06,190.0,0.0003705
QLC/BTC,1599235202698,2020-09-04T16:00:02.698Z,buy,1.95e-06,3799.0,0.00740805
QLC/BTC,1599235212040,2020-09-04T16:00:12.040Z,sell,1.95e-06,5201.0,0.01014195
QLC/BTC,1599235212718,2020-09-04T16:00:12.718Z,sell,1.94e-06,5201.0,0.01008994
QLC/BTC,1599235215987,2020-09-04T16:00:15.987Z,sell,1.94e-06,10052.0,0.01950088
QLC/BTC,1599235217454,2020-09-04T16:00:17.454Z,sell,1.94e-06,1042.0,0.00202148
QLC/BTC,1599235229737,2020-09-04T16:00:29.737Z,buy,1.96e-06,680.0,0.0013327999999999999
QLC/BTC,1599235249666,2020-09-04T16:00:49.666Z,sell,1.95e-06,2673.0,0.00521235
QLC/BTC,1599235298022,2020-09-04T16:01:38.022Z,buy,1.96e-06,5252.0,0.01029392
QLC/BTC,1599235307961,2020-09-04T16:01:47.961Z,buy,1.95e-06,12423.0,0.02422485
QLC/BTC,1599235307961,2020-09-04T16:01:47.961Z,buy,1.96e-06,29462.0,0.057745519999999995
QLC/BTC,1599235328476,2020-09-04T16:02:08.476Z,buy,1.95e-06,1319.0,0.0025720499999999998
QLC/BTC,1599235344483,2020-09-04T16:02:24.483Z,sell,1.94e-06,365.0,0.0007081
QLC/BTC,1599235351486,2020-09-04T16:02:31.486Z,sell,1.94e-06,563.0,0.00109222
QLC/BTC,1599235428963,2020-09-04T16:03:48.963Z,buy,1.95e-06,1673.0,0.00326235
QLC/BTC,1599235429200,2020-09-04T16:03:49.200Z,buy,1.95e-06,3201.0,0.00624195
QLC/BTC,1599235439472,2020-09-04T16:03:59.472Z,sell,1.95e-06,4556.0,0.0088842
QLC/BTC,1599235442165,2020-09-04T16:04:02.165Z,sell,1.95e-06,740.0,0.001443
QLC/BTC,1599235468195,2020-09-04T16:04:28.195Z,buy,1.96e-06,428.0,0.00083888
QLC/BTC,1599235482009,2020-09-04T16:04:42.009Z,buy,1.96e-06,880.0,0.0017247999999999999
QLC/BTC,1599235487613,2020-09-04T16:04:47.613Z,buy,1.96e-06,48205.0,0.09448179999999999
QLC/BTC,1599235511567,2020-09-04T16:05:11.567Z,sell,1.95e-06,102.0,0.0001989
QLC/BTC,1599235520872,2020-09-04T16:05:20.872Z,sell,1.95e-06,1926.0,0.0037557
QLC/BTC,1599235524881,2020-09-04T16:05:24.881Z,buy,1.96e-06,878.0,0.00172088
QLC/BTC,1599235545853,2020-09-04T16:05:45.853Z,buy,1.96e-06,808.0,0.0015836799999999999
QLC/BTC,1599235559654,2020-09-04T16:05:59.654Z,sell,1.95e-06,304.0,0.0005928
QLC/BTC,1599235631026,2020-09-04T16:07:11.026Z,sell,1.95e-06,342.0,0.0006669
QLC/BTC,1599235655293,2020-09-04T16:07:35.293Z,sell,1.95e-06,110.0,0.0002145
QLC/BTC,1599235670098,2020-09-04T16:07:50.098Z,sell,1.95e-06,253.0,0.00049335
QLC/BTC,1599235670107,2020-09-04T16:07:50.107Z,sell,1.95e-06,655.0,0.00127725
QLC/BTC,1599235670958,2020-09-04T16:07:50.958Z,buy,1.96e-06,1357.0,0.00265972
QLC/BTC,1599235672100,2020-09-04T16:07:52.100Z,buy,1.96e-06,862.0,0.00168952
QLC/BTC,1599235695634,2020-09-04T16:08:15.634Z,sell,1.95e-06,291.0,0.0005674499999999999
QLC/BTC,1599235696220,2020-09-04T16:08:16.220Z,buy,1.96e-06,1265.0,0.0024793999999999997
QLC/BTC,1599235696962,2020-09-04T16:08:16.962Z,sell,1.95e-06,652.0,0.0012714
QLC/BTC,1599235701021,2020-09-04T16:08:21.021Z,sell,1.95e-06,4131.0,0.00805545
QLC/BTC,1599235701923,2020-09-04T16:08:21.923Z,buy,1.96e-06,33642.0,0.06593832
QLC/BTC,1599235758307,2020-09-04T16:09:18.307Z,sell,1.95e-06,40210.0,0.0784095
QLC/BTC,1599235814849,2020-09-04T16:10:14.849Z,sell,1.95e-06,655.0,0.00127725
QLC/BTC,1599235861503,2020-09-04T16:11:01.503Z,sell,1.95e-06,48156.0,0.0939042
QLC/BTC,1599235923289,2020-09-04T16:12:03.289Z,sell,1.95e-06,282.0,0.0005499
QLC/BTC,1599235931017,2020-09-04T16:12:11.017Z,sell,1.95e-06,647.0,0.00126165
QLC/BTC,1599235932211,2020-09-04T16:12:12.211Z,sell,1.95e-06,52.0,0.0001014
QLC/BTC,1599236131916,2020-09-04T16:15:31.916Z,sell,1.95e-06,12189.0,0.02376855
QLC/BTC,1599236237163,2020-09-04T16:17:17.163Z,buy,1.95e-06,22775.0,0.04441125
QLC/BTC,1599236258378,2020-09-04T16:17:38.378Z,sell,1.95e-06,185.0,0.00036075
QLC/BTC,1599236360565,2020-09-04T16:19:20.565Z,sell,1.95e-06,67.0,0.00013065
QLC/BTC,1599236396446,2020-09-04T16:19:56.446Z,buy,1.96e-06,2562.0,0.00502152
QLC/BTC,1599236403452,2020-09-04T16:20:03.452Z,sell,1.95e-06,76.0,0.0001482
QLC/BTC,1599236416198,2020-09-04T16:20:16.198Z,sell,1.95e-06,120952.0,0.2358564
QLC/BTC,1599236591985,2020-09-04T16:23:11.985Z,buy,1.95e-06,17.0,3.315e-05
QLC/BTC,1599236594646,2020-09-04T16:23:14.646Z,buy,1.95e-06,935.0,0.00182325
QLC/BTC,1599236595850,2020-09-04T16:23:15.850Z,buy,1.95e-06,935.0,0.00182325
QLC/BTC,1599236615566,2020-09-04T16:23:35.566Z,buy,1.95e-06,1567.0,0.00305565
QLC/BTC,1599236657437,2020-09-04T16:24:17.437Z,buy,1.95e-06,1181.0,0.00230295
QLC/BTC,1599236711101,2020-09-04T16:25:11.101Z,buy,1.95e-06,85888.0,0.1674816
QLC/BTC,1599236783319,2020-09-04T16:26:23.319Z,buy,1.96e-06,410.0,0.0008035999999999999
QLC/BTC,1599237284670,2020-09-04T16:34:44.670Z,sell,1.95e-06,90.0,0.00017549999999999998
QLC/BTC,1599237346388,2020-09-04T16:35:46.388Z,buy,1.96e-06,1732.0,0.00339472
QLC/BTC,1599237406937,2020-09-04T16:36:46.937Z,buy,1.96e-06,58276.0,0.11422096
QLC/BTC,1599237465372,2020-09-04T16:37:45.372Z,buy,1.96e-06,417.0,0.00081732
QLC/BTC,1599237537138,2020-09-04T16:38:57.138Z,sell,1.95e-06,3196.0,0.0062322
QLC/BTC,1599237649885,2020-09-04T16:40:49.885Z,buy,1.96e-06,572.0,0.00112112
QLC/BTC,1599237722416,2020-09-04T16:42:02.416Z,buy,1.96e-06,56.0,0.00010975999999999999
QLC/BTC,1599238101178,2020-09-04T16:48:21.178Z,buy,1.96e-06,500.0,0.00098
QLC/BTC,1599238235990,2020-09-04T16:50:35.990Z,buy,1.96e-06,15.0,2.9399999999999996e-05
QLC/BTC,1599238434455,2020-09-04T16:53:54.455Z,sell,1.95e-06,3551.0,0.0069244499999999995
QLC/BTC,1599238567627,2020-09-04T16:56:07.627Z,sell,1.95e-06,325.0,0.00063375
QLC/BTC,1599238570107,2020-09-04T16:56:10.107Z,buy,1.96e-06,358.0,0.00070168
QLC/BTC,1599238612206,2020-09-04T16:56:52.206Z,buy,1.96e-06,6877.0,0.013478919999999998
QLC/BTC,1599238674630,2020-09-04T16:57:54.630Z,buy,1.96e-06,255.0,0.0004998
QLC/BTC,1599238692427,2020-09-04T16:58:12.427Z,sell,1.95e-06,764.0,0.0014898
QLC/BTC,1599238697575,2020-09-04T16:58:17.575Z,buy,1.96e-06,212.0,0.00041551999999999995
QLC/BTC,1599238704920,2020-09-04T16:58:24.920Z,buy,1.96e-06,17.0,3.332e-05
QLC/BTC,1599238704920,2020-09-04T16:58:24.920Z,buy,1.96e-06,17.0,3.332e-05
QLC/BTC,1599238817090,2020-09-04T17:00:17.090Z,buy,1.96e-06,2668.0,0.005229279999999999
QLC/BTC,1599238817326,2020-09-04T17:00:17.326Z,buy,1.96e-06,8000.0,0.01568
QLC/BTC,1599238852606,2020-09-04T17:00:52.606Z,sell,1.95e-06,77.0,0.00015015
QLC/BTC,1599238916304,2020-09-04T17:01:56.304Z,sell,1.95e-06,15686.0,0.0305877
QLC/BTC,1599239022812,2020-09-04T17:03:42.812Z,buy,1.96e-06,434.0,0.00085064
QLC/BTC,1599239083166,2020-09-04T17:04:43.166Z,sell,1.95e-06,7179.0,0.013999049999999999
QLC/BTC,1599239086022,2020-09-04T17:04:46.022Z,buy,1.95e-06,18.0,3.51e-05
QLC/BTC,1599239138318,2020-09-04T17:05:38.318Z,sell,1.94e-06,26573.0,0.05155162
QLC/BTC,1599239138318,2020-09-04T17:05:38.318Z,sell,1.93e-06,50623.0,0.09770239000000001
QLC/BTC,1599239138326,2020-09-04T17:05:38.326Z,buy,1.93e-06,49582.0,0.09569326
QLC/BTC,1599239183712,2020-09-04T17:06:23.712Z,sell,1.94e-06,70.0,0.0001358
QLC/BTC,1599239189630,2020-09-04T17:06:29.630Z,sell,1.94e-06,1515.0,0.0029391
QLC/BTC,1599239189630,2020-09-04T17:06:29.630Z,sell,1.93e-06,8035.0,0.015507550000000002
QLC/BTC,1599239213369,2020-09-04T17:06:53.369Z,buy,1.94e-06,4161.0,0.00807234
QLC/BTC,1599239243680,2020-09-04T17:07:23.680Z,buy,1.95e-06,14.0,2.73e-05
QLC/BTC,1599239422879,2020-09-04T17:10:22.879Z,buy,1.95e-06,442.0,0.0008619
QLC/BTC,1599239462788,2020-09-04T17:11:02.788Z,buy,1.95e-06,52.0,0.0001014
QLC/BTC,1599239486856,2020-09-04T17:11:26.856Z,sell,1.94e-06,100.0,0.000194
QLC/BTC,1599239607228,2020-09-04T17:13:27.228Z,buy,1.95e-06,18000.0,0.0351
QLC/BTC,1599239625391,2020-09-04T17:13:45.391Z,buy,1.95e-06,30116.0,0.0587262
QLC/BTC,1599239677568,2020-09-04T17:14:37.568Z,sell,1.95e-06,708.0,0.0013806
QLC/BTC,1599239681679,2020-09-04T17:14:41.679Z,sell,1.95e-06,1120.0,0.002184
QLC/BTC,1599239682864,2020-09-04T17:14:42.864Z,sell,1.95e-06,1459.0,0.00284505
QLC/BTC,1599239702937,2020-09-04T17:15:02.937Z,sell,1.95e-06,820.0,0.001599
QLC/BTC,1599239815040,2020-09-04T17:16:55.040Z,sell,1.95e-06,783.0,0.00152685
QLC/BTC,1599239910965,2020-09-04T17:18:30.965Z,sell,1.95e-06,654.0,0.0012753
QLC/BTC,1599239953669,2020-09-04T17:19:13.669Z,sell,1.95e-06,93.0,0.00018135
QLC/BTC,1599240070109,2020-09-04T17:21:10.109Z,sell,1.95e-06,800.0,0.00156
QLC/BTC,1599240096322,2020-09-04T17:21:36.322Z,sell,1.95e-06,30823.0,0.06010485
QLC/BTC,1599240096322,2020-09-04T17:21:36.322Z,sell,1.94e-06,49608.0,0.09623952000000001
QLC/BTC,1599240096322,2020-09-04T17:21:36.322Z,sell,1.93e-06,38357.0,0.07402901
QLC/BTC,1599240096322,2020-09-04T17:21:36.322Z,sell,1.92e-06,74445.0,0.1429344
QLC/BTC,1599240096322,2020-09-04T17:21:36.322Z,sell,1.91e-06,38301.0,0.07315491
QLC/BTC,1599240096344,2020-09-04T17:21:36.344Z,sell,1.92e-06,4687.0,0.00899904
QLC/BTC,1599240096344,2020-09-04T17:21:36.344Z,sell,1.91e-06,27628.0,0.05276948
QLC/BTC,1599240096364,2020-09-04T17:21:36.364Z,sell,1.93e-06,769.0,0.0014841700000000002
QLC/BTC,1599240096495,2020-09-04T17:21:36.495Z,buy,1.94e-06,1100.0,0.002134
QLC/BTC,1599240096576,2020-09-04T17:21:36.576Z,buy,1.94e-06,81.0,0.00015714
QLC/BTC,1599240099159,2020-09-04T17:21:39.159Z,buy,1.94e-06,2737.0,0.00530978
QLC/BTC,1599240099369,2020-09-04T17:21:39.369Z,buy,1.94e-06,3918.0,0.007600920000000001
QLC/BTC,1599240099420,2020-09-04T17:21:39.420Z,buy,1.94e-06,2737.0,0.00530978
QLC/BTC,1599240099420,2020-09-04T17:21:39.420Z,buy,1.94e-06,2737.0,0.00530978
QLC/BTC,1599240099420,2020-09-04T17:21:39.420Z,buy,1.94e-06,2737.0,0.00530978
QLC/BTC,1599240099422,2020-09-04T17:21:39.422Z,buy,1.94e-06,2737.0,0.00530978
QLC/BTC,1599240099422,2020-09-04T17:21:39.422Z,buy,1.94e-06,2737.0,0.00530978
QLC/BTC,1599240099422,2020-09-04T17:21:39.422Z,buy,1.94e-06,2737.0,0.00530978
QLC/BTC,1599240099424,2020-09-04T17:21:39.424Z,buy,1.94e-06,2737.0,0.00530978
QLC/BTC,1599240099424,2020-09-04T17:21:39.424Z,buy,1.94e-06,2737.0,0.00530978
QLC/BTC,1599240099424,2020-09-04T17:21:39.424Z,buy,1.94e-06,2737.0,0.00530978
QLC/BTC,1599240099427,2020-09-04T17:21:39.427Z,buy,1.94e-06,2737.0,0.00530978
QLC/BTC,1599240099506,2020-09-04T17:21:39.506Z,buy,1.94e-06,17003.0,0.03298582
QLC/BTC,1599240117072,2020-09-04T17:21:57.072Z,buy,1.94e-06,5926.0,0.01149644
QLC/BTC,1599240117765,2020-09-04T17:21:57.765Z,sell,1.94e-06,584.0,0.0011329600000000001
QLC/BTC,1599240123123,2020-09-04T17:22:03.123Z,buy,1.95e-06,16.0,3.12e-05
QLC/BTC,1599240148722,2020-09-04T17:22:28.722Z,sell,1.94e-06,51396.0,0.09970824
QLC/BTC,1599240176766,2020-09-04T17:22:56.766Z,buy,1.94e-06,115.0,0.0002231
QLC/BTC,1599240267086,2020-09-04T17:24:27.086Z,buy,1.94e-06,1028.0,0.00199432
QLC/BTC,1599240314007,2020-09-04T17:25:14.007Z,buy,1.94e-06,113.0,0.00021922
QLC/BTC,1599240339834,2020-09-04T17:25:39.834Z,sell,1.93e-06,680.0,0.0013124
QLC/BTC,1599240353503,2020-09-04T17:25:53.503Z,buy,1.94e-06,17.0,3.298e-05
QLC/BTC,1599240387090,2020-09-04T17:26:27.090Z,buy,1.94e-06,10000.0,0.0194
QLC/BTC,1599240489567,2020-09-04T17:28:09.567Z,buy,1.94e-06,721.0,0.00139874
QLC/BTC,1599240503984,2020-09-04T17:28:23.984Z,buy,1.94e-06,4335.0,0.0084099
QLC/BTC,1599240595679,2020-09-04T17:29:55.679Z,sell,1.94e-06,874.0,0.00169556
QLC/BTC,1599240776276,2020-09-04T17:32:56.276Z,sell,1.94e-06,3230.0,0.0062662
QLC/BTC,1599240776279,2020-09-04T17:32:56.279Z,sell,1.94e-06,688.0,0.00133472
QLC/BTC,1599241137295,2020-09-04T17:38:57.295Z,buy,1.94e-06,26752.0,0.05189888
QLC/BTC,1599241284245,2020-09-04T17:41:24.245Z,buy,1.94e-06,18.0,3.492e-05
QLC/BTC,1599241426976,2020-09-04T17:43:46.976Z,buy,1.94e-06,293.0,0.00056842
QLC/BTC,1599241921770,2020-09-04T17:52:01.770Z,sell,1.93e-06,4453.0,0.008594290000000001
QLC/BTC,1599241941684,2020-09-04T17:52:21.684Z,sell,1.93e-06,11255.0,0.021722150000000003
QLC/BTC,1599241941912,2020-09-04T17:52:21.912Z,sell,1.93e-06,95.0,0.00018335
QLC/BTC,1599241959423,2020-09-04T17:52:39.423Z,buy,1.94e-06,129.0,0.00025026000000000003
QLC/BTC,1599242001776,2020-09-04T17:53:21.776Z,sell,1.93e-06,54089.0,0.10439177000000001
QLC/BTC,1599242146275,2020-09-04T17:55:46.275Z,buy,1.94e-06,699.0,0.00135606
QLC/BTC,1599242168489,2020-09-04T17:56:08.489Z,sell,1.93e-06,100317.0,0.19361181000000002
QLC/BTC,1599242168489,2020-09-04T17:56:08.489Z,sell,1.93e-06,100317.0,0.19361181000000002
QLC/BTC,1599242384581,2020-09-04T17:59:44.581Z,buy,1.94e-06,70.0,0.0001358
QLC/BTC,1599242387962,2020-09-04T17:59:47.962Z,sell,1.93e-06,70.0,0.0001351
QLC/BTC,1599242442907,2020-09-04T18:00:42.907Z,buy,1.94e-06,104.0,0.00020176
QLC/BTC,1599242449202,2020-09-04T18:00:49.202Z,buy,1.94e-06,1086.0,0.00210684
QLC/BTC,1599242569204,2020-09-04T18:02:49.204Z,buy,1.94e-06,2072.0,0.00401968
QLC/BTC,1599242608719,2020-09-04T18:03:28.719Z,sell,1.93e-06,86.0,0.00016598
QLC/BTC,1599242752936,2020-09-04T18:05:52.936Z,sell,1.93e-06,48948.0,0.09446964000000001
QLC/BTC,1599242758034,2020-09-04T18:05:58.034Z,buy,1.93e-06,311.0,0.0006002300000000001
QLC/BTC,1599242785952,2020-09-04T18:06:25.952Z,buy,1.94e-06,776.0,0.00150544
QLC/BTC,1599242815146,2020-09-04T18:06:55.146Z,sell,1.93e-06,3.0,5.7900000000000005e-06
QLC/BTC,1599242815146,2020-09-04T18:06:55.146Z,sell,1.92e-06,49820.0,0.09565439999999999
QLC/BTC,1599242955819,2020-09-04T18:09:15.819Z,sell,1.92e-06,102876.0,0.19752192
QLC/BTC,1599242955839,2020-09-04T18:09:15.839Z,buy,1.92e-06,976.0,0.0018739199999999998
QLC/BTC,1599242955848,2020-09-04T18:09:15.848Z,buy,1.92e-06,977.0,0.00187584
QLC/BTC,1599242957329,2020-09-04T18:09:17.329Z,buy,1.92e-06,1319.0,0.0025324799999999997
QLC/BTC,1599243000152,2020-09-04T18:10:00.152Z,sell,1.92e-06,21903.0,0.042053759999999996
QLC/BTC,1599243025283,2020-09-04T18:10:25.283Z,buy,1.92e-06,647.0,0.00124224
QLC/BTC,1599243069032,2020-09-04T18:11:09.032Z,buy,1.92e-06,341.0,0.0006547199999999999
QLC/BTC,1599243188800,2020-09-04T18:13:08.800Z,sell,1.91e-06,20000.0,0.0382
QLC/BTC,1599243188810,2020-09-04T18:13:08.810Z,sell,1.91e-06,1518.0,0.00289938
QLC/BTC,1599243190220,2020-09-04T18:13:10.220Z,buy,1.91e-06,1838.0,0.0035105799999999997
QLC/BTC,1599243229209,2020-09-04T18:13:49.209Z,sell,1.9e-06,24648.0,0.0468312
QLC/BTC,1599243239557,2020-09-04T18:13:59.557Z,buy,1.91e-06,60.0,0.0001146
QLC/BTC,1599243256135,2020-09-04T18:14:16.135Z,sell,1.9e-06,831.0,0.0015789
QLC/BTC,1599243256318,2020-09-04T18:14:16.318Z,buy,1.91e-06,502.0,0.00095882
QLC/BTC,1599243257155,2020-09-04T18:14:17.155Z,buy,1.92e-06,1578.0,0.00302976
QLC/BTC,1599243274512,2020-09-04T18:14:34.512Z,sell,1.91e-06,679.0,0.00129689
QLC/BTC,1599243287284,2020-09-04T18:14:47.284Z,buy,1.92e-06,106.0,0.00020351999999999998
QLC/BTC,1599243287284,2020-09-04T18:14:47.284Z,buy,1.93e-06,1535.0,0.0029625500000000004
QLC/BTC,1599243316174,2020-09-04T18:15:16.174Z,buy,1.92e-06,406.0,0.0007795199999999999
QLC/BTC,1599243329196,2020-09-04T18:15:29.196Z,buy,1.92e-06,133.0,0.00025536
QLC/BTC,1599243332071,2020-09-04T18:15:32.071Z,buy,1.92e-06,424.0,0.0008140799999999999
QLC/BTC,1599243354999,2020-09-04T18:15:54.999Z,sell,1.92e-06,212.0,0.00040703999999999995
QLC/BTC,1599243503130,2020-09-04T18:18:23.130Z,buy,1.93e-06,15.0,2.8950000000000002e-05
QLC/BTC,1599244226418,2020-09-04T18:30:26.418Z,buy,1.92e-06,629.0,0.0012076799999999998
QLC/BTC,1599244331158,2020-09-04T18:32:11.158Z,buy,1.92e-06,3.0,5.759999999999999e-06
QLC/BTC,1599244594539,2020-09-04T18:36:34.539Z,buy,1.93e-06,16.0,3.088e-05
QLC/BTC,1599244929465,2020-09-04T18:42:09.465Z,sell,1.92e-06,1000.0,0.0019199999999999998
QLC/BTC,1599244988671,2020-09-04T18:43:08.671Z,buy,1.93e-06,15.0,2.8950000000000002e-05
QLC/BTC,1599245067724,2020-09-04T18:44:27.724Z,sell,1.92e-06,1000.0,0.0019199999999999998
QLC/BTC,1599245292692,2020-09-04T18:48:12.692Z,buy,1.93e-06,907.0,0.00175051
QLC/BTC,1599245293190,2020-09-04T18:48:13.190Z,buy,1.93e-06,887.0,0.00171191
QLC/BTC,1599245353820,2020-09-04T18:49:13.820Z,buy,1.93e-06,20000.0,0.0386
QLC/BTC,1599245365033,2020-09-04T18:49:25.033Z,buy,1.93e-06,3488.0,0.00673184
QLC/BTC,1599245373590,2020-09-04T18:49:33.590Z,buy,1.93e-06,439.0,0.0008472700000000001
QLC/BTC,1599245383275,2020-09-04T18:49:43.275Z,buy,1.93e-06,253.0,0.0004882900000000001
QLC/BTC,1599245490635,2020-09-04T18:51:30.635Z,sell,1.92e-06,37883.0,0.07273536
QLC/BTC,1599245490637,2020-09-04T18:51:30.637Z,sell,1.92e-06,2583.0,0.0049593599999999995
QLC/BTC,1599245490638,2020-09-04T18:51:30.638Z,sell,1.92e-06,186.0,0.00035711999999999994
QLC/BTC,1599245490640,2020-09-04T18:51:30.640Z,sell,1.92e-06,763.0,0.00146496
QLC/BTC,1599245569372,2020-09-04T18:52:49.372Z,sell,1.92e-06,757.0,0.0014534399999999999
QLC/BTC,1599245575810,2020-09-04T18:52:55.810Z,sell,1.92e-06,119.0,0.00022847999999999998
QLC/BTC,1599245575810,2020-09-04T18:52:55.810Z,sell,1.92e-06,119.0,0.00022847999999999998
QLC/BTC,1599245915933,2020-09-04T18:58:35.933Z,buy,1.93e-06,531.0,0.00102483
QLC/BTC,1599245918128,2020-09-04T18:58:38.128Z,buy,1.93e-06,195.0,0.00037635
QLC/BTC,1599245918660,2020-09-04T18:58:38.660Z,buy,1.93e-06,194.0,0.00037442000000000004
QLC/BTC,1599245930365,2020-09-04T18:58:50.365Z,sell,1.92e-06,82.0,0.00015743999999999998
QLC/BTC,1599245950966,2020-09-04T18:59:10.966Z,buy,1.93e-06,711.0,0.00137223
QLC/BTC,1599246100289,2020-09-04T19:01:40.289Z,buy,1.93e-06,890.0,0.0017177000000000002
QLC/BTC,1599246106430,2020-09-04T19:01:46.430Z,buy,1.93e-06,70.0,0.0001351
QLC/BTC,1599246171104,2020-09-04T19:02:51.104Z,sell,1.92e-06,5361.0,0.01029312
QLC/BTC,1599246193168,2020-09-04T19:03:13.168Z,buy,1.92e-06,104.0,0.00019967999999999999
QLC/BTC,1599246194962,2020-09-04T19:03:14.962Z,buy,1.92e-06,104.0,0.00019967999999999999
QLC/BTC,1599246265921,2020-09-04T19:04:25.921Z,buy,1.92e-06,26865.0,0.051580799999999996
QLC/BTC,1599246381882,2020-09-04T19:06:21.882Z,sell,1.91e-06,3613.0,0.00690083
QLC/BTC,1599246515793,2020-09-04T19:08:35.793Z,sell,1.91e-06,1000.0,0.00191
QLC/BTC,1599246567133,2020-09-04T19:09:27.133Z,sell,1.91e-06,1009.0,0.0019271899999999998
QLC/BTC,1599246635207,2020-09-04T19:10:35.207Z,buy,1.93e-06,18.0,3.474e-05
QLC/BTC,1599246639482,2020-09-04T19:10:39.482Z,sell,1.91e-06,5032.0,0.009611119999999999
QLC/BTC,1599246743827,2020-09-04T19:12:23.827Z,sell,1.91e-06,5764.0,0.01100924
QLC/BTC,1599246873970,2020-09-04T19:14:33.970Z,buy,1.92e-06,316.0,0.0006067199999999999
QLC/BTC,1599246991250,2020-09-04T19:16:31.250Z,sell,1.91e-06,72.0,0.00013752
QLC/BTC,1599247010493,2020-09-04T19:16:50.493Z,buy,1.92e-06,33524.0,0.06436607999999999
QLC/BTC,1599247014670,2020-09-04T19:16:54.670Z,buy,1.93e-06,15.0,2.8950000000000002e-05
QLC/BTC,1599247017643,2020-09-04T19:16:57.643Z,buy,1.93e-06,104.0,0.00020072000000000002
QLC/BTC,1599247079570,2020-09-04T19:17:59.570Z,buy,1.93e-06,451.0,0.00087043
QLC/BTC,1599247130644,2020-09-04T19:18:50.644Z,sell,1.92e-06,2406.0,0.004619519999999999
QLC/BTC,1599247134126,2020-09-04T19:18:54.126Z,buy,1.93e-06,2391.0,0.004614630000000001
QLC/BTC,1599247212641,2020-09-04T19:20:12.641Z,sell,1.92e-06,5895.0,0.0113184
QLC/BTC,1599247214951,2020-09-04T19:20:14.951Z,buy,1.93e-06,439.0,0.0008472700000000001
QLC/BTC,1599247214954,2020-09-04T19:20:14.954Z,buy,1.93e-06,8675.0,0.01674275
QLC/BTC,1599247214956,2020-09-04T19:20:14.956Z,buy,1.93e-06,8675.0,0.01674275
QLC/BTC,1599247236940,2020-09-04T19:20:36.940Z,buy,1.93e-06,1475.0,0.0028467500000000003
QLC/BTC,1599247309523,2020-09-04T19:21:49.523Z,buy,1.93e-06,161.0,0.00031073
QLC/BTC,1599247309523,2020-09-04T19:21:49.523Z,buy,1.94e-06,2199.0,0.00426606
QLC/BTC,1599247459503,2020-09-04T19:24:19.503Z,sell,1.92e-06,1073.0,0.0020601599999999997
QLC/BTC,1599247459504,2020-09-04T19:24:19.504Z,sell,1.92e-06,4115.0,0.0079008
QLC/BTC,1599247469165,2020-09-04T19:24:29.165Z,buy,1.93e-06,469.0,0.0009051700000000001
QLC/BTC,1599247477206,2020-09-04T19:24:37.206Z,buy,1.93e-06,201.0,0.00038793000000000003
QLC/BTC,1599247559636,2020-09-04T19:25:59.636Z,buy,1.93e-06,17450.0,0.0336785
QLC/BTC,1599247582501,2020-09-04T19:26:22.501Z,sell,1.93e-06,51.0,9.843e-05
QLC/BTC,1599247628477,2020-09-04T19:27:08.477Z,sell,1.92e-06,15600.0,0.029951999999999996
QLC/BTC,1599247639793,2020-09-04T19:27:19.793Z,buy,1.93e-06,4413.0,0.008517090000000001
QLC/BTC,1599247643519,2020-09-04T19:27:23.519Z,sell,1.93e-06,587.0,0.00113291
QLC/BTC,1599247719437,2020-09-04T19:28:39.437Z,buy,1.94e-06,216034.0,0.41910596
QLC/BTC,1599247869440,2020-09-04T19:31:09.440Z,sell,1.93e-06,314.0,0.0006060200000000001
QLC/BTC,1599247908298,2020-09-04T19:31:48.298Z,buy,1.94e-06,300.0,0.000582
QLC/BTC,1599247976289,2020-09-04T19:32:56.289Z,sell,1.93e-06,4894.0,0.009445420000000001
QLC/BTC,1599247976289,2020-09-04T19:32:56.289Z,sell,1.92e-06,3377.0,0.006483839999999999
QLC/BTC,1599248013624,2020-09-04T19:33:33.624Z,buy,1.93e-06,1323.0,0.00255339
QLC/BTC,1599248063275,2020-09-04T19:34:23.275Z,buy,1.94e-06,67.0,0.00012998
QLC/BTC,1599248118670,2020-09-04T19:35:18.670Z,buy,1.94e-06,458.0,0.0008885200000000001
QLC/BTC,1599248135398,2020-09-04T19:35:35.398Z,sell,1.93e-06,315.0,0.00060795
QLC/BTC,1599248196704,2020-09-04T19:36:36.704Z,buy,1.94e-06,62982.0,0.12218508
QLC/BTC,1599248197212,2020-09-04T19:36:37.212Z,sell,1.94e-06,2049.0,0.00397506
QLC/BTC,1599248202285,2020-09-04T19:36:42.285Z,sell,1.94e-06,1131.0,0.0021941400000000002
QLC/BTC,1599248202995,2020-09-04T19:36:42.995Z,sell,1.94e-06,1033.0,0.00200402
QLC/BTC,1599248211712,2020-09-04T19:36:51.712Z,buy,1.95e-06,467.0,0.0009106499999999999
QLC/BTC,1599248215117,2020-09-04T19:36:55.117Z,sell,1.94e-06,757.0,0.0014685800000000001
QLC/BTC,1599248215129,2020-09-04T19:36:55.129Z,sell,1.94e-06,1221.0,0.0023687400000000003
QLC/BTC,1599248232740,2020-09-04T19:37:12.740Z,sell,1.94e-06,1452.0,0.00281688
QLC/BTC,1599248284495,2020-09-04T19:38:04.495Z,sell,1.94e-06,122.0,0.00023668000000000002
QLC/BTC,1599248708112,2020-09-04T19:45:08.112Z,sell,1.93e-06,590.0,0.0011387
QLC/BTC,1599248732254,2020-09-04T19:45:32.254Z,buy,1.94e-06,72.0,0.00013968
QLC/BTC,1599248737607,2020-09-04T19:45:37.607Z,sell,1.94e-06,519.0,0.00100686
QLC/BTC,1599248790882,2020-09-04T19:46:30.882Z,buy,1.94e-06,54.0,0.00010476
QLC/BTC,1599248790882,2020-09-04T19:46:30.882Z,buy,1.95e-06,6946.0,0.0135447
QLC/BTC,1599249034659,2020-09-04T19:50:34.659Z,buy,1.94e-06,330.0,0.0006402000000000001
QLC/BTC,1599249034706,2020-09-04T19:50:34.706Z,sell,1.93e-06,26103.0,0.05037879000000001
QLC/BTC,1599249034875,2020-09-04T19:50:34.875Z,sell,1.93e-06,55.0,0.00010615
QLC/BTC,1599249049836,2020-09-04T19:50:49.836Z,buy,1.94e-06,787.0,0.0015267800000000002
QLC/BTC,1599249101713,2020-09-04T19:51:41.713Z,buy,1.94e-06,1000.0,0.00194
QLC/BTC,1599249114610,2020-09-04T19:51:54.610Z,buy,1.94e-06,2391.0,0.00463854
QLC/BTC,1599249136380,2020-09-04T19:52:16.380Z,buy,1.95e-06,22530.0,0.0439335
QLC/BTC,1599249166879,2020-09-04T19:52:46.879Z,sell,1.94e-06,250.0,0.000485
QLC/BTC,1599249166879,2020-09-04T19:52:46.879Z,sell,1.94e-06,250.0,0.000485
QLC/BTC,1599249194428,2020-09-04T19:53:14.428Z,buy,1.95e-06,7797.0,0.01520415
QLC/BTC,1599249307140,2020-09-04T19:55:07.140Z,buy,1.95e-06,579.0,0.00112905
QLC/BTC,1599249487637,2020-09-04T19:58:07.637Z,buy,1.95e-06,1791.0,0.00349245
QLC/BTC,1599249618774,2020-09-04T20:00:18.774Z,sell,1.94e-06,103.0,0.00019982
QLC/BTC,1599249618774,2020-09-04T20:00:18.774Z,sell,1.93e-06,8223.0,0.01587039
QLC/BTC,1599249953607,2020-09-04T20:05:53.607Z,buy,1.95e-06,725.0,0.00141375
QLC/BTC,1599250213525,2020-09-04T20:10:13.525Z,buy,1.95e-06,70.0,0.0001365
QLC/BTC,1599250270017,2020-09-04T20:11:10.017Z,buy,1.95e-06,328.0,0.0006395999999999999
QLC/BTC,1599250290876,2020-09-04T20:11:30.876Z,buy,1.95e-06,751.0,0.00146445
QLC/BTC,1599250531917,2020-09-04T20:15:31.917Z,buy,1.95e-06,658.0,0.0012831
QLC/BTC,1599250727994,2020-09-04T20:18:47.994Z,buy,1.95e-06,825.0,0.00160875
QLC/BTC,1599250811912,2020-09-04T20:20:11.912Z,sell,1.94e-06,1104.0,0.00214176
QLC/BTC,1599250811912,2020-09-04T20:20:11.912Z,sell,1.93e-06,2782.0,0.005369260000000001
QLC/BTC,1599250999235,2020-09-04T20:23:19.235Z,buy,1.94e-06,693.0,0.00134442
QLC/BTC,1599251129264,2020-09-04T20:25:29.264Z,buy,1.94e-06,1391.0,0.00269854
QLC/BTC,1599251166086,2020-09-04T20:26:06.086Z,buy,1.94e-06,41603.0,0.08070982
QLC/BTC,1599251216924,2020-09-04T20:26:56.924Z,buy,1.94e-06,52.0,0.00010088
QLC/BTC,1599251218115,2020-09-04T20:26:58.115Z,buy,1.94e-06,1518.0,0.00294492
QLC/BTC,1599251235562,2020-09-04T20:27:15.562Z,buy,1.94e-06,395.0,0.0007663
QLC/BTC,1599251236599,2020-09-04T20:27:16.599Z,sell,1.93e-06,8368.0,0.01615024
QLC/BTC,1599251300851,2020-09-04T20:28:20.851Z,buy,1.94e-06,135273.0,0.26242962000000003
QLC/BTC,1599251417657,2020-09-04T20:30:17.657Z,buy,1.95e-06,90.0,0.00017549999999999998
QLC/BTC,1599251525472,2020-09-04T20:32:05.472Z,sell,1.94e-06,3917.0,0.00759898
QLC/BTC,1599251580987,2020-09-04T20:33:00.987Z,buy,1.95e-06,15.0,2.925e-05
QLC/BTC,1599251740801,2020-09-04T20:35:40.801Z,buy,1.95e-06,17.0,3.315e-05
QLC/BTC,1599251827571,2020-09-04T20:37:07.571Z,buy,1.95e-06,9072.0,0.0176904
QLC/BTC,1599251835912,2020-09-04T20:37:15.912Z,buy,1.96e-06,15.0,2.9399999999999996e-05
QLC/BTC,1599251934244,2020-09-04T20:38:54.244Z,sell,1.95e-06,2350.0,0.0045825
QLC/BTC,1599252054329,2020-09-04T20:40:54.329Z,buy,1.96e-06,1944.0,0.00381024
QLC/BTC,1599252354619,2020-09-04T20:45:54.619Z,sell,1.95e-06,2039.0,0.00397605
QLC/BTC,1599252355807,2020-09-04T20:45:55.807Z,sell,1.95e-06,1054.0,0.0020553
QLC/BTC,1599252379852,2020-09-04T20:46:19.852Z,sell,1.95e-06,810.0,0.0015795
QLC/BTC,1599252379879,2020-09-04T20:46:19.879Z,sell,1.95e-06,637.0,0.00124215
QLC/BTC,1599252538391,2020-09-04T20:48:58.391Z,sell,1.95e-06,2110.0,0.0041145
QLC/BTC,1599252706651,2020-09-04T20:51:46.651Z,buy,1.96e-06,2551.0,0.0049999599999999995
QLC/BTC,1599252760159,2020-09-04T20:52:40.159Z,buy,1.96e-06,59490.0,0.11660039999999999
QLC/BTC,1599252760159,2020-09-04T20:52:40.159Z,buy,1.96e-06,59490.0,0.11660039999999999
QLC/BTC,1599252812057,2020-09-04T20:53:32.057Z,buy,1.96e-06,57.0,0.00011172
QLC/BTC,1599252958454,2020-09-04T20:55:58.454Z,sell,1.95e-06,323.0,0.0006298499999999999
QLC/BTC,1599253142747,2020-09-04T20:59:02.747Z,buy,1.96e-06,3285.0,0.006438599999999999
QLC/BTC,1599253169105,2020-09-04T20:59:29.105Z,sell,1.95e-06,3282.0,0.0063999
QLC/BTC,1599253185496,2020-09-04T20:59:45.496Z,sell,1.95e-06,753.0,0.00146835
QLC/BTC,1599253191873,2020-09-04T20:59:51.873Z,buy,1.96e-06,380.0,0.0007448
QLC/BTC,1599253284851,2020-09-04T21:01:24.851Z,buy,1.96e-06,1531.0,0.00300076
QLC/BTC,1599253293509,2020-09-04T21:01:33.509Z,buy,1.96e-06,11256.0,0.02206176
QLC/BTC,1599253317297,2020-09-04T21:01:57.297Z,sell,1.95e-06,963.0,0.00187785
QLC/BTC,1599253442111,2020-09-04T21:04:02.111Z,buy,1.96e-06,4902.0,0.009607919999999999
QLC/BTC,1599253442183,2020-09-04T21:04:02.183Z,sell,1.96e-06,277.0,0.00054292
QLC/BTC,1599253442518,2020-09-04T21:04:02.518Z,sell,1.96e-06,242.0,0.00047431999999999997
QLC/BTC,1599253446489,2020-09-04T21:04:06.489Z,buy,1.97e-06,893.0,0.0017592100000000002
QLC/BTC,1599253559265,2020-09-04T21:05:59.265Z,sell,1.96e-06,145.0,0.00028419999999999997
QLC/BTC,1599253559313,2020-09-04T21:05:59.313Z,sell,1.96e-06,15253.0,0.02989588
QLC/BTC,1599253579376,2020-09-04T21:06:19.376Z,sell,1.96e-06,137.0,0.00026851999999999996
QLC/BTC,1599253767356,2020-09-04T21:09:27.356Z,sell,1.96e-06,14226.0,0.02788296
QLC/BTC,1599254062811,2020-09-04T21:14:22.811Z,buy,1.96e-06,52.0,0.00010192
QLC/BTC,1599254155001,2020-09-04T21:15:55.001Z,buy,1.96e-06,5593.0,0.01096228
QLC/BTC,1599254223320,2020-09-04T21:17:03.320Z,sell,1.95e-06,20448.0,0.0398736
QLC/BTC,1599254297453,2020-09-04T21:18:17.453Z,buy,1.96e-06,21146.0,0.041446159999999996
QLC/BTC,1599254523706,2020-09-04T21:22:03.706Z,buy,1.96e-06,95.0,0.0001862
QLC/BTC,1599254801834,2020-09-04T21:26:41.834Z,buy,1.96e-06,527.0,0.0010329199999999999
QLC/BTC,1599254815055,2020-09-04T21:26:55.055Z,buy,1.96e-06,611.0,0.0011975599999999999
QLC/BTC,1599254915120,2020-09-04T21:28:35.120Z,sell,1.95e-06,13264.0,0.0258648
QLC/BTC,1599255229240,2020-09-04T21:33:49.240Z,sell,1.95e-06,59475.0,0.11597625
QLC/BTC,1599255229440,2020-09-04T21:33:49.440Z,sell,1.95e-06,68.0,0.0001326
QLC/BTC,1599255229447,2020-09-04T21:33:49.447Z,sell,1.95e-06,59.0,0.00011505
QLC/BTC,1599255300936,2020-09-04T21:35:00.936Z,buy,1.96e-06,10154.0,0.019901839999999997
QLC/BTC,1599255723498,2020-09-04T21:42:03.498Z,buy,1.96e-06,946.0,0.0018541599999999999
QLC/BTC,1599255897290,2020-09-04T21:44:57.290Z,buy,1.96e-06,30296.0,0.059380159999999994
QLC/BTC,1599256297118,2020-09-04T21:51:37.118Z,buy,1.96e-06,17.0,3.332e-05
QLC/BTC,1599256323418,2020-09-04T21:52:03.418Z,sell,1.95e-06,97551.0,0.19022445
QLC/BTC,1599256329328,2020-09-04T21:52:09.328Z,sell,1.95e-06,6009.0,0.01171755
QLC/BTC,1599256329328,2020-09-04T21:52:09.328Z,sell,1.95e-06,6009.0,0.01171755
QLC/BTC,1599256410238,2020-09-04T21:53:30.238Z,sell,1.94e-06,189383.0,0.36740302
QLC/BTC,1599256410238,2020-09-04T21:53:30.238Z,sell,1.93e-06,7374.0,0.014231820000000001
QLC/BTC,1599256410238,2020-09-04T21:53:30.238Z,sell,1.92e-06,14018.0,0.026914559999999997
QLC/BTC,1599256410238,2020-09-04T21:53:30.238Z,sell,1.91e-06,228606.0,0.43663746
QLC/BTC,1599256410238,2020-09-04T21:53:30.238Z,sell,1.9e-06,90005.0,0.1710095
QLC/BTC,1599256410246,2020-09-04T21:53:30.246Z,buy,1.9e-06,2117.0,0.0040223
QLC/BTC,1599256410246,2020-09-04T21:53:30.246Z,buy,1.9e-06,2117.0,0.0040223
QLC/BTC,1599256410246,2020-09-04T21:53:30.246Z,buy,1.9e-06,2117.0,0.0040223
QLC/BTC,1599256410246,2020-09-04T21:53:30.246Z,buy,1.9e-06,2117.0,0.0040223
QLC/BTC,1599256410247,2020-09-04T21:53:30.247Z,buy,1.9e-06,2117.0,0.0040223
QLC/BTC,1599256410247,2020-09-04T21:53:30.247Z,buy,1.9e-06,2117.0,0.0040223
QLC/BTC,1599256410248,2020-09-04T21:53:30.248Z,buy,1.9e-06,2117.0,0.0040223
QLC/BTC,1599256410248,2020-09-04T21:53:30.248Z,buy,1.9e-06,2117.0,0.0040223
QLC/BTC,1599256410248,2020-09-04T21:53:30.248Z,buy,1.9e-06,2117.0,0.0040223
QLC/BTC,1599256410248,2020-09-04T21:53:30.248Z,buy,1.9e-06,2117.0,0.0040223
QLC/BTC,1599256410249,2020-09-04T21:53:30.249Z,buy,1.9e-06,2117.0,0.0040223
QLC/BTC,1599256410249,2020-09-04T21:53:30.249Z,buy,1.9e-06,2117.0,0.0040223
QLC/BTC,1599256410249,2020-09-04T21:53:30.249Z,buy,1.9e-06,2117.0,0.0040223
QLC/BTC,1599256410249,2020-09-04T21:53:30.249Z,buy,1.9e-06,2117.0,0.0040223
QLC/BTC,1599256410249,2020-09-04T21:53:30.249Z,buy,1.9e-06,2117.0,0.0040223
QLC/BTC,1599256410249,2020-09-04T21:53:30.249Z,buy,1.9e-06,2117.0,0.0040223
QLC/BTC,1599256410249,2020-09-04T21:53:30.249Z,buy,1.9e-06,2117.0,0.0040223
QLC/BTC,1599256410249,2020-09-04T21:53:30.249Z,buy,1.9e-06,2117.0,0.0040223
QLC/BTC,1599256410249,2020-09-04T21:53:30.249Z,buy,1.9e-06,2117.0,0.0040223
QLC/BTC,1599256410249,2020-09-04T21:53:30.249Z,buy,1.9e-06,2117.0,0.0040223
QLC/BTC,1599256410250,2020-09-04T21:53:30.250Z,buy,1.9e-06,2117.0,0.0040223
QLC/BTC,1599256410250,2020-09-04T21:53:30.250Z,buy,1.9e-06,2117.0,0.0040223
QLC/BTC,1599256410251,2020-09-04T21:53:30.251Z,buy,1.9e-06,2117.0,0.0040223
QLC/BTC,1599256410251,2020-09-04T21:53:30.251Z,buy,1.9e-06,2117.0,0.0040223
QLC/BTC,1599256410251,2020-09-04T21:53:30.251Z,buy,1.9e-06,2117.0,0.0040223
QLC/BTC,1599256410251,2020-09-04T21:53:30.251Z,buy,1.9e-06,2117.0,0.0040223
QLC/BTC,1599256410251,2020-09-04T21:53:30.251Z,buy,1.9e-06,2117.0,0.0040223
QLC/BTC,1599256410251,2020-09-04T21:53:30.251Z,buy,1.9e-06,2117.0,0.0040223
QLC/BTC,1599256410251,2020-09-04T21:53:30.251Z,buy,1.9e-06,2117.0,0.0040223
QLC/BTC,1599256410251,2020-09-04T21:53:30.251Z,buy,1.9e-06,2117.0,0.0040223
QLC/BTC,1599256410251,2020-09-04T21:53:30.251Z,buy,1.9e-06,2117.0,0.0040223
QLC/BTC,1599256410253,2020-09-04T21:53:30.253Z,buy,1.9e-06,2117.0,0.0040223
QLC/BTC,1599256410253,2020-09-04T21:53:30.253Z,buy,1.9e-06,2613.0,0.0049647
QLC/BTC,1599256410253,2020-09-04T21:53:30.253Z,buy,1.9e-06,2117.0,0.0040223
QLC/BTC,1599256410253,2020-09-04T21:53:30.253Z,buy,1.9e-06,667.0,0.0012673
QLC/BTC,1599256410253,2020-09-04T21:53:30.253Z,buy,1.9e-06,2117.0,0.0040223
QLC/BTC,1599256410253,2020-09-04T21:53:30.253Z,buy,1.9e-06,2117.0,0.0040223
QLC/BTC,1599256410253,2020-09-04T21:53:30.253Z,buy,1.9e-06,2117.0,0.0040223
QLC/BTC,1599256410254,2020-09-04T21:53:30.254Z,buy,1.9e-06,2117.0,0.0040223
QLC/BTC,1599256410254,2020-09-04T21:53:30.254Z,buy,1.9e-06,2117.0,0.0040223
QLC/BTC,1599256410254,2020-09-04T21:53:30.254Z,buy,1.9e-06,2117.0,0.0040223
QLC/BTC,1599256410254,2020-09-04T21:53:30.254Z,buy,1.9e-06,2117.0,0.0040223
QLC/BTC,1599256410254,2020-09-04T21:53:30.254Z,buy,1.9e-06,2117.0,0.0040223
QLC/BTC,1599256410254,2020-09-04T21:53:30.254Z,buy,1.9e-06,2117.0,0.0040223
QLC/BTC,1599256410254,2020-09-04T21:53:30.254Z,buy,1.9e-06,2117.0,0.0040223
QLC/BTC,1599256410254,2020-09-04T21:53:30.254Z,buy,1.9e-06,2117.0,0.0040223
QLC/BTC,1599256410254,2020-09-04T21:53:30.254Z,buy,1.9e-06,2117.0,0.0040223
QLC/BTC,1599256410255,2020-09-04T21:53:30.255Z,buy,1.9e-06,95344.0,0.1811536
QLC/BTC,1599256410258,2020-09-04T21:53:30.258Z,buy,1.9e-06,52324.0,0.0994156
QLC/BTC,1599256410261,2020-09-04T21:53:30.261Z,buy,1.9e-06,2613.0,0.0049647
QLC/BTC,1599256410272,2020-09-04T21:53:30.272Z,buy,1.9e-06,680.0,0.001292
QLC/BTC,1599256410279,2020-09-04T21:53:30.279Z,buy,1.9e-06,259.0,0.0004921
QLC/BTC,1599256410283,2020-09-04T21:53:30.283Z,buy,1.9e-06,6277.0,0.0119263
QLC/BTC,1599256410284,2020-09-04T21:53:30.284Z,buy,1.9e-06,3837.0,0.0072903
QLC/BTC,1599256410289,2020-09-04T21:53:30.289Z,buy,1.9e-06,2599.0,0.0049381
QLC/BTC,1599256410297,2020-09-04T21:53:30.297Z,buy,1.9e-06,2599.0,0.0049381
QLC/BTC,1599256410304,2020-09-04T21:53:30.304Z,buy,1.9e-06,1971.0,0.0037449000000000002
QLC/BTC,1599256410305,2020-09-04T21:53:30.305Z,buy,1.9e-06,259.0,0.0004921
QLC/BTC,1599256410321,2020-09-04T21:53:30.321Z,buy,1.9e-06,259.0,0.0004921
QLC/BTC,1599256410341,2020-09-04T21:53:30.341Z,buy,1.9e-06,84115.0,0.1598185
QLC/BTC,1599256410349,2020-09-04T21:53:30.349Z,buy,1.9e-06,3917.0,0.0074423
QLC/BTC,1599256410357,2020-09-04T21:53:30.357Z,buy,1.9e-06,1323.0,0.0025137000000000002
QLC/BTC,1599256410379,2020-09-04T21:53:30.379Z,buy,1.9e-06,262.0,0.0004978
QLC/BTC,1599256410419,2020-09-04T21:53:30.419Z,buy,1.9e-06,259.0,0.0004921
QLC/BTC,1599256410527,2020-09-04T21:53:30.527Z,buy,1.9e-06,102.0,0.0001938
QLC/BTC,1599256411312,2020-09-04T21:53:31.312Z,buy,1.9e-06,6908.0,0.0131252
QLC/BTC,1599256411312,2020-09-04T21:53:31.312Z,buy,1.92e-06,640.0,0.0012288
QLC/BTC,1599256414230,2020-09-04T21:53:34.230Z,buy,1.92e-06,76.0,0.00014591999999999999
QLC/BTC,1599256415331,2020-09-04T21:53:35.331Z,buy,1.92e-06,359.0,0.0006892799999999999
QLC/BTC,1599256426780,2020-09-04T21:53:46.780Z,buy,1.92e-06,239223.0,0.45930815999999997
QLC/BTC,1599256426793,2020-09-04T21:53:46.793Z,sell,1.92e-06,7560.0,0.014515199999999999
QLC/BTC,1599256454142,2020-09-04T21:54:14.142Z,buy,1.93e-06,16.0,3.088e-05
QLC/BTC,1599256489271,2020-09-04T21:54:49.271Z,buy,1.93e-06,137.0,0.00026441
QLC/BTC,1599256532988,2020-09-04T21:55:32.988Z,buy,1.93e-06,445.0,0.0008588500000000001
QLC/BTC,1599256533646,2020-09-04T21:55:33.646Z,sell,1.93e-06,68.0,0.00013124000000000002
QLC/BTC,1599256576252,2020-09-04T21:56:16.252Z,buy,1.94e-06,588.0,0.00114072
QLC/BTC,1599256632407,2020-09-04T21:57:12.407Z,buy,1.94e-06,67.0,0.00012998
QLC/BTC,1599256651580,2020-09-04T21:57:31.580Z,buy,1.94e-06,90.0,0.00017460000000000002
QLC/BTC,1599256659140,2020-09-04T21:57:39.140Z,buy,1.94e-06,468.0,0.00090792
QLC/BTC,1599256695196,2020-09-04T21:58:15.196Z,buy,1.94e-06,52.0,0.00010088
QLC/BTC,1599256697587,2020-09-04T21:58:17.587Z,sell,1.93e-06,361.0,0.00069673
QLC/BTC,1599256766602,2020-09-04T21:59:26.602Z,buy,1.94e-06,25774.0,0.05000156
QLC/BTC,1599256837300,2020-09-04T22:00:37.300Z,buy,1.94e-06,631.0,0.00122414
QLC/BTC,1599256845796,2020-09-04T22:00:45.796Z,buy,1.94e-06,53531.0,0.10385014000000001
QLC/BTC,1599256845918,2020-09-04T22:00:45.918Z,sell,1.94e-06,9321.0,0.01808274
QLC/BTC,1599256847189,2020-09-04T22:00:47.189Z,buy,1.95e-06,17.0,3.315e-05
QLC/BTC,1599256867440,2020-09-04T22:01:07.440Z,sell,1.94e-06,873.0,0.00169362
QLC/BTC,1599256868665,2020-09-04T22:01:08.665Z,sell,1.94e-06,10158.0,0.01970652
QLC/BTC,1599256964637,2020-09-04T22:02:44.637Z,sell,1.94e-06,701.0,0.00135994
QLC/BTC,1599256978469,2020-09-04T22:02:58.469Z,sell,1.94e-06,69.0,0.00013386
QLC/BTC,1599257026934,2020-09-04T22:03:46.934Z,buy,1.94e-06,5240.0,0.0101656
QLC/BTC,1599257029665,2020-09-04T22:03:49.665Z,sell,1.94e-06,71.0,0.00013774
QLC/BTC,1599257041595,2020-09-04T22:04:01.595Z,buy,1.95e-06,15.0,2.925e-05
QLC/BTC,1599257057944,2020-09-04T22:04:17.944Z,buy,1.94e-06,4463.0,0.00865822
QLC/BTC,1599257241975,2020-09-04T22:07:21.975Z,sell,1.93e-06,14080.0,0.0271744
QLC/BTC,1599257242172,2020-09-04T22:07:22.172Z,sell,1.93e-06,73.0,0.00014089000000000001
QLC/BTC,1599257248693,2020-09-04T22:07:28.693Z,sell,1.93e-06,519.0,0.00100167
QLC/BTC,1599257265093,2020-09-04T22:07:45.093Z,buy,1.94e-06,6009.0,0.01165746
QLC/BTC,1599257337558,2020-09-04T22:08:57.558Z,sell,1.93e-06,656.0,0.0012660800000000002
QLC/BTC,1599257344000,2020-09-04T22:09:04.000Z,buy,1.95e-06,115677.0,0.22557015
QLC/BTC,1599257347359,2020-09-04T22:09:07.359Z,buy,1.96e-06,16.0,3.136e-05
QLC/BTC,1599257392858,2020-09-04T22:09:52.858Z,buy,1.95e-06,17.0,3.315e-05
QLC/BTC,1599257446996,2020-09-04T22:10:46.996Z,buy,1.95e-06,52.0,0.0001014
QLC/BTC,1599257819546,2020-09-04T22:16:59.546Z,sell,1.94e-06,534.0,0.00103596
QLC/BTC,1599257987664,2020-09-04T22:19:47.664Z,sell,1.93e-06,1625.0,0.00313625
QLC/BTC,1599258288886,2020-09-04T22:24:48.886Z,buy,1.94e-06,18.0,3.492e-05
QLC/BTC,1599258297596,2020-09-04T22:24:57.596Z,buy,1.94e-06,16.0,3.104e-05
QLC/BTC,1599258418762,2020-09-04T22:26:58.762Z,buy,1.94e-06,52.0,0.00010088
QLC/BTC,1599258420838,2020-09-04T22:27:00.838Z,buy,1.94e-06,726.0,0.00140844
QLC/BTC,1599258451177,2020-09-04T22:27:31.177Z,sell,1.93e-06,532.0,0.00102676
QLC/BTC,1599258466122,2020-09-04T22:27:46.122Z,buy,1.94e-06,299.0,0.00058006
QLC/BTC,1599258474941,2020-09-04T22:27:54.941Z,sell,1.93e-06,308.0,0.00059444
QLC/BTC,1599258482587,2020-09-04T22:28:02.587Z,sell,1.93e-06,2172.0,0.004191960000000001
QLC/BTC,1599258492839,2020-09-04T22:28:12.839Z,sell,1.93e-06,1767.0,0.00341031
QLC/BTC,1599258494704,2020-09-04T22:28:14.704Z,buy,1.94e-06,70.0,0.0001358
QLC/BTC,1599258500280,2020-09-04T22:28:20.280Z,sell,1.93e-06,261.0,0.0005037300000000001
QLC/BTC,1599258500301,2020-09-04T22:28:20.301Z,sell,1.93e-06,1237.0,0.0023874100000000004
QLC/BTC,1599258500377,2020-09-04T22:28:20.377Z,sell,1.93e-06,1264.0,0.00243952
QLC/BTC,1599258500389,2020-09-04T22:28:20.389Z,sell,1.93e-06,989.0,0.0019087700000000002
QLC/BTC,1599258500563,2020-09-04T22:28:20.563Z,sell,1.93e-06,1446.0,0.00279078
QLC/BTC,1599258501302,2020-09-04T22:28:21.302Z,sell,1.93e-06,159.0,0.00030687000000000005
QLC/BTC,1599258501316,2020-09-04T22:28:21.316Z,sell,1.93e-06,1620.0,0.0031266
QLC/BTC,1599258501332,2020-09-04T22:28:21.332Z,sell,1.93e-06,492.0,0.0009495600000000001
QLC/BTC,1599258501381,2020-09-04T22:28:21.381Z,sell,1.93e-06,2060.0,0.003975800000000001
QLC/BTC,1599258503696,2020-09-04T22:28:23.696Z,sell,1.93e-06,401.0,0.00077393
QLC/BTC,1599258512564,2020-09-04T22:28:32.564Z,buy,1.94e-06,5850.0,0.011349
QLC/BTC,1599258614129,2020-09-04T22:30:14.129Z,buy,1.94e-06,4433.0,0.00860002
QLC/BTC,1599258771508,2020-09-04T22:32:51.508Z,sell,1.94e-06,19858.0,0.03852452
QLC/BTC,1599258771537,2020-09-04T22:32:51.537Z,sell,1.94e-06,2678.0,0.00519532
QLC/BTC,1599258930721,2020-09-04T22:35:30.721Z,buy,1.94e-06,3919.0,0.00760286
QLC/BTC,1599258930721,2020-09-04T22:35:30.721Z,buy,1.95e-06,8147.0,0.01588665
QLC/BTC,1599258941034,2020-09-04T22:35:41.034Z,sell,1.94e-06,1551.0,0.00300894
QLC/BTC,1599258941034,2020-09-04T22:35:41.034Z,sell,1.93e-06,626.0,0.00120818
QLC/BTC,1599259673595,2020-09-04T22:47:53.595Z,buy,1.95e-06,16.0,3.12e-05
QLC/BTC,1599259684413,2020-09-04T22:48:04.413Z,sell,1.94e-06,5844.0,0.011337360000000001
QLC/BTC,1599259722133,2020-09-04T22:48:42.133Z,buy,1.95e-06,18.0,3.51e-05
QLC/BTC,1599259896498,2020-09-04T22:51:36.498Z,sell,1.94e-06,809.0,0.00156946
QLC/BTC,1599259896514,2020-09-04T22:51:36.514Z,sell,1.94e-06,5948.0,0.01153912
QLC/BTC,1599259915833,2020-09-04T22:51:55.833Z,buy,1.95e-06,7731.0,0.015075449999999999
QLC/BTC,1599259915833,2020-09-04T22:51:55.833Z,buy,1.95e-06,7731.0,0.015075449999999999
QLC/BTC,1599259944265,2020-09-04T22:52:24.265Z,buy,1.95e-06,50.0,9.75e-05
QLC/BTC,1599259975105,2020-09-04T22:52:55.105Z,buy,1.95e-06,65.0,0.00012675
QLC/BTC,1599259987166,2020-09-04T22:53:07.166Z,buy,1.95e-06,55.0,0.00010725
QLC/BTC,1599259992708,2020-09-04T22:53:12.708Z,sell,1.94e-06,1249.0,0.00242306
QLC/BTC,1599259993523,2020-09-04T22:53:13.523Z,sell,1.94e-06,2722.0,0.00528068
QLC/BTC,1599259993768,2020-09-04T22:53:13.768Z,buy,1.94e-06,52.0,0.00010088
QLC/BTC,1599260005397,2020-09-04T22:53:25.397Z,buy,1.94e-06,1145.0,0.0022213000000000003
QLC/BTC,1599260015338,2020-09-04T22:53:35.338Z,sell,1.94e-06,2884.0,0.00559496
QLC/BTC,1599260015415,2020-09-04T22:53:35.415Z,sell,1.94e-06,2655.0,0.0051507
QLC/BTC,1599260015530,2020-09-04T22:53:35.530Z,sell,1.94e-06,70.0,0.0001358
QLC/BTC,1599260015537,2020-09-04T22:53:35.537Z,sell,1.94e-06,2521.0,0.00489074
QLC/BTC,1599260015632,2020-09-04T22:53:35.632Z,sell,1.94e-06,2387.0,0.00463078
QLC/BTC,1599260015724,2020-09-04T22:53:35.724Z,sell,1.94e-06,26990.0,0.0523606
QLC/BTC,1599260015862,2020-09-04T22:53:35.862Z,sell,1.94e-06,2043.0,0.0039634200000000005
QLC/BTC,1599260015933,2020-09-04T22:53:35.933Z,sell,1.94e-06,1929.0,0.0037422600000000003
QLC/BTC,1599260016055,2020-09-04T22:53:36.055Z,sell,1.94e-06,1833.0,0.00355602
QLC/BTC,1599260016150,2020-09-04T22:53:36.150Z,sell,1.94e-06,1738.0,0.00337172
QLC/BTC,1599260016259,2020-09-04T22:53:36.259Z,sell,1.94e-06,1318.0,0.0025569200000000003
QLC/BTC,1599260016358,2020-09-04T22:53:36.358Z,sell,1.94e-06,1260.0,0.0024444000000000002
QLC/BTC,1599260016469,2020-09-04T22:53:36.469Z,sell,1.94e-06,8065.0,0.0156461
QLC/BTC,1599260024096,2020-09-04T22:53:44.096Z,sell,1.94e-06,13248.0,0.02570112
QLC/BTC,1599260042296,2020-09-04T22:54:02.296Z,buy,1.94e-06,12544.0,0.02433536
QLC/BTC,1599260159309,2020-09-04T22:55:59.309Z,sell,1.94e-06,29509.0,0.05724746
QLC/BTC,1599260212140,2020-09-04T22:56:52.140Z,sell,1.93e-06,5966.0,0.011514380000000001
QLC/BTC,1599260278157,2020-09-04T22:57:58.157Z,sell,1.93e-06,191403.0,0.36940779
QLC/BTC,1599260378188,2020-09-04T22:59:38.188Z,sell,1.93e-06,22023.0,0.04250439
QLC/BTC,1599260379617,2020-09-04T22:59:39.617Z,sell,1.93e-06,10112.0,0.01951616
QLC/BTC,1599260443631,2020-09-04T23:00:43.631Z,sell,1.92e-06,14155.0,0.027177599999999996
QLC/BTC,1599260522115,2020-09-04T23:02:02.115Z,sell,1.92e-06,53.0,0.00010175999999999999
QLC/BTC,1599260522485,2020-09-04T23:02:02.485Z,sell,1.92e-06,53.0,0.00010175999999999999
QLC/BTC,1599261194254,2020-09-04T23:13:14.254Z,sell,1.92e-06,53.0,0.00010175999999999999
QLC/BTC,1599261196464,2020-09-04T23:13:16.464Z,sell,1.92e-06,53.0,0.00010175999999999999
QLC/BTC,1599261344981,2020-09-04T23:15:44.981Z,sell,1.92e-06,54.0,0.00010368
QLC/BTC,1599261347440,2020-09-04T23:15:47.440Z,sell,1.92e-06,54.0,0.00010368
QLC/BTC,1599261896291,2020-09-04T23:24:56.291Z,buy,1.94e-06,18704.0,0.03628576
QLC/BTC,1599262408315,2020-09-04T23:33:28.315Z,buy,1.94e-06,17.0,3.298e-05
QLC/BTC,1599262768491,2020-09-04T23:39:28.491Z,buy,1.94e-06,52.0,0.00010088
QLC/BTC,1599262770008,2020-09-04T23:39:30.008Z,buy,1.94e-06,52.0,0.00010088
QLC/BTC,1599262808789,2020-09-04T23:40:08.789Z,buy,1.94e-06,506.0,0.00098164
QLC/BTC,1599262959352,2020-09-04T23:42:39.352Z,buy,1.94e-06,651.0,0.00126294
QLC/BTC,1599262988757,2020-09-04T23:43:08.757Z,buy,1.94e-06,682.0,0.0013230800000000001
QLC/BTC,1599263074605,2020-09-04T23:44:34.605Z,buy,1.94e-06,15.0,2.9100000000000003e-05
QLC/BTC,1599263205214,2020-09-04T23:46:45.214Z,buy,1.94e-06,53.0,0.00010282000000000001
QLC/BTC,1599263255906,2020-09-04T23:47:35.906Z,buy,1.94e-06,5042.0,0.00978148
QLC/BTC,1599263303244,2020-09-04T23:48:23.244Z,buy,1.94e-06,725.0,0.0014065
QLC/BTC,1599263411095,2020-09-04T23:50:11.095Z,buy,1.94e-06,572.0,0.00110968
QLC/BTC,1599263446225,2020-09-04T23:50:46.225Z,buy,1.94e-06,52.0,0.00010088
QLC/BTC,1599263447957,2020-09-04T23:50:47.957Z,buy,1.94e-06,52.0,0.00010088
QLC/BTC,1599263447957,2020-09-04T23:50:47.957Z,buy,1.94e-06,52.0,0.00010088
QLC/BTC,1599263613794,2020-09-04T23:53:33.794Z,buy,1.94e-06,693.0,0.00134442
QLC/BTC,1599263735776,2020-09-04T23:55:35.776Z,buy,1.94e-06,2193.0,0.00425442
QLC/BTC,1599263887661,2020-09-04T23:58:07.661Z,buy,1.94e-06,667.0,0.0012939800000000001
QLC/BTC,1599263887672,2020-09-04T23:58:07.672Z,buy,1.94e-06,646.0,0.00125324
QLC/BTC,1599263888367,2020-09-04T23:58:08.367Z,buy,1.94e-06,318.0,0.00061692
QLC/BTC,1599264172551,2020-09-05T00:02:52.551Z,buy,1.94e-06,1263.0,0.00245022
QLC/BTC,1599264194845,2020-09-05T00:03:14.845Z,sell,1.93e-06,667.0,0.00128731
QLC/BTC,1599264194854,2020-09-05T00:03:14.854Z,sell,1.93e-06,667.0,0.00128731
QLC/BTC,1599264206276,2020-09-05T00:03:26.276Z,sell,1.93e-06,417.0,0.0008048100000000001
QLC/BTC,1599264268180,2020-09-05T00:04:28.180Z,buy,1.94e-06,208.0,0.00040352
QLC/BTC,1599264269893,2020-09-05T00:04:29.893Z,buy,1.94e-06,52.0,0.00010088
QLC/BTC,1599264444762,2020-09-05T00:07:24.762Z,sell,1.93e-06,3088.0,0.00595984
QLC/BTC,1599264505657,2020-09-05T00:08:25.657Z,buy,1.94e-06,1634.0,0.0031699600000000003
QLC/BTC,1599264525527,2020-09-05T00:08:45.527Z,sell,1.93e-06,90.0,0.00017370000000000002
QLC/BTC,1599264525746,2020-09-05T00:08:45.746Z,sell,1.93e-06,88.0,0.00016984000000000001
QLC/BTC,1599264559409,2020-09-05T00:09:19.409Z,buy,1.94e-06,14.0,2.716e-05
QLC/BTC,1599264697491,2020-09-05T00:11:37.491Z,buy,1.94e-06,666.0,0.00129204
QLC/BTC,1599264697499,2020-09-05T00:11:37.499Z,buy,1.94e-06,666.0,0.00129204
QLC/BTC,1599264708589,2020-09-05T00:11:48.589Z,buy,1.94e-06,666.0,0.00129204
QLC/BTC,1599264708604,2020-09-05T00:11:48.604Z,buy,1.94e-06,666.0,0.00129204
QLC/BTC,1599264742236,2020-09-05T00:12:22.236Z,buy,1.94e-06,583.0,0.00113102
QLC/BTC,1599264742251,2020-09-05T00:12:22.251Z,buy,1.94e-06,416.0,0.00080704
QLC/BTC,1599264818537,2020-09-05T00:13:38.537Z,buy,1.94e-06,421.0,0.00081674
QLC/BTC,1599264942191,2020-09-05T00:15:42.191Z,buy,1.94e-06,208.0,0.00040352
QLC/BTC,1599265047917,2020-09-05T00:17:27.917Z,sell,1.94e-06,666.0,0.00129204
QLC/BTC,1599265053794,2020-09-05T00:17:33.794Z,sell,1.94e-06,416.0,0.00080704
QLC/BTC,1599265265422,2020-09-05T00:21:05.422Z,buy,1.95e-06,50000.0,0.0975
QLC/BTC,1599265321021,2020-09-05T00:22:01.021Z,buy,1.95e-06,415.0,0.00080925
QLC/BTC,1599265354468,2020-09-05T00:22:34.468Z,buy,1.95e-06,2500.0,0.004875
QLC/BTC,1599265404238,2020-09-05T00:23:24.238Z,buy,1.95e-06,476.0,0.0009282
QLC/BTC,1599265455074,2020-09-05T00:24:15.074Z,buy,1.95e-06,19454.0,0.0379353
QLC/BTC,1599265507245,2020-09-05T00:25:07.245Z,buy,1.95e-06,663.0,0.00129285
QLC/BTC,1599265507261,2020-09-05T00:25:07.261Z,buy,1.95e-06,418.0,0.0008151
QLC/BTC,1599265557814,2020-09-05T00:25:57.814Z,buy,1.95e-06,11796.0,0.0230022
QLC/BTC,1599265583833,2020-09-05T00:26:23.833Z,sell,1.95e-06,798.0,0.0015561
QLC/BTC,1599265607645,2020-09-05T00:26:47.645Z,sell,1.95e-06,80.0,0.000156
QLC/BTC,1599265780989,2020-09-05T00:29:40.989Z,buy,1.96e-06,803.0,0.00157388
QLC/BTC,1599265867892,2020-09-05T00:31:07.892Z,buy,1.96e-06,1400.0,0.002744
QLC/BTC,1599266116755,2020-09-05T00:35:16.755Z,buy,1.96e-06,26255.0,0.0514598
QLC/BTC,1599266136109,2020-09-05T00:35:36.109Z,buy,1.96e-06,1082.0,0.00212072
QLC/BTC,1599266252802,2020-09-05T00:37:32.802Z,buy,1.97e-06,163280.0,0.32166160000000005
QLC/BTC,1599266294315,2020-09-05T00:38:14.315Z,buy,1.97e-06,174.0,0.00034278000000000005
QLC/BTC,1599266297992,2020-09-05T00:38:17.992Z,buy,1.97e-06,5000.0,0.009850000000000001
QLC/BTC,1599266301629,2020-09-05T00:38:21.629Z,sell,1.96e-06,718.0,0.00140728
QLC/BTC,1599266346289,2020-09-05T00:39:06.289Z,buy,1.97e-06,7614.0,0.014999580000000002
QLC/BTC,1599266347058,2020-09-05T00:39:07.058Z,buy,1.97e-06,5076.0,0.00999972
QLC/BTC,1599266348653,2020-09-05T00:39:08.653Z,buy,1.97e-06,5076.0,0.00999972
QLC/BTC,1599266349517,2020-09-05T00:39:09.517Z,buy,1.97e-06,11168.0,0.022000960000000003
QLC/BTC,1599266350283,2020-09-05T00:39:10.283Z,buy,1.97e-06,5076.0,0.00999972
QLC/BTC,1599266351316,2020-09-05T00:39:11.316Z,buy,1.97e-06,5076.0,0.00999972
QLC/BTC,1599266352070,2020-09-05T00:39:12.070Z,buy,1.97e-06,558.0,0.0010992600000000001
QLC/BTC,1599266360162,2020-09-05T00:39:20.162Z,sell,1.96e-06,610.0,0.0011956
QLC/BTC,1599266386636,2020-09-05T00:39:46.636Z,buy,1.97e-06,62220.0,0.12257340000000001
QLC/BTC,1599266517164,2020-09-05T00:41:57.164Z,sell,1.96e-06,52.0,0.00010192
QLC/BTC,1599266576988,2020-09-05T00:42:56.988Z,buy,1.97e-06,1850.0,0.0036445
QLC/BTC,1599266682190,2020-09-05T00:44:42.190Z,buy,1.97e-06,40447.0,0.07968059000000001
QLC/BTC,1599266684159,2020-09-05T00:44:44.159Z,sell,1.97e-06,653.0,0.0012864100000000002
QLC/BTC,1599266686901,2020-09-05T00:44:46.901Z,sell,1.97e-06,842.0,0.0016587400000000001
QLC/BTC,1599266718743,2020-09-05T00:45:18.743Z,sell,1.97e-06,817.0,0.00160949
QLC/BTC,1599266723379,2020-09-05T00:45:23.379Z,sell,1.97e-06,1641.0,0.0032327700000000003
QLC/BTC,1599266725640,2020-09-05T00:45:25.640Z,sell,1.96e-06,25774.0,0.05051704
QLC/BTC,1599266733414,2020-09-05T00:45:33.414Z,sell,1.96e-06,842.0,0.0016503199999999998
QLC/BTC,1599266829461,2020-09-05T00:47:09.461Z,buy,1.97e-06,3375.0,0.006648750000000001
QLC/BTC,1599266853401,2020-09-05T00:47:33.401Z,buy,1.98e-06,341.0,0.00067518
QLC/BTC,1599266860717,2020-09-05T00:47:40.717Z,sell,1.97e-06,230.0,0.00045310000000000006
QLC/BTC,1599266871304,2020-09-05T00:47:51.304Z,buy,1.98e-06,72.0,0.00014256000000000002
QLC/BTC,1599266894077,2020-09-05T00:48:14.077Z,sell,1.97e-06,51.0,0.00010047
QLC/BTC,1599266902500,2020-09-05T00:48:22.500Z,sell,1.97e-06,486.0,0.0009574200000000001
QLC/BTC,1599267013442,2020-09-05T00:50:13.442Z,buy,1.97e-06,485.0,0.00095545
QLC/BTC,1599267013442,2020-09-05T00:50:13.442Z,buy,1.97e-06,485.0,0.00095545
QLC/BTC,1599267056585,2020-09-05T00:50:56.585Z,buy,1.97e-06,1015.0,0.00199955
QLC/BTC,1599267171192,2020-09-05T00:52:51.192Z,buy,1.97e-06,14.0,2.7580000000000004e-05
QLC/BTC,1599267181716,2020-09-05T00:53:01.716Z,buy,1.97e-06,16.0,3.152e-05
QLC/BTC,1599267249075,2020-09-05T00:54:09.075Z,buy,1.97e-06,230.0,0.00045310000000000006
QLC/BTC,1599267324018,2020-09-05T00:55:24.018Z,sell,1.96e-06,431.0,0.00084476
QLC/BTC,1599267430884,2020-09-05T00:57:10.884Z,buy,1.97e-06,16.0,3.152e-05
QLC/BTC,1599267441940,2020-09-05T00:57:21.940Z,sell,1.96e-06,1382.0,0.00270872
QLC/BTC,1599267511339,2020-09-05T00:58:31.339Z,buy,1.97e-06,57708.0,0.11368476000000001
QLC/BTC,1599267511347,2020-09-05T00:58:31.347Z,sell,1.97e-06,1021.0,0.00201137
QLC/BTC,1599267511358,2020-09-05T00:58:31.358Z,sell,1.97e-06,4246.0,0.008364620000000001
QLC/BTC,1599267638563,2020-09-05T01:00:38.563Z,buy,1.97e-06,291.0,0.0005732700000000001
QLC/BTC,1599268053317,2020-09-05T01:07:33.317Z,sell,1.97e-06,100.0,0.00019700000000000002
QLC/BTC,1599268164200,2020-09-05T01:09:24.200Z,buy,1.98e-06,19.0,3.762e-05
QLC/BTC,1599268175703,2020-09-05T01:09:35.703Z,buy,1.98e-06,15.0,2.97e-05
QLC/BTC,1599268245498,2020-09-05T01:10:45.498Z,sell,1.97e-06,51.0,0.00010047
QLC/BTC,1599268401649,2020-09-05T01:13:21.649Z,buy,1.98e-06,5000.0,0.0099
QLC/BTC,1599268583631,2020-09-05T01:16:23.631Z,sell,1.97e-06,372.0,0.0007328400000000001
QLC/BTC,1599268795495,2020-09-05T01:19:55.495Z,buy,1.98e-06,8448.0,0.016727040000000002
QLC/BTC,1599268826744,2020-09-05T01:20:26.744Z,sell,1.97e-06,2497.0,0.00491909
QLC/BTC,1599268897170,2020-09-05T01:21:37.170Z,sell,1.97e-06,17785.0,0.035036450000000004
QLC/BTC,1599268963628,2020-09-05T01:22:43.628Z,buy,1.97e-06,153.0,0.00030141000000000006
QLC/BTC,1599268963628,2020-09-05T01:22:43.628Z,buy,1.98e-06,342.0,0.00067716
QLC/BTC,1599269015714,2020-09-05T01:23:35.714Z,buy,1.98e-06,52.0,0.00010296
QLC/BTC,1599269038770,2020-09-05T01:23:58.770Z,sell,1.97e-06,319.0,0.00062843
QLC/BTC,1599269053152,2020-09-05T01:24:13.152Z,buy,1.98e-06,5478.0,0.01084644
QLC/BTC,1599269061130,2020-09-05T01:24:21.130Z,sell,1.97e-06,60.0,0.00011820000000000001
QLC/BTC,1599269071146,2020-09-05T01:24:31.146Z,buy,1.98e-06,76.0,0.00015048
QLC/BTC,1599269074661,2020-09-05T01:24:34.661Z,buy,1.98e-06,305.0,0.0006039
QLC/BTC,1599269078853,2020-09-05T01:24:38.853Z,buy,1.98e-06,104.0,0.00020592
QLC/BTC,1599269081933,2020-09-05T01:24:41.933Z,buy,1.98e-06,253.0,0.0005009400000000001
QLC/BTC,1599269152232,2020-09-05T01:25:52.232Z,sell,1.97e-06,698.0,0.0013750600000000002
QLC/BTC,1599269183219,2020-09-05T01:26:23.219Z,buy,1.98e-06,8970.0,0.0177606
QLC/BTC,1599269186025,2020-09-05T01:26:26.025Z,sell,1.97e-06,801.0,0.0015779700000000002
QLC/BTC,1599269218268,2020-09-05T01:26:58.268Z,sell,1.97e-06,323.0,0.0006363100000000001
QLC/BTC,1599269244609,2020-09-05T01:27:24.609Z,sell,1.97e-06,738.0,0.0014538600000000002
QLC/BTC,1599269251245,2020-09-05T01:27:31.245Z,sell,1.97e-06,293.0,0.0005772100000000001
QLC/BTC,1599269261614,2020-09-05T01:27:41.614Z,sell,1.97e-06,702.0,0.00138294
QLC/BTC,1599269312641,2020-09-05T01:28:32.641Z,sell,1.97e-06,792.0,0.00156024
QLC/BTC,1599269314189,2020-09-05T01:28:34.189Z,sell,1.97e-06,321.0,0.00063237
QLC/BTC,1599269368186,2020-09-05T01:29:28.186Z,sell,1.97e-06,312.0,0.0006146400000000001
QLC/BTC,1599269410890,2020-09-05T01:30:10.890Z,sell,1.97e-06,84.0,0.00016548000000000002
QLC/BTC,1599269413038,2020-09-05T01:30:13.038Z,sell,1.97e-06,325.0,0.0006402500000000001
QLC/BTC,1599269539809,2020-09-05T01:32:19.809Z,sell,1.97e-06,30917.0,0.06090649000000001
QLC/BTC,1599269611708,2020-09-05T01:33:31.708Z,sell,1.96e-06,43142.0,0.08455831999999999
QLC/BTC,1599269611830,2020-09-05T01:33:31.830Z,sell,1.96e-06,58.0,0.00011368
QLC/BTC,1599269615324,2020-09-05T01:33:35.324Z,sell,1.96e-06,100.0,0.000196
QLC/BTC,1599269628858,2020-09-05T01:33:48.858Z,buy,1.97e-06,51.0,0.00010047
QLC/BTC,1599269628858,2020-09-05T01:33:48.858Z,buy,1.98e-06,456.0,0.00090288
QLC/BTC,1599270078936,2020-09-05T01:41:18.936Z,buy,1.98e-06,5050.0,0.009999000000000001
QLC/BTC,1599270268495,2020-09-05T01:44:28.495Z,sell,1.97e-06,51.0,0.00010047
QLC/BTC,1599270268495,2020-09-05T01:44:28.495Z,sell,1.97e-06,51.0,0.00010047
QLC/BTC,1599270685841,2020-09-05T01:51:25.841Z,sell,1.97e-06,5556.0,0.010945320000000001
QLC/BTC,1599270685853,2020-09-05T01:51:25.853Z,buy,1.97e-06,283.0,0.0005575100000000001
QLC/BTC,1599270797412,2020-09-05T01:53:17.412Z,buy,1.97e-06,74.0,0.00014578
QLC/BTC,1599270832813,2020-09-05T01:53:52.813Z,buy,1.97e-06,21096.0,0.041559120000000005
QLC/BTC,1599270896188,2020-09-05T01:54:56.188Z,sell,1.97e-06,54.0,0.00010638000000000001
QLC/BTC,1599270944099,2020-09-05T01:55:44.099Z,sell,1.97e-06,51.0,0.00010047
QLC/BTC,1599270980920,2020-09-05T01:56:20.920Z,buy,1.98e-06,366.0,0.00072468
QLC/BTC,1599271021215,2020-09-05T01:57:01.215Z,buy,1.98e-06,653.0,0.00129294
QLC/BTC,1599271151750,2020-09-05T01:59:11.750Z,buy,1.98e-06,8838.0,0.01749924
QLC/BTC,1599271338016,2020-09-05T02:02:18.016Z,buy,1.98e-06,653.0,0.00129294
QLC/BTC,1599271364662,2020-09-05T02:02:44.662Z,buy,1.98e-06,354.0,0.0007009200000000001
QLC/BTC,1599271610218,2020-09-05T02:06:50.218Z,buy,1.98e-06,53037.0,0.10501326000000001
QLC/BTC,1599271730166,2020-09-05T02:08:50.166Z,buy,1.98e-06,10011.0,0.01982178
QLC/BTC,1599271874966,2020-09-05T02:11:14.966Z,sell,1.97e-06,47476.0,0.09352772000000001
QLC/BTC,1599271874980,2020-09-05T02:11:14.980Z,sell,1.97e-06,3919.0,0.00772043
QLC/BTC,1599272077827,2020-09-05T02:14:37.827Z,buy,1.98e-06,1957.0,0.0038748600000000004
QLC/BTC,1599272376013,2020-09-05T02:19:36.013Z,buy,1.98e-06,4889.0,0.00968022
QLC/BTC,1599272416736,2020-09-05T02:20:16.736Z,buy,1.98e-06,10000.0,0.0198
QLC/BTC,1599272421296,2020-09-05T02:20:21.296Z,sell,1.97e-06,1561.0,0.0030751700000000003
QLC/BTC,1599272486046,2020-09-05T02:21:26.046Z,buy,1.98e-06,12626.0,0.02499948
QLC/BTC,1599272548665,2020-09-05T02:22:28.665Z,buy,1.98e-06,20000.0,0.0396
QLC/BTC,1599272610333,2020-09-05T02:23:30.333Z,sell,1.97e-06,317.0,0.0006244900000000001
QLC/BTC,1599272726884,2020-09-05T02:25:26.884Z,buy,1.98e-06,18.0,3.5640000000000004e-05
QLC/BTC,1599272732084,2020-09-05T02:25:32.084Z,buy,1.98e-06,16.0,3.168e-05
QLC/BTC,1599272762785,2020-09-05T02:26:02.785Z,buy,1.98e-06,17.0,3.366e-05
QLC/BTC,1599273417365,2020-09-05T02:36:57.365Z,buy,1.98e-06,51.0,0.00010098
QLC/BTC,1599273741842,2020-09-05T02:42:21.842Z,sell,1.97e-06,3422.0,0.006741340000000001
QLC/BTC,1599273741842,2020-09-05T02:42:21.842Z,sell,1.97e-06,3422.0,0.006741340000000001
QLC/BTC,1599274253875,2020-09-05T02:50:53.875Z,sell,1.97e-06,34621.0,0.06820337000000001
QLC/BTC,1599274362786,2020-09-05T02:52:42.786Z,buy,1.97e-06,7335.0,0.014449950000000001
QLC/BTC,1599274364303,2020-09-05T02:52:44.303Z,sell,1.97e-06,83.0,0.00016351
QLC/BTC,1599274399927,2020-09-05T02:53:19.927Z,sell,1.97e-06,53.0,0.00010441000000000001
QLC/BTC,1599274459784,2020-09-05T02:54:19.784Z,buy,1.98e-06,712.0,0.0014097600000000001
QLC/BTC,1599274472835,2020-09-05T02:54:32.835Z,sell,1.97e-06,18686.0,0.036811420000000004
QLC/BTC,1599274605493,2020-09-05T02:56:45.493Z,buy,1.98e-06,14.0,2.7720000000000002e-05
QLC/BTC,1599274730847,2020-09-05T02:58:50.847Z,sell,1.97e-06,100.0,0.00019700000000000002
QLC/BTC,1599274843219,2020-09-05T03:00:43.219Z,sell,1.97e-06,51.0,0.00010047
QLC/BTC,1599274851825,2020-09-05T03:00:51.825Z,buy,1.98e-06,21145.0,0.041867100000000004
QLC/BTC,1599274860276,2020-09-05T03:01:00.276Z,sell,1.97e-06,169.0,0.00033293000000000005
QLC/BTC,1599275028146,2020-09-05T03:03:48.146Z,buy,1.98e-06,20000.0,0.0396
QLC/BTC,1599275273929,2020-09-05T03:07:53.929Z,buy,1.98e-06,56.0,0.00011088000000000001
QLC/BTC,1599275332471,2020-09-05T03:08:52.471Z,buy,1.98e-06,103.0,0.00020394
QLC/BTC,1599275336842,2020-09-05T03:08:56.842Z,buy,1.98e-06,12629.0,0.02500542
QLC/BTC,1599275338343,2020-09-05T03:08:58.343Z,buy,1.98e-06,18944.0,0.03750912
QLC/BTC,1599275444037,2020-09-05T03:10:44.037Z,buy,1.98e-06,51.0,0.00010098
QLC/BTC,1599275731300,2020-09-05T03:15:31.300Z,buy,1.98e-06,1446.0,0.00286308
QLC/BTC,1599275903510,2020-09-05T03:18:23.510Z,buy,1.98e-06,1000.0,0.00198
QLC/BTC,1599275918359,2020-09-05T03:18:38.359Z,buy,1.98e-06,301.0,0.0005959800000000001
QLC/BTC,1599276198033,2020-09-05T03:23:18.033Z,buy,1.98e-06,51.0,0.00010098
QLC/BTC,1599276207722,2020-09-05T03:23:27.722Z,buy,1.98e-06,830.0,0.0016434000000000002
QLC/BTC,1599276231847,2020-09-05T03:23:51.847Z,sell,1.97e-06,1344.0,0.0026476800000000003
QLC/BTC,1599276418183,2020-09-05T03:26:58.183Z,sell,1.97e-06,5633.0,0.011097010000000001
QLC/BTC,1599276425231,2020-09-05T03:27:05.231Z,buy,1.97e-06,657.0,0.00129429
QLC/BTC,1599276428340,2020-09-05T03:27:08.340Z,buy,1.97e-06,656.0,0.0012923200000000002
QLC/BTC,1599276429836,2020-09-05T03:27:09.836Z,buy,1.97e-06,574.0,0.00113078
QLC/BTC,1599276429845,2020-09-05T03:27:09.845Z,buy,1.97e-06,346.0,0.0006816200000000001
QLC/BTC,1599276429854,2020-09-05T03:27:09.854Z,buy,1.97e-06,183.0,0.00036051000000000003
QLC/BTC,1599276429867,2020-09-05T03:27:09.867Z,buy,1.97e-06,83.0,0.00016351
QLC/BTC,1599276430256,2020-09-05T03:27:10.256Z,buy,1.97e-06,3540.0,0.0069738000000000005
QLC/BTC,1599276525934,2020-09-05T03:28:45.934Z,sell,1.96e-06,20000.0,0.0392
QLC/BTC,1599276569938,2020-09-05T03:29:29.938Z,buy,1.97e-06,236.0,0.00046492000000000007
QLC/BTC,1599276666767,2020-09-05T03:31:06.767Z,buy,1.97e-06,21093.0,0.04155321000000001
QLC/BTC,1599276680463,2020-09-05T03:31:20.463Z,buy,1.97e-06,6999.0,0.013788030000000001
QLC/BTC,1599276844622,2020-09-05T03:34:04.622Z,buy,1.98e-06,218.0,0.00043164
QLC/BTC,1599276973731,2020-09-05T03:36:13.731Z,buy,1.98e-06,7560.0,0.0149688
QLC/BTC,1599277007978,2020-09-05T03:36:47.978Z,sell,1.97e-06,43001.0,0.08471197000000001
QLC/BTC,1599277020897,2020-09-05T03:37:00.897Z,sell,1.96e-06,87121.0,0.17075716
QLC/BTC,1599277033105,2020-09-05T03:37:13.105Z,sell,1.96e-06,2849.0,0.005584039999999999
QLC/BTC,1599277086356,2020-09-05T03:38:06.356Z,sell,1.96e-06,10000.0,0.0196
QLC/BTC,1599277086356,2020-09-05T03:38:06.356Z,sell,1.96e-06,10000.0,0.0196
QLC/BTC,1599277400220,2020-09-05T03:43:20.220Z,buy,1.97e-06,110.0,0.0002167
QLC/BTC,1599277450293,2020-09-05T03:44:10.293Z,buy,1.97e-06,1865.0,0.0036740500000000003
QLC/BTC,1599277454132,2020-09-05T03:44:14.132Z,buy,1.98e-06,983.0,0.0019463400000000002
QLC/BTC,1599278308364,2020-09-05T03:58:28.364Z,buy,1.98e-06,1846.0,0.0036550800000000002
QLC/BTC,1599278421737,2020-09-05T04:00:21.737Z,buy,1.98e-06,60.0,0.0001188
QLC/BTC,1599278761741,2020-09-05T04:06:01.741Z,buy,1.98e-06,9042.0,0.01790316
QLC/BTC,1599278857113,2020-09-05T04:07:37.113Z,buy,1.98e-06,9640.0,0.019087200000000002
QLC/BTC,1599278862107,2020-09-05T04:07:42.107Z,buy,1.98e-06,20000.0,0.0396
QLC/BTC,1599278882678,2020-09-05T04:08:02.678Z,buy,1.98e-06,1433.0,0.0028373400000000003
QLC/BTC,1599278983368,2020-09-05T04:09:43.368Z,buy,1.98e-06,143005.0,0.2831499
QLC/BTC,1599279056943,2020-09-05T04:10:56.943Z,buy,1.98e-06,4040.0,0.0079992
QLC/BTC,1599279087250,2020-09-05T04:11:27.250Z,sell,1.97e-06,26565.0,0.052333050000000006
QLC/BTC,1599279115557,2020-09-05T04:11:55.557Z,buy,1.97e-06,91.0,0.00017927
QLC/BTC,1599279144751,2020-09-05T04:12:24.751Z,buy,1.97e-06,504.0,0.00099288
QLC/BTC,1599279152006,2020-09-05T04:12:32.006Z,buy,1.97e-06,19405.0,0.03822785
QLC/BTC,1599279177544,2020-09-05T04:12:57.544Z,sell,1.97e-06,4494.0,0.00885318
QLC/BTC,1599279436930,2020-09-05T04:17:16.930Z,sell,1.97e-06,80.0,0.0001576
QLC/BTC,1599279496469,2020-09-05T04:18:16.469Z,buy,1.98e-06,1098.0,0.00217404
QLC/BTC,1599279622779,2020-09-05T04:20:22.779Z,buy,1.98e-06,16.0,3.168e-05
QLC/BTC,1599279624585,2020-09-05T04:20:24.585Z,buy,1.98e-06,67328.0,0.13330944
QLC/BTC,1599279624587,2020-09-05T04:20:24.587Z,sell,1.98e-06,44462.0,0.08803476
QLC/BTC,1599279624727,2020-09-05T04:20:24.727Z,sell,1.98e-06,44561.0,0.08823078000000001
QLC/BTC,1599279626352,2020-09-05T04:20:26.352Z,sell,1.98e-06,2376.0,0.0047044800000000005
QLC/BTC,1599279626368,2020-09-05T04:20:26.368Z,sell,1.98e-06,12575.0,0.0248985
QLC/BTC,1599279672597,2020-09-05T04:21:12.597Z,sell,1.98e-06,27793.0,0.055030140000000005
QLC/BTC,1599279677688,2020-09-05T04:21:17.688Z,sell,1.98e-06,721.0,0.0014275800000000001
QLC/BTC,1599279685549,2020-09-05T04:21:25.549Z,sell,1.98e-06,901.0,0.0017839800000000001
QLC/BTC,1599279690053,2020-09-05T04:21:30.053Z,sell,1.98e-06,51325.0,0.1016235
QLC/BTC,1599279690371,2020-09-05T04:21:30.371Z,sell,1.98e-06,1530.0,0.0030294000000000002
QLC/BTC,1599279715043,2020-09-05T04:21:55.043Z,sell,1.98e-06,363.0,0.00071874
QLC/BTC,1599279796178,2020-09-05T04:23:16.178Z,sell,1.98e-06,45669.0,0.09042462000000001
QLC/BTC,1599279811696,2020-09-05T04:23:31.696Z,sell,1.98e-06,678.0,0.00134244
QLC/BTC,1599279854713,2020-09-05T04:24:14.713Z,sell,1.98e-06,787.0,0.0015582600000000001
QLC/BTC,1599279856001,2020-09-05T04:24:16.001Z,sell,1.98e-06,51.0,0.00010098
QLC/BTC,1599279897545,2020-09-05T04:24:57.545Z,sell,1.98e-06,280.0,0.0005544
QLC/BTC,1599279943882,2020-09-05T04:25:43.882Z,sell,1.98e-06,7843.0,0.01552914
QLC/BTC,1599279943888,2020-09-05T04:25:43.888Z,sell,1.98e-06,7843.0,0.01552914
QLC/BTC,1599280006475,2020-09-05T04:26:46.475Z,buy,1.99e-06,65082.0,0.12951318
QLC/BTC,1599280068014,2020-09-05T04:27:48.014Z,buy,1.99e-06,5025.0,0.00999975
QLC/BTC,1599280169502,2020-09-05T04:29:29.502Z,sell,1.98e-06,51.0,0.00010098
QLC/BTC,1599280212545,2020-09-05T04:30:12.545Z,buy,1.99e-06,502.0,0.00099898
QLC/BTC,1599280308357,2020-09-05T04:31:48.357Z,buy,1.99e-06,201.0,0.00039999
QLC/BTC,1599280352729,2020-09-05T04:32:32.729Z,sell,1.98e-06,570.0,0.0011286
QLC/BTC,1599280394568,2020-09-05T04:33:14.568Z,buy,1.99e-06,14.0,2.786e-05
QLC/BTC,1599280524590,2020-09-05T04:35:24.590Z,sell,1.98e-06,62912.0,0.12456576000000001
QLC/BTC,1599280624915,2020-09-05T04:37:04.915Z,sell,1.98e-06,53.0,0.00010494000000000001
QLC/BTC,1599280630499,2020-09-05T04:37:10.499Z,sell,1.98e-06,638.0,0.0012632400000000001
QLC/BTC,1599280630499,2020-09-05T04:37:10.499Z,sell,1.98e-06,638.0,0.0012632400000000001
QLC/BTC,1599280800759,2020-09-05T04:40:00.759Z,sell,1.98e-06,86203.0,0.17068194
QLC/BTC,1599280843636,2020-09-05T04:40:43.636Z,sell,1.98e-06,51.0,0.00010098
QLC/BTC,1599281140355,2020-09-05T04:45:40.355Z,buy,1.99e-06,8600.0,0.017114
QLC/BTC,1599281249351,2020-09-05T04:47:29.351Z,buy,1.99e-06,996.0,0.00198204
QLC/BTC,1599281255201,2020-09-05T04:47:35.201Z,sell,1.98e-06,309.0,0.00061182
QLC/BTC,1599281391732,2020-09-05T04:49:51.732Z,sell,1.98e-06,640.0,0.0012672
QLC/BTC,1599281398127,2020-09-05T04:49:58.127Z,sell,1.98e-06,284.0,0.00056232
QLC/BTC,1599281442927,2020-09-05T04:50:42.927Z,sell,1.98e-06,51.0,0.00010098
QLC/BTC,1599281557179,2020-09-05T04:52:37.179Z,sell,1.98e-06,67.0,0.00013266
QLC/BTC,1599281601400,2020-09-05T04:53:21.400Z,buy,1.99e-06,14.0,2.786e-05
QLC/BTC,1599281677991,2020-09-05T04:54:37.991Z,buy,1.99e-06,39674.0,0.07895126
QLC/BTC,1599281758050,2020-09-05T04:55:58.050Z,buy,1.99e-06,300.0,0.000597
QLC/BTC,1599281839889,2020-09-05T04:57:19.889Z,buy,1.99e-06,8026.0,0.01597174
QLC/BTC,1599281905792,2020-09-05T04:58:25.792Z,sell,1.98e-06,1254.0,0.00248292
QLC/BTC,1599281973262,2020-09-05T04:59:33.262Z,buy,1.99e-06,17.0,3.383e-05
QLC/BTC,1599281990966,2020-09-05T04:59:50.966Z,sell,1.98e-06,349.0,0.0006910200000000001
QLC/BTC,1599282013619,2020-09-05T05:00:13.619Z,sell,1.98e-06,239.0,0.00047322
QLC/BTC,1599282013858,2020-09-05T05:00:13.858Z,sell,1.98e-06,638.0,0.0012632400000000001
QLC/BTC,1599282036059,2020-09-05T05:00:36.059Z,sell,1.98e-06,222.0,0.00043956
QLC/BTC,1599282126932,2020-09-05T05:02:06.932Z,buy,1.99e-06,15000.0,0.02985
QLC/BTC,1599282375783,2020-09-05T05:06:15.783Z,sell,1.98e-06,100.0,0.00019800000000000002
QLC/BTC,1599282588880,2020-09-05T05:09:48.880Z,buy,1.99e-06,94177.0,0.18741223
QLC/BTC,1599282589141,2020-09-05T05:09:49.141Z,sell,1.99e-06,59.0,0.00011741
QLC/BTC,1599282593754,2020-09-05T05:09:53.754Z,sell,1.99e-06,329.0,0.00065471
QLC/BTC,1599282619036,2020-09-05T05:10:19.036Z,sell,1.99e-06,311.0,0.00061889
QLC/BTC,1599282624898,2020-09-05T05:10:24.898Z,sell,1.99e-06,366.0,0.00072834
QLC/BTC,1599282625016,2020-09-05T05:10:25.016Z,sell,1.99e-06,639.0,0.00127161
QLC/BTC,1599282657648,2020-09-05T05:10:57.648Z,sell,1.99e-06,2956.0,0.00588244
QLC/BTC,1599282672017,2020-09-05T05:11:12.017Z,sell,1.99e-06,295.0,0.00058705
QLC/BTC,1599282714056,2020-09-05T05:11:54.056Z,buy,2e-06,17.0,3.4e-05
QLC/BTC,1599282716871,2020-09-05T05:11:56.871Z,sell,1.99e-06,340.0,0.0006766
QLC/BTC,1599282741635,2020-09-05T05:12:21.635Z,sell,1.99e-06,745.0,0.00148255
QLC/BTC,1599282767630,2020-09-05T05:12:47.630Z,sell,1.99e-06,804.0,0.00159996
QLC/BTC,1599282767745,2020-09-05T05:12:47.745Z,sell,1.99e-06,8109.0,0.01613691
QLC/BTC,1599282772009,2020-09-05T05:12:52.009Z,buy,2e-06,52452.0,0.104904
QLC/BTC,1599282797384,2020-09-05T05:13:17.384Z,sell,1.99e-06,820.0,0.0016318
QLC/BTC,1599282797384,2020-09-05T05:13:17.384Z,sell,1.99e-06,91.0,0.00018109
QLC/BTC,1599282797413,2020-09-05T05:13:17.413Z,sell,1.99e-06,473.0,0.00094127
QLC/BTC,1599282804233,2020-09-05T05:13:24.233Z,buy,1.99e-06,18.0,3.582e-05
QLC/BTC,1599282856754,2020-09-05T05:14:16.754Z,sell,1.98e-06,358.0,0.0007088400000000001
QLC/BTC,1599282856754,2020-09-05T05:14:16.754Z,sell,1.98e-06,479.0,0.0009484200000000001
QLC/BTC,1599282900491,2020-09-05T05:15:00.491Z,sell,1.98e-06,215.0,0.00042570000000000005
QLC/BTC,1599282988457,2020-09-05T05:16:28.457Z,sell,1.98e-06,1500.0,0.00297
QLC/BTC,1599282990004,2020-09-05T05:16:30.004Z,buy,1.99e-06,51.0,0.00010149
QLC/BTC,1599283072808,2020-09-05T05:17:52.808Z,buy,1.99e-06,51.0,0.00010149
QLC/BTC,1599283100594,2020-09-05T05:18:20.594Z,buy,1.99e-06,301.0,0.00059899
QLC/BTC,1599283188899,2020-09-05T05:19:48.899Z,buy,1.99e-06,3567.0,0.00709833
QLC/BTC,1599283188999,2020-09-05T05:19:48.999Z,sell,1.99e-06,1915.0,0.00381085
QLC/BTC,1599283190653,2020-09-05T05:19:50.653Z,sell,1.99e-06,9289.0,0.01848511
QLC/BTC,1599283190773,2020-09-05T05:19:50.773Z,sell,1.99e-06,82.0,0.00016318
QLC/BTC,1599283232581,2020-09-05T05:20:32.581Z,buy,2e-06,102544.0,0.205088
QLC/BTC,1599283318850,2020-09-05T05:21:58.850Z,sell,1.99e-06,342.0,0.00068058
QLC/BTC,1599283335493,2020-09-05T05:22:15.493Z,buy,2e-06,159.0,0.000318
QLC/BTC,1599283365610,2020-09-05T05:22:45.610Z,sell,1.99e-06,651.0,0.00129549
QLC/BTC,1599283436814,2020-09-05T05:23:56.814Z,sell,1.99e-06,3191.0,0.00635009
QLC/BTC,1599283749228,2020-09-05T05:29:09.228Z,buy,1.99e-06,1005.0,0.00199995
QLC/BTC,1599283765506,2020-09-05T05:29:25.506Z,buy,1.99e-06,1855.0,0.00369145
QLC/BTC,1599283814215,2020-09-05T05:30:14.215Z,buy,2e-06,14.0,2.8e-05
QLC/BTC,1599283835397,2020-09-05T05:30:35.397Z,sell,1.99e-06,292.0,0.00058108
QLC/BTC,1599283995541,2020-09-05T05:33:15.541Z,sell,1.98e-06,1208.0,0.00239184
QLC/BTC,1599284055182,2020-09-05T05:34:15.182Z,buy,2e-06,15.0,2.9999999999999997e-05
QLC/BTC,1599284152692,2020-09-05T05:35:52.692Z,buy,1.99e-06,112.0,0.00022288
QLC/BTC,1599284152692,2020-09-05T05:35:52.692Z,buy,1.99e-06,112.0,0.00022288
QLC/BTC,1599284278784,2020-09-05T05:37:58.784Z,sell,1.98e-06,788.0,0.00156024
QLC/BTC,1599284444454,2020-09-05T05:40:44.454Z,buy,1.99e-06,882.0,0.00175518
QLC/BTC,1599284444533,2020-09-05T05:40:44.533Z,sell,1.99e-06,369.0,0.00073431
QLC/BTC,1599284444675,2020-09-05T05:40:44.675Z,sell,1.99e-06,3050.0,0.0060695
QLC/BTC,1599284855024,2020-09-05T05:47:35.024Z,sell,1.98e-06,11988.0,0.023736240000000002
QLC/BTC,1599285131318,2020-09-05T05:52:11.318Z,buy,1.99e-06,24090.0,0.0479391
QLC/BTC,1599285185347,2020-09-05T05:53:05.347Z,buy,1.99e-06,18.0,3.582e-05
QLC/BTC,1599285203809,2020-09-05T05:53:23.809Z,buy,1.99e-06,18.0,3.582e-05
QLC/BTC,1599285210315,2020-09-05T05:53:30.315Z,buy,1.99e-06,14303.0,0.02846297
QLC/BTC,1599285264899,2020-09-05T05:54:24.899Z,sell,1.98e-06,1000.0,0.00198
QLC/BTC,1599285320373,2020-09-05T05:55:20.373Z,buy,1.99e-06,3317.0,0.00660083
QLC/BTC,1599285718919,2020-09-05T06:01:58.919Z,buy,1.99e-06,204.0,0.00040596
QLC/BTC,1599285871451,2020-09-05T06:04:31.451Z,buy,1.99e-06,808.0,0.00160792
QLC/BTC,1599285976094,2020-09-05T06:06:16.094Z,sell,1.98e-06,9033.0,0.01788534
QLC/BTC,1599286022293,2020-09-05T06:07:02.293Z,buy,1.99e-06,204.0,0.00040596
QLC/BTC,1599286024539,2020-09-05T06:07:04.539Z,buy,1.99e-06,18.0,3.582e-05
QLC/BTC,1599286035224,2020-09-05T06:07:15.224Z,buy,1.99e-06,15.0,2.985e-05
QLC/BTC,1599286195008,2020-09-05T06:09:55.008Z,sell,1.98e-06,1991.0,0.00394218
QLC/BTC,1599286200822,2020-09-05T06:10:00.822Z,sell,1.98e-06,28715.0,0.0568557
QLC/BTC,1599286201020,2020-09-05T06:10:01.020Z,sell,1.98e-06,66.0,0.00013068000000000002
QLC/BTC,1599286430835,2020-09-05T06:13:50.835Z,sell,1.98e-06,199208.0,0.39443184000000003
QLC/BTC,1599286441687,2020-09-05T06:14:01.687Z,buy,1.98e-06,725.0,0.0014355000000000001
QLC/BTC,1599286458189,2020-09-05T06:14:18.189Z,buy,1.98e-06,985.0,0.0019503
QLC/BTC,1599286600609,2020-09-05T06:16:40.609Z,buy,1.98e-06,19.0,3.762e-05
QLC/BTC,1599286602910,2020-09-05T06:16:42.910Z,sell,1.97e-06,60.0,0.00011820000000000001
QLC/BTC,1599286683977,2020-09-05T06:18:03.977Z,sell,1.97e-06,2104.0,0.00414488
QLC/BTC,1599286686035,2020-09-05T06:18:06.035Z,sell,1.96e-06,7179.0,0.01407084
QLC/BTC,1599286764647,2020-09-05T06:19:24.647Z,buy,1.97e-06,18.0,3.546e-05
QLC/BTC,1599286794903,2020-09-05T06:19:54.903Z,buy,1.97e-06,500.0,0.0009850000000000002
QLC/BTC,1599286830000,2020-09-05T06:20:30.000Z,buy,1.97e-06,2538.0,0.00499986
QLC/BTC,1599286996400,2020-09-05T06:23:16.400Z,buy,1.97e-06,37494.0,0.07386318
QLC/BTC,1599287004146,2020-09-05T06:23:24.146Z,buy,1.97e-06,15180.0,0.029904600000000003
QLC/BTC,1599287020486,2020-09-05T06:23:40.486Z,buy,1.97e-06,4609.0,0.009079730000000001
QLC/BTC,1599287194370,2020-09-05T06:26:34.370Z,sell,1.96e-06,21071.0,0.041299159999999994
QLC/BTC,1599287234043,2020-09-05T06:27:14.043Z,sell,1.96e-06,68.0,0.00013328
QLC/BTC,1599287241080,2020-09-05T06:27:21.080Z,sell,1.96e-06,52.0,0.00010192
QLC/BTC,1599287307124,2020-09-05T06:28:27.124Z,buy,1.97e-06,21455.0,0.04226635
QLC/BTC,1599287317341,2020-09-05T06:28:37.341Z,buy,1.98e-06,783.0,0.00155034
QLC/BTC,1599287328699,2020-09-05T06:28:48.699Z,buy,1.97e-06,55.0,0.00010835
QLC/BTC,1599287328699,2020-09-05T06:28:48.699Z,buy,1.98e-06,18803.0,0.03722994
QLC/BTC,1599287369421,2020-09-05T06:29:29.421Z,buy,1.98e-06,51.0,0.00010098
QLC/BTC,1599287371161,2020-09-05T06:29:31.161Z,buy,1.98e-06,51.0,0.00010098
QLC/BTC,1599287486377,2020-09-05T06:31:26.377Z,sell,1.97e-06,9631.0,0.01897307
QLC/BTC,1599287486377,2020-09-05T06:31:26.377Z,sell,1.97e-06,9631.0,0.01897307
QLC/BTC,1599287881703,2020-09-05T06:38:01.703Z,sell,1.97e-06,70.0,0.00013790000000000002
QLC/BTC,1599288043586,2020-09-05T06:40:43.586Z,buy,1.98e-06,204.0,0.00040392
QLC/BTC,1599288045567,2020-09-05T06:40:45.567Z,buy,1.98e-06,204.0,0.00040392
QLC/BTC,1599288126301,2020-09-05T06:42:06.301Z,sell,1.97e-06,4795.0,0.00944615
QLC/BTC,1599288178085,2020-09-05T06:42:58.085Z,buy,1.98e-06,1412.0,0.00279576
QLC/BTC,1599288185586,2020-09-05T06:43:05.586Z,buy,1.98e-06,336.0,0.0006652800000000001
QLC/BTC,1599288185610,2020-09-05T06:43:05.610Z,buy,1.98e-06,1008.0,0.00199584
QLC/BTC,1599288462354,2020-09-05T06:47:42.354Z,buy,1.98e-06,746.0,0.00147708
QLC/BTC,1599288683730,2020-09-05T06:51:23.730Z,buy,1.99e-06,19.0,3.781e-05
QLC/BTC,1599288820098,2020-09-05T06:53:40.098Z,buy,1.99e-06,257.0,0.00051143
QLC/BTC,1599289335299,2020-09-05T07:02:15.299Z,buy,1.99e-06,17.0,3.383e-05
QLC/BTC,1599289696910,2020-09-05T07:08:16.910Z,sell,1.97e-06,99.0,0.00019503
QLC/BTC,1599289724221,2020-09-05T07:08:44.221Z,buy,1.99e-06,16.0,3.184e-05
QLC/BTC,1599290133027,2020-09-05T07:15:33.027Z,buy,1.98e-06,79.0,0.00015642
QLC/BTC,1599290133027,2020-09-05T07:15:33.027Z,buy,1.99e-06,12075.0,0.02402925
QLC/BTC,1599290204314,2020-09-05T07:16:44.314Z,buy,1.99e-06,15.0,2.985e-05
QLC/BTC,1599290291217,2020-09-05T07:18:11.217Z,sell,1.98e-06,746.0,0.00147708
QLC/BTC,1599290320260,2020-09-05T07:18:40.260Z,sell,1.98e-06,655.0,0.0012969000000000001
QLC/BTC,1599290333579,2020-09-05T07:18:53.579Z,sell,1.98e-06,656.0,0.00129888
QLC/BTC,1599290410718,2020-09-05T07:20:10.718Z,sell,1.98e-06,655.0,0.0012969000000000001
QLC/BTC,1599290412869,2020-09-05T07:20:12.869Z,sell,1.98e-06,645.0,0.0012771
QLC/BTC,1599290444661,2020-09-05T07:20:44.661Z,sell,1.98e-06,317.0,0.00062766
QLC/BTC,1599290447952,2020-09-05T07:20:47.952Z,sell,1.98e-06,677.0,0.0013404600000000001
QLC/BTC,1599290462046,2020-09-05T07:21:02.046Z,sell,1.98e-06,11175.0,0.0221265
QLC/BTC,1599290462046,2020-09-05T07:21:02.046Z,sell,1.97e-06,10559.0,0.02080123
QLC/BTC,1599290462054,2020-09-05T07:21:02.054Z,buy,1.97e-06,657.0,0.00129429
QLC/BTC,1599290462059,2020-09-05T07:21:02.059Z,buy,1.97e-06,1647.0,0.0032445900000000003
QLC/BTC,1599290462084,2020-09-05T07:21:02.084Z,buy,1.97e-06,4948.0,0.00974756
QLC/BTC,1599290463092,2020-09-05T07:21:03.092Z,buy,1.97e-06,1838.0,0.0036208600000000005
QLC/BTC,1599290509681,2020-09-05T07:21:49.681Z,buy,1.97e-06,51.0,0.00010047
QLC/BTC,1599290512392,2020-09-05T07:21:52.392Z,buy,1.97e-06,51.0,0.00010047
QLC/BTC,1599290557078,2020-09-05T07:22:37.078Z,sell,1.97e-06,5757.0,0.01134129
QLC/BTC,1599290557078,2020-09-05T07:22:37.078Z,sell,1.96e-06,21686.0,0.04250456
QLC/BTC,1599290557090,2020-09-05T07:22:37.090Z,buy,1.96e-06,659.0,0.00129164
QLC/BTC,1599290557091,2020-09-05T07:22:37.091Z,buy,1.96e-06,5757.0,0.011283719999999999
QLC/BTC,1599290557102,2020-09-05T07:22:37.102Z,buy,1.96e-06,133.0,0.00026068
QLC/BTC,1599290557127,2020-09-05T07:22:37.127Z,buy,1.96e-06,5762.0,0.01129352
QLC/BTC,1599290557182,2020-09-05T07:22:37.182Z,buy,1.96e-06,368.0,0.0007212799999999999
QLC/BTC,1599290560988,2020-09-05T07:22:40.988Z,buy,1.96e-06,604.0,0.00118384
QLC/BTC,1599290561246,2020-09-05T07:22:41.246Z,buy,1.96e-06,1674.0,0.00328104
QLC/BTC,1599290564217,2020-09-05T07:22:44.217Z,buy,1.96e-06,412.0,0.0008075199999999999
QLC/BTC,1599290571331,2020-09-05T07:22:51.331Z,buy,1.96e-06,660.0,0.0012936
QLC/BTC,1599290571345,2020-09-05T07:22:51.345Z,buy,1.96e-06,660.0,0.0012936
QLC/BTC,1599290571472,2020-09-05T07:22:51.472Z,buy,1.96e-06,660.0,0.0012936
QLC/BTC,1599290572687,2020-09-05T07:22:52.687Z,buy,1.96e-06,577.0,0.0011309199999999999
QLC/BTC,1599290575725,2020-09-05T07:22:55.725Z,buy,1.96e-06,495.0,0.0009702
QLC/BTC,1599290579280,2020-09-05T07:22:59.280Z,buy,1.96e-06,495.0,0.0009702
QLC/BTC,1599290584925,2020-09-05T07:23:04.925Z,buy,1.96e-06,52.0,0.00010192
QLC/BTC,1599290585242,2020-09-05T07:23:05.242Z,buy,1.96e-06,102.0,0.00019992
QLC/BTC,1599290587390,2020-09-05T07:23:07.390Z,buy,1.96e-06,52.0,0.00010192
QLC/BTC,1599290587959,2020-09-05T07:23:07.959Z,buy,1.96e-06,9141.0,0.01791636
QLC/BTC,1599290777263,2020-09-05T07:26:17.263Z,buy,1.97e-06,368.0,0.0007249600000000001
QLC/BTC,1599290983013,2020-09-05T07:29:43.013Z,buy,1.98e-06,1838.0,0.00363924
QLC/BTC,1599291075223,2020-09-05T07:31:15.223Z,sell,1.97e-06,16007.0,0.031533790000000006
QLC/BTC,1599291075239,2020-09-05T07:31:15.239Z,buy,1.97e-06,410.0,0.0008077000000000001
QLC/BTC,1599291075363,2020-09-05T07:31:15.363Z,buy,1.97e-06,262.0,0.00051614
QLC/BTC,1599291075363,2020-09-05T07:31:15.363Z,buy,1.97e-06,262.0,0.00051614
QLC/BTC,1599291184397,2020-09-05T07:33:04.397Z,buy,1.97e-06,657.0,0.00129429
QLC/BTC,1599291184411,2020-09-05T07:33:04.411Z,buy,1.97e-06,657.0,0.00129429
QLC/BTC,1599291184444,2020-09-05T07:33:04.444Z,buy,1.97e-06,724.0,0.00142628
QLC/BTC,1599291485602,2020-09-05T07:38:05.602Z,buy,1.97e-06,51.0,0.00010047
QLC/BTC,1599291487854,2020-09-05T07:38:07.854Z,buy,1.97e-06,51.0,0.00010047
QLC/BTC,1599291492303,2020-09-05T07:38:12.303Z,buy,1.97e-06,1181.0,0.00232657
QLC/BTC,1599291493972,2020-09-05T07:38:13.972Z,buy,1.98e-06,1670.0,0.0033066000000000003
QLC/BTC,1599291495625,2020-09-05T07:38:15.625Z,buy,1.98e-06,727.0,0.00143946
QLC/BTC,1599291496420,2020-09-05T07:38:16.420Z,buy,1.98e-06,1293.0,0.0025601400000000002
QLC/BTC,1599291496497,2020-09-05T07:38:16.497Z,buy,1.98e-06,1602.0,0.00317196
QLC/BTC,1599291920540,2020-09-05T07:45:20.540Z,buy,1.97e-06,2835.0,0.005584950000000001
QLC/BTC,1599292012234,2020-09-05T07:46:52.234Z,sell,1.97e-06,2093.0,0.00412321
QLC/BTC,1599292080522,2020-09-05T07:48:00.522Z,sell,1.97e-06,2353.0,0.00463541
QLC/BTC,1599292125833,2020-09-05T07:48:45.833Z,sell,1.97e-06,958.0,0.0018872600000000002
QLC/BTC,1599292129284,2020-09-05T07:48:49.284Z,sell,1.97e-06,2458.0,0.00484226
QLC/BTC,1599292234044,2020-09-05T07:50:34.044Z,sell,1.97e-06,410.0,0.0008077000000000001
QLC/BTC,1599292234052,2020-09-05T07:50:34.052Z,sell,1.97e-06,224.0,0.00044128000000000006
QLC/BTC,1599292234060,2020-09-05T07:50:34.060Z,sell,1.97e-06,131.0,0.00025807
QLC/BTC,1599292234157,2020-09-05T07:50:34.157Z,sell,1.97e-06,368.0,0.0007249600000000001
QLC/BTC,1599292507911,2020-09-05T07:55:07.911Z,sell,1.97e-06,40467.0,0.07971999
QLC/BTC,1599292508510,2020-09-05T07:55:08.510Z,sell,1.97e-06,535.0,0.0010539500000000001
QLC/BTC,1599292615699,2020-09-05T07:56:55.699Z,sell,1.97e-06,656.0,0.0012923200000000002
QLC/BTC,1599292724096,2020-09-05T07:58:44.096Z,sell,1.97e-06,28615.0,0.056371550000000006
QLC/BTC,1599292759853,2020-09-05T07:59:19.853Z,sell,1.96e-06,231544.0,0.45382624
QLC/BTC,1599292929682,2020-09-05T08:02:09.682Z,sell,1.96e-06,103.0,0.00020187999999999998
QLC/BTC,1599293327876,2020-09-05T08:08:47.876Z,sell,1.96e-06,91945.0,0.1802122
QLC/BTC,1599293368659,2020-09-05T08:09:28.659Z,buy,1.97e-06,2265.0,0.00446205
QLC/BTC,1599293469628,2020-09-05T08:11:09.628Z,buy,1.96e-06,834.0,0.00163464
QLC/BTC,1599293612219,2020-09-05T08:13:32.219Z,sell,1.95e-06,10540.0,0.020553
QLC/BTC,1599293807564,2020-09-05T08:16:47.564Z,buy,1.96e-06,2350.0,0.004606
QLC/BTC,1599293984711,2020-09-05T08:19:44.711Z,buy,1.96e-06,6666.0,0.01306536
QLC/BTC,1599294154637,2020-09-05T08:22:34.637Z,buy,1.96e-06,1913.0,0.00374948
QLC/BTC,1599294302199,2020-09-05T08:25:02.199Z,buy,1.96e-06,536.0,0.0010505599999999999
QLC/BTC,1599294302283,2020-09-05T08:25:02.283Z,buy,1.96e-06,533.0,0.0010446799999999999
QLC/BTC,1599294302330,2020-09-05T08:25:02.330Z,buy,1.96e-06,531.0,0.00104076
QLC/BTC,1599294302357,2020-09-05T08:25:02.357Z,buy,1.96e-06,528.0,0.00103488
QLC/BTC,1599294302425,2020-09-05T08:25:02.425Z,buy,1.96e-06,525.0,0.001029
QLC/BTC,1599294302449,2020-09-05T08:25:02.449Z,buy,1.96e-06,523.0,0.0010250799999999998
QLC/BTC,1599294302480,2020-09-05T08:25:02.480Z,buy,1.96e-06,520.0,0.0010191999999999998
QLC/BTC,1599294302532,2020-09-05T08:25:02.532Z,buy,1.96e-06,518.0,0.00101528
QLC/BTC,1599294302578,2020-09-05T08:25:02.578Z,buy,1.96e-06,515.0,0.0010094
QLC/BTC,1599294302622,2020-09-05T08:25:02.622Z,buy,1.96e-06,513.0,0.00100548
QLC/BTC,1599294302672,2020-09-05T08:25:02.672Z,buy,1.96e-06,510.0,0.0009996
QLC/BTC,1599294302726,2020-09-05T08:25:02.726Z,buy,1.96e-06,508.0,0.0009956799999999999
QLC/BTC,1599294302795,2020-09-05T08:25:02.795Z,buy,1.96e-06,505.0,0.0009897999999999999
QLC/BTC,1599294302846,2020-09-05T08:25:02.846Z,buy,1.96e-06,503.0,0.00098588
QLC/BTC,1599294302890,2020-09-05T08:25:02.890Z,buy,1.96e-06,500.0,0.00098
QLC/BTC,1599294302936,2020-09-05T08:25:02.936Z,buy,1.96e-06,498.0,0.0009760799999999999
QLC/BTC,1599294302986,2020-09-05T08:25:02.986Z,buy,1.96e-06,496.0,0.0009721599999999999
QLC/BTC,1599294303047,2020-09-05T08:25:03.047Z,buy,1.96e-06,493.0,0.0009662799999999999
QLC/BTC,1599294303081,2020-09-05T08:25:03.081Z,buy,1.96e-06,491.0,0.0009623599999999999
QLC/BTC,1599294303106,2020-09-05T08:25:03.106Z,buy,1.96e-06,489.0,0.00095844
QLC/BTC,1599294303141,2020-09-05T08:25:03.141Z,buy,1.96e-06,487.0,0.0009545199999999999
QLC/BTC,1599294311563,2020-09-05T08:25:11.563Z,buy,1.96e-06,484.0,0.0009486399999999999
QLC/BTC,1599294312091,2020-09-05T08:25:12.091Z,buy,1.96e-06,482.0,0.0009447199999999999
QLC/BTC,1599294312121,2020-09-05T08:25:12.121Z,buy,1.96e-06,480.0,0.0009407999999999999
QLC/BTC,1599294393803,2020-09-05T08:26:33.803Z,sell,1.95e-06,729.0,0.00142155
QLC/BTC,1599294642829,2020-09-05T08:30:42.829Z,sell,1.95e-06,2864.0,0.0055848
QLC/BTC,1599294642829,2020-09-05T08:30:42.829Z,sell,1.95e-06,2864.0,0.0055848
QLC/BTC,1599294679595,2020-09-05T08:31:19.595Z,sell,1.94e-06,21111.0,0.04095534
QLC/BTC,1599294679601,2020-09-05T08:31:19.601Z,buy,1.94e-06,9281.0,0.01800514
QLC/BTC,1599294679601,2020-09-05T08:31:19.601Z,buy,1.94e-06,354.0,0.00068676
QLC/BTC,1599294679664,2020-09-05T08:31:19.664Z,buy,1.95e-06,17.0,3.315e-05
QLC/BTC,1599294690835,2020-09-05T08:31:30.835Z,sell,1.94e-06,6009.0,0.01165746
QLC/BTC,1599294788572,2020-09-05T08:33:08.572Z,buy,1.94e-06,103.0,0.00019982
QLC/BTC,1599294817358,2020-09-05T08:33:37.358Z,buy,1.94e-06,1405.0,0.0027257
QLC/BTC,1599294911029,2020-09-05T08:35:11.029Z,sell,1.93e-06,3602.0,0.006951860000000001
QLC/BTC,1599294911029,2020-09-05T08:35:11.029Z,sell,1.93e-06,24538.0,0.047358340000000006
QLC/BTC,1599294911029,2020-09-05T08:35:11.029Z,sell,1.92e-06,15096.0,0.028984319999999997
QLC/BTC,1599294911029,2020-09-05T08:35:11.029Z,sell,1.92e-06,4889.0,0.009386879999999998
QLC/BTC,1599294946670,2020-09-05T08:35:46.670Z,buy,1.93e-06,1416.0,0.00273288
QLC/BTC,1599294978443,2020-09-05T08:36:18.443Z,buy,1.94e-06,3267.0,0.00633798
QLC/BTC,1599295046583,2020-09-05T08:37:26.583Z,buy,1.93e-06,1651.0,0.00318643
QLC/BTC,1599295048978,2020-09-05T08:37:28.978Z,sell,1.92e-06,60.0,0.0001152
QLC/BTC,1599295115379,2020-09-05T08:38:35.379Z,buy,1.93e-06,819.0,0.0015806700000000002
QLC/BTC,1599295140242,2020-09-05T08:39:00.242Z,buy,1.93e-06,639.0,0.00123327
QLC/BTC,1599295144324,2020-09-05T08:39:04.324Z,buy,1.93e-06,56830.0,0.10968190000000001
QLC/BTC,1599295696938,2020-09-05T08:48:16.938Z,buy,1.94e-06,22068.0,0.04281192
QLC/BTC,1599295929411,2020-09-05T08:52:09.411Z,sell,1.93e-06,124.0,0.00023932
QLC/BTC,1599296063438,2020-09-05T08:54:23.438Z,sell,1.93e-06,112139.0,0.21642827
QLC/BTC,1599296063579,2020-09-05T08:54:23.579Z,sell,1.93e-06,67.0,0.00012931000000000002
QLC/BTC,1599296063581,2020-09-05T08:54:23.581Z,sell,1.93e-06,14421.0,0.02783253
QLC/BTC,1599296308785,2020-09-05T08:58:28.785Z,sell,1.93e-06,59138.0,0.11413634
QLC/BTC,1599296317174,2020-09-05T08:58:37.174Z,buy,1.94e-06,17.0,3.298e-05
QLC/BTC,1599296343123,2020-09-05T08:59:03.123Z,sell,1.93e-06,1366.0,0.0026363800000000002
QLC/BTC,1599296343141,2020-09-05T08:59:03.141Z,buy,1.93e-06,1159.0,0.00223687
QLC/BTC,1599296421208,2020-09-05T09:00:21.208Z,sell,1.91e-06,44501.0,0.08499691
QLC/BTC,1599296425243,2020-09-05T09:00:25.243Z,buy,1.92e-06,4475.0,0.008591999999999999
QLC/BTC,1599296460235,2020-09-05T09:01:00.235Z,buy,1.92e-06,1500.0,0.0028799999999999997
QLC/BTC,1599296525623,2020-09-05T09:02:05.623Z,buy,1.92e-06,297.0,0.00057024
QLC/BTC,1599296534950,2020-09-05T09:02:14.950Z,buy,1.92e-06,234.0,0.00044928
QLC/BTC,1599296538087,2020-09-05T09:02:18.087Z,buy,1.93e-06,1648.0,0.00318064
QLC/BTC,1599296672606,2020-09-05T09:04:32.606Z,buy,1.92e-06,658.0,0.0012633599999999998
QLC/BTC,1599296672645,2020-09-05T09:04:32.645Z,buy,1.92e-06,659.0,0.00126528
QLC/BTC,1599296706005,2020-09-05T09:05:06.005Z,sell,1.91e-06,5291.0,0.01010581
QLC/BTC,1599296706005,2020-09-05T09:05:06.005Z,sell,1.9e-06,91629.0,0.1740951
QLC/BTC,1599296706022,2020-09-05T09:05:06.022Z,buy,1.9e-06,1419.0,0.0026961
QLC/BTC,1599296706047,2020-09-05T09:05:06.047Z,buy,1.9e-06,681.0,0.0012939
QLC/BTC,1599296706068,2020-09-05T09:05:06.068Z,buy,1.9e-06,4462.0,0.0084778
QLC/BTC,1599296706119,2020-09-05T09:05:06.119Z,buy,1.9e-06,24399.0,0.0463581
QLC/BTC,1599296783232,2020-09-05T09:06:23.232Z,sell,1.91e-06,8625.0,0.01647375
QLC/BTC,1599296799973,2020-09-05T09:06:39.973Z,buy,1.9e-06,17284.0,0.032839600000000004
QLC/BTC,1599296805412,2020-09-05T09:06:45.412Z,buy,1.9e-06,53.0,0.0001007
QLC/BTC,1599296812157,2020-09-05T09:06:52.157Z,buy,1.9e-06,648.0,0.0012312
QLC/BTC,1599296812169,2020-09-05T09:06:52.169Z,buy,1.9e-06,648.0,0.0012312
QLC/BTC,1599296812186,2020-09-05T09:06:52.186Z,buy,1.9e-06,649.0,0.0012331
QLC/BTC,1599296829254,2020-09-05T09:07:09.254Z,buy,1.9e-06,688.0,0.0013072000000000001
QLC/BTC,1599296867882,2020-09-05T09:07:47.882Z,sell,1.89e-06,6328.0,0.011959919999999999
QLC/BTC,1599296867882,2020-09-05T09:07:47.882Z,sell,1.88e-06,6194.0,0.01164472
QLC/BTC,1599296867882,2020-09-05T09:07:47.882Z,sell,1.87e-06,1025.0,0.00191675
QLC/BTC,1599296867896,2020-09-05T09:07:47.896Z,buy,1.88e-06,6328.0,0.01189664
QLC/BTC,1599296867933,2020-09-05T09:07:47.933Z,buy,1.88e-06,799.0,0.00150212
QLC/BTC,1599296868020,2020-09-05T09:07:48.020Z,buy,1.88e-06,1242.0,0.00233496
QLC/BTC,1599296868474,2020-09-05T09:07:48.474Z,buy,1.88e-06,91.0,0.00017108
QLC/BTC,1599296888613,2020-09-05T09:08:08.613Z,buy,1.88e-06,106.0,0.00019928
QLC/BTC,1599296991580,2020-09-05T09:09:51.580Z,buy,1.88e-06,682.0,0.00128216
QLC/BTC,1599297007520,2020-09-05T09:10:07.520Z,buy,1.88e-06,500.0,0.00094
QLC/BTC,1599297029508,2020-09-05T09:10:29.508Z,buy,1.88e-06,500.0,0.00094
QLC/BTC,1599297045338,2020-09-05T09:10:45.338Z,buy,1.88e-06,668.0,0.00125584
QLC/BTC,1599297102044,2020-09-05T09:11:42.044Z,sell,1.87e-06,25666.0,0.047995420000000004
QLC/BTC,1599297150447,2020-09-05T09:12:30.447Z,sell,1.87e-06,31625.0,0.059138750000000004
QLC/BTC,1599297150447,2020-09-05T09:12:30.447Z,sell,1.86e-06,582734.0,1.08388524
QLC/BTC,1599297150447,2020-09-05T09:12:30.447Z,sell,1.86e-06,2000.0,0.0037199999999999998
QLC/BTC,1599297150469,2020-09-05T09:12:30.469Z,buy,1.87e-06,217.0,0.00040579
QLC/BTC,1599297177989,2020-09-05T09:12:57.989Z,sell,1.87e-06,5792.0,0.01083104
QLC/BTC,1599297177989,2020-09-05T09:12:57.989Z,sell,1.86e-06,1745.0,0.0032457
QLC/BTC,1599297181627,2020-09-05T09:13:01.627Z,buy,1.88e-06,11703.0,0.02200164
QLC/BTC,1599297232124,2020-09-05T09:13:52.124Z,buy,1.87e-06,330.0,0.0006171
QLC/BTC,1599297272471,2020-09-05T09:14:32.471Z,buy,1.87e-06,729.0,0.00136323
QLC/BTC,1599297303196,2020-09-05T09:15:03.196Z,buy,1.87e-06,680.0,0.0012716000000000001
QLC/BTC,1599297322683,2020-09-05T09:15:22.683Z,buy,1.87e-06,1421.0,0.00265727
QLC/BTC,1599297338183,2020-09-05T09:15:38.183Z,buy,1.88e-06,1380.0,0.0025944
QLC/BTC,1599297338552,2020-09-05T09:15:38.552Z,sell,1.87e-06,29669.0,0.05548103
QLC/BTC,1599297351514,2020-09-05T09:15:51.514Z,sell,1.87e-06,590.0,0.0011033
QLC/BTC,1599297404272,2020-09-05T09:16:44.272Z,buy,1.88e-06,54.0,0.00010152
QLC/BTC,1599297422078,2020-09-05T09:17:02.078Z,sell,1.87e-06,20023.0,0.03744301
QLC/BTC,1599297445312,2020-09-05T09:17:25.312Z,buy,1.87e-06,800.0,0.0014960000000000002
QLC/BTC,1599297446575,2020-09-05T09:17:26.575Z,buy,1.87e-06,804.0,0.0015034800000000002
QLC/BTC,1599297467020,2020-09-05T09:17:47.020Z,buy,1.87e-06,260.0,0.0004862
QLC/BTC,1599297478957,2020-09-05T09:17:58.957Z,buy,1.87e-06,751.0,0.00140437
QLC/BTC,1599297478987,2020-09-05T09:17:58.987Z,buy,1.87e-06,753.0,0.0014081100000000002
QLC/BTC,1599297510860,2020-09-05T09:18:30.860Z,buy,1.87e-06,26737.0,0.049998190000000005
QLC/BTC,1599297518584,2020-09-05T09:18:38.584Z,buy,1.87e-06,2059.0,0.0038503300000000003
QLC/BTC,1599297519572,2020-09-05T09:18:39.572Z,buy,1.87e-06,18.0,3.366e-05
QLC/BTC,1599297520201,2020-09-05T09:18:40.201Z,buy,1.87e-06,2059.0,0.0038503300000000003
QLC/BTC,1599297522827,2020-09-05T09:18:42.827Z,buy,1.87e-06,6774.0,0.01266738
QLC/BTC,1599297525540,2020-09-05T09:18:45.540Z,buy,1.87e-06,673.0,0.00125851
QLC/BTC,1599297538015,2020-09-05T09:18:58.015Z,buy,1.87e-06,789.0,0.00147543
QLC/BTC,1599297538040,2020-09-05T09:18:58.040Z,buy,1.87e-06,791.0,0.0014791700000000001
QLC/BTC,1599297560637,2020-09-05T09:19:20.637Z,buy,1.87e-06,6803.0,0.012721610000000001
QLC/BTC,1599297560874,2020-09-05T09:19:20.874Z,buy,1.87e-06,278.0,0.00051986
QLC/BTC,1599297584818,2020-09-05T09:19:44.818Z,buy,1.87e-06,756.0,0.00141372
QLC/BTC,1599297584855,2020-09-05T09:19:44.855Z,buy,1.87e-06,757.0,0.00141559
QLC/BTC,1599297606943,2020-09-05T09:20:06.943Z,sell,1.86e-06,41563.0,0.07730718
QLC/BTC,1599297606957,2020-09-05T09:20:06.957Z,buy,1.86e-06,533.0,0.00099138
QLC/BTC,1599297606983,2020-09-05T09:20:06.983Z,buy,1.86e-06,245.0,0.0004557
QLC/BTC,1599297607016,2020-09-05T09:20:07.016Z,buy,1.86e-06,245.0,0.0004557
QLC/BTC,1599297662380,2020-09-05T09:21:02.380Z,buy,1.86e-06,80023.0,0.14884278
QLC/BTC,1599297668424,2020-09-05T09:21:08.424Z,buy,1.86e-06,762.0,0.00141732
QLC/BTC,1599297669090,2020-09-05T09:21:09.090Z,buy,1.86e-06,144.0,0.00026784
QLC/BTC,1599297672514,2020-09-05T09:21:12.514Z,buy,1.86e-06,49830.0,0.0926838
QLC/BTC,1599297683873,2020-09-05T09:21:23.873Z,buy,1.87e-06,53271.0,0.09961677000000001
QLC/BTC,1599297713529,2020-09-05T09:21:53.529Z,buy,1.86e-06,391.0,0.00072726
QLC/BTC,1599297718009,2020-09-05T09:21:58.009Z,buy,1.86e-06,2460.0,0.0045756
QLC/BTC,1599297729332,2020-09-05T09:22:09.332Z,buy,1.86e-06,668.0,0.00124248
QLC/BTC,1599297768829,2020-09-05T09:22:48.829Z,buy,1.86e-06,3864.0,0.00718704
QLC/BTC,1599297780672,2020-09-05T09:23:00.672Z,buy,1.87e-06,869.0,0.0016250300000000002
QLC/BTC,1599297796687,2020-09-05T09:23:16.687Z,buy,1.88e-06,361.0,0.00067868
QLC/BTC,1599297801317,2020-09-05T09:23:21.317Z,buy,1.88e-06,148.0,0.00027824
QLC/BTC,1599298055325,2020-09-05T09:27:35.325Z,sell,1.87e-06,31.0,5.797e-05
QLC/BTC,1599298055325,2020-09-05T09:27:35.325Z,sell,1.86e-06,532.0,0.00098952
QLC/BTC,1599298101154,2020-09-05T09:28:21.154Z,sell,1.86e-06,375.0,0.0006975
QLC/BTC,1599298102619,2020-09-05T09:28:22.619Z,buy,1.88e-06,1651.0,0.00310388
QLC/BTC,1599298168199,2020-09-05T09:29:28.199Z,sell,1.87e-06,109.0,0.00020383
QLC/BTC,1599298172439,2020-09-05T09:29:32.439Z,buy,1.88e-06,111.0,0.00020868
QLC/BTC,1599298172439,2020-09-05T09:29:32.439Z,buy,1.88e-06,111.0,0.00020868
QLC/BTC,1599298281851,2020-09-05T09:31:21.851Z,sell,1.87e-06,4471.0,0.00836077
QLC/BTC,1599298533241,2020-09-05T09:35:33.241Z,sell,1.87e-06,420.0,0.0007854
QLC/BTC,1599298556873,2020-09-05T09:35:56.873Z,buy,1.87e-06,1336.0,0.00249832
QLC/BTC,1599298562202,2020-09-05T09:36:02.202Z,buy,1.87e-06,468.0,0.00087516
QLC/BTC,1599298574299,2020-09-05T09:36:14.299Z,buy,1.87e-06,1491.0,0.00278817
QLC/BTC,1599298577524,2020-09-05T09:36:17.524Z,buy,1.87e-06,918.0,0.00171666
QLC/BTC,1599298585543,2020-09-05T09:36:25.543Z,buy,1.87e-06,727.0,0.00135949
QLC/BTC,1599298688122,2020-09-05T09:38:08.122Z,sell,1.86e-06,3862.0,0.00718332
QLC/BTC,1599298691196,2020-09-05T09:38:11.196Z,buy,1.87e-06,3837.0,0.0071751900000000006
QLC/BTC,1599298695544,2020-09-05T09:38:15.544Z,buy,1.87e-06,343.0,0.00064141
QLC/BTC,1599298699579,2020-09-05T09:38:19.579Z,buy,1.87e-06,744.0,0.0013912800000000002
QLC/BTC,1599298700071,2020-09-05T09:38:20.071Z,buy,1.87e-06,622.0,0.00116314
QLC/BTC,1599298700330,2020-09-05T09:38:20.330Z,buy,1.87e-06,2000.0,0.0037400000000000003
QLC/BTC,1599298926509,2020-09-05T09:42:06.509Z,sell,1.86e-06,7239.0,0.01346454
QLC/BTC,1599298926509,2020-09-05T09:42:06.509Z,sell,1.85e-06,137392.0,0.2541752
QLC/BTC,1599298926509,2020-09-05T09:42:06.509Z,sell,1.85e-06,180.0,0.000333
QLC/BTC,1599298926509,2020-09-05T09:42:06.509Z,sell,1.85e-06,300.0,0.000555
QLC/BTC,1599298926572,2020-09-05T09:42:06.572Z,buy,1.86e-06,4202.0,0.00781572
QLC/BTC,1599298926642,2020-09-05T09:42:06.642Z,buy,1.86e-06,1183.0,0.00220038
QLC/BTC,1599298926656,2020-09-05T09:42:06.656Z,buy,1.86e-06,1182.0,0.00219852
QLC/BTC,1599298926697,2020-09-05T09:42:06.697Z,sell,1.85e-06,739.0,0.0013671500000000001
QLC/BTC,1599298926707,2020-09-05T09:42:06.707Z,sell,1.85e-06,91.0,0.00016835
QLC/BTC,1599298982538,2020-09-05T09:43:02.538Z,buy,1.86e-06,4203.0,0.00781758
QLC/BTC,1599298983352,2020-09-05T09:43:03.352Z,buy,1.87e-06,1837.0,0.0034351900000000003
QLC/BTC,1599298983496,2020-09-05T09:43:03.496Z,buy,1.87e-06,966.0,0.00180642
QLC/BTC,1599298983512,2020-09-05T09:43:03.512Z,buy,1.87e-06,967.0,0.0018082900000000002
QLC/BTC,1599298983562,2020-09-05T09:43:03.562Z,buy,1.87e-06,2681.0,0.00501347
QLC/BTC,1599298983590,2020-09-05T09:43:03.590Z,buy,1.87e-06,2677.0,0.00500599
QLC/BTC,1599298983623,2020-09-05T09:43:03.623Z,sell,1.86e-06,2677.0,0.00497922
QLC/BTC,1599298983624,2020-09-05T09:43:03.624Z,buy,1.87e-06,2681.0,0.00501347
QLC/BTC,1599298984048,2020-09-05T09:43:04.048Z,buy,1.87e-06,800.0,0.0014960000000000002
QLC/BTC,1599298985216,2020-09-05T09:43:05.216Z,buy,1.87e-06,7140.0,0.0133518
QLC/BTC,1599298985510,2020-09-05T09:43:05.510Z,buy,1.87e-06,1701.0,0.00318087
QLC/BTC,1599298985751,2020-09-05T09:43:05.751Z,buy,1.87e-06,944.0,0.0017652800000000001
QLC/BTC,1599298985813,2020-09-05T09:43:05.813Z,buy,1.87e-06,751.0,0.00140437
QLC/BTC,1599298987064,2020-09-05T09:43:07.064Z,buy,1.87e-06,1738.0,0.0032500600000000004
QLC/BTC,1599298987138,2020-09-05T09:43:07.138Z,buy,1.87e-06,1102.0,0.00206074
QLC/BTC,1599298987587,2020-09-05T09:43:07.587Z,buy,1.87e-06,279.0,0.00052173
QLC/BTC,1599298987652,2020-09-05T09:43:07.652Z,buy,1.87e-06,433.0,0.00080971
QLC/BTC,1599298987700,2020-09-05T09:43:07.700Z,buy,1.87e-06,373.0,0.00069751
QLC/BTC,1599298988514,2020-09-05T09:43:08.514Z,buy,1.87e-06,4548.0,0.00850476
QLC/BTC,1599298988688,2020-09-05T09:43:08.688Z,buy,1.87e-06,471.0,0.00088077
QLC/BTC,1599298988876,2020-09-05T09:43:08.876Z,buy,1.87e-06,1964.0,0.00367268
QLC/BTC,1599298988977,2020-09-05T09:43:08.977Z,buy,1.87e-06,1061.0,0.00198407
QLC/BTC,1599298989261,2020-09-05T09:43:09.261Z,buy,1.87e-06,514.0,0.0009611800000000001
QLC/BTC,1599298989342,2020-09-05T09:43:09.342Z,buy,1.87e-06,2201.0,0.004115870000000001
QLC/BTC,1599298989758,2020-09-05T09:43:09.758Z,buy,1.87e-06,1255.0,0.00234685
QLC/BTC,1599298990030,2020-09-05T09:43:10.030Z,buy,1.87e-06,1317.0,0.0024627900000000003
QLC/BTC,1599298994114,2020-09-05T09:43:14.114Z,buy,1.87e-06,10130.0,0.0189431
QLC/BTC,1599298995023,2020-09-05T09:43:15.023Z,buy,1.87e-06,1041.0,0.0019466700000000002
QLC/BTC,1599298995303,2020-09-05T09:43:15.303Z,buy,1.87e-06,5152.0,0.00963424
QLC/BTC,1599298995931,2020-09-05T09:43:15.931Z,buy,1.87e-06,112.0,0.00020944
QLC/BTC,1599298996073,2020-09-05T09:43:16.073Z,buy,1.87e-06,2227.0,0.00416449
QLC/BTC,1599298999887,2020-09-05T09:43:19.887Z,buy,1.87e-06,1955.0,0.00365585
QLC/BTC,1599299003032,2020-09-05T09:43:23.032Z,buy,1.87e-06,290.0,0.0005423
QLC/BTC,1599299004054,2020-09-05T09:43:24.054Z,buy,1.87e-06,745.0,0.0013931500000000001
QLC/BTC,1599299005005,2020-09-05T09:43:25.005Z,buy,1.87e-06,1730.0,0.0032351000000000003
QLC/BTC,1599299005937,2020-09-05T09:43:25.937Z,buy,1.87e-06,5642.0,0.01055054
QLC/BTC,1599299008873,2020-09-05T09:43:28.873Z,buy,1.87e-06,1543.0,0.00288541
QLC/BTC,1599299009152,2020-09-05T09:43:29.152Z,buy,1.87e-06,551.0,0.00103037
QLC/BTC,1599299012752,2020-09-05T09:43:32.752Z,buy,1.87e-06,225.0,0.00042075
QLC/BTC,1599299015353,2020-09-05T09:43:35.353Z,buy,1.87e-06,800.0,0.0014960000000000002
QLC/BTC,1599299028587,2020-09-05T09:43:48.587Z,buy,1.87e-06,635.0,0.00118745
QLC/BTC,1599299135639,2020-09-05T09:45:35.639Z,buy,1.87e-06,1337.0,0.0025001900000000002
QLC/BTC,1599299191733,2020-09-05T09:46:31.733Z,buy,1.87e-06,645.0,0.00120615
QLC/BTC,1599299571013,2020-09-05T09:52:51.013Z,buy,1.87e-06,263.0,0.0004918100000000001
QLC/BTC,1599299587633,2020-09-05T09:53:07.633Z,buy,1.87e-06,459.0,0.00085833
QLC/BTC,1599299601187,2020-09-05T09:53:21.187Z,buy,1.87e-06,61.0,0.00011407000000000001
QLC/BTC,1599299755746,2020-09-05T09:55:55.746Z,buy,1.87e-06,9224.0,0.01724888
QLC/BTC,1599299780142,2020-09-05T09:56:20.142Z,sell,1.86e-06,943.0,0.00175398
QLC/BTC,1599299875011,2020-09-05T09:57:55.011Z,sell,1.86e-06,702.0,0.00130572
QLC/BTC,1599299881616,2020-09-05T09:58:01.616Z,sell,1.86e-06,3048.0,0.00566928
QLC/BTC,1599299897032,2020-09-05T09:58:17.032Z,sell,1.86e-06,2109.0,0.00392274
QLC/BTC,1599299912044,2020-09-05T09:58:32.044Z,sell,1.86e-06,2129.0,0.00395994
QLC/BTC,1599299978905,2020-09-05T09:59:38.905Z,buy,1.86e-06,12829.0,0.023861939999999998
QLC/BTC,1599300037229,2020-09-05T10:00:37.229Z,sell,1.85e-06,53037.0,0.09811845000000001
QLC/BTC,1599300038539,2020-09-05T10:00:38.539Z,sell,1.85e-06,70.0,0.0001295
QLC/BTC,1599300038604,2020-09-05T10:00:38.604Z,sell,1.85e-06,28326.0,0.0524031
QLC/BTC,1599300115130,2020-09-05T10:01:55.130Z,sell,1.85e-06,10105.0,0.01869425
QLC/BTC,1599300128268,2020-09-05T10:02:08.268Z,sell,1.85e-06,2824.0,0.005224400000000001
QLC/BTC,1599300129593,2020-09-05T10:02:09.593Z,buy,1.86e-06,1650.0,0.003069
QLC/BTC,1599300201975,2020-09-05T10:03:21.975Z,buy,1.86e-06,5377.0,0.01000122
QLC/BTC,1599300202227,2020-09-05T10:03:22.227Z,buy,1.86e-06,12000.0,0.02232
QLC/BTC,1599300224799,2020-09-05T10:03:44.799Z,sell,1.85e-06,1960.0,0.0036260000000000003
QLC/BTC,1599300238311,2020-09-05T10:03:58.311Z,buy,1.86e-06,1838.0,0.00341868
QLC/BTC,1599300243228,2020-09-05T10:04:03.228Z,sell,1.85e-06,1188.0,0.0021978
QLC/BTC,1599300247585,2020-09-05T10:04:07.585Z,buy,1.86e-06,5377.0,0.01000122
QLC/BTC,1599300351066,2020-09-05T10:05:51.066Z,buy,1.86e-06,770.0,0.0014322
QLC/BTC,1599300368960,2020-09-05T10:06:08.960Z,sell,1.85e-06,50000.0,0.0925
QLC/BTC,1599300383880,2020-09-05T10:06:23.880Z,buy,1.86e-06,32871.0,0.061140059999999996
QLC/BTC,1599300383890,2020-09-05T10:06:23.890Z,sell,1.86e-06,5099.0,0.00948414
QLC/BTC,1599300400329,2020-09-05T10:06:40.329Z,buy,1.87e-06,36300.0,0.067881
QLC/BTC,1599300402569,2020-09-05T10:06:42.569Z,sell,1.85e-06,15600.0,0.02886
QLC/BTC,1599300441697,2020-09-05T10:07:21.697Z,sell,1.85e-06,640.0,0.0011840000000000002
QLC/BTC,1599300687269,2020-09-05T10:11:27.269Z,buy,1.87e-06,20.0,3.74e-05
QLC/BTC,1599300759989,2020-09-05T10:12:39.989Z,buy,1.86e-06,753.0,0.00140058
QLC/BTC,1599300771515,2020-09-05T10:12:51.515Z,buy,1.86e-06,16437.0,0.03057282
QLC/BTC,1599300836399,2020-09-05T10:13:56.399Z,buy,1.86e-06,714.0,0.00132804
QLC/BTC,1599300842803,2020-09-05T10:14:02.803Z,sell,1.85e-06,24801.0,0.04588185
QLC/BTC,1599300898869,2020-09-05T10:14:58.869Z,buy,1.86e-06,300.0,0.000558
QLC/BTC,1599300931553,2020-09-05T10:15:31.553Z,buy,1.86e-06,353.0,0.00065658
QLC/BTC,1599300938910,2020-09-05T10:15:38.910Z,sell,1.86e-06,2140.0,0.0039804
QLC/BTC,1599301136001,2020-09-05T10:18:56.001Z,buy,1.87e-06,374.0,0.00069938
QLC/BTC,1599301322234,2020-09-05T10:22:02.234Z,sell,1.86e-06,2379.0,0.00442494
QLC/BTC,1599301726170,2020-09-05T10:28:46.170Z,sell,1.86e-06,1709.0,0.0031787399999999998
QLC/BTC,1599301769225,2020-09-05T10:29:29.225Z,sell,1.86e-06,435.0,0.0008091
QLC/BTC,1599301769225,2020-09-05T10:29:29.225Z,sell,1.86e-06,435.0,0.0008091
QLC/BTC,1599301827624,2020-09-05T10:30:27.624Z,sell,1.86e-06,60.0,0.0001116
QLC/BTC,1599301842668,2020-09-05T10:30:42.668Z,sell,1.86e-06,696.0,0.00129456
QLC/BTC,1599301842669,2020-09-05T10:30:42.669Z,sell,1.86e-06,671.0,0.00124806
QLC/BTC,1599301843024,2020-09-05T10:30:43.024Z,sell,1.86e-06,785.0,0.0014601
QLC/BTC,1599301867688,2020-09-05T10:31:07.688Z,sell,1.86e-06,6537.0,0.012158819999999999
QLC/BTC,1599301867736,2020-09-05T10:31:07.736Z,sell,1.86e-06,6537.0,0.012158819999999999
QLC/BTC,1599301867793,2020-09-05T10:31:07.793Z,sell,1.86e-06,3952.0,0.00735072
QLC/BTC,1599301868090,2020-09-05T10:31:08.090Z,sell,1.86e-06,10794.0,0.02007684
QLC/BTC,1599301868492,2020-09-05T10:31:08.492Z,sell,1.86e-06,245.0,0.0004557
QLC/BTC,1599302024832,2020-09-05T10:33:44.832Z,sell,1.86e-06,19074.0,0.03547764
