symbol,timestamp,datetime,side,price,amount,btc_volume
QSP/BTC,1599588029713,2020-09-08T18:00:29.713Z,buy,3.45e-06,15403.0,0.05314035
QSP/BTC,1599588049576,2020-09-08T18:00:49.576Z,buy,3.45e-06,15355.0,0.05297475
QSP/BTC,1599588075136,2020-09-08T18:01:15.136Z,buy,3.45e-06,837.0,0.00288765
QSP/BTC,1599588450927,2020-09-08T18:07:30.927Z,sell,3.44e-06,80.0,0.0002752
QSP/BTC,1599588764086,2020-09-08T18:12:44.086Z,buy,3.45e-06,3819.0,0.01317555
QSP/BTC,1599588801772,2020-09-08T18:13:21.772Z,buy,3.45e-06,295.0,0.00101775
QSP/BTC,1599588869180,2020-09-08T18:14:29.180Z,sell,3.44e-06,218.0,0.0007499200000000001
QSP/BTC,1599589458940,2020-09-08T18:24:18.940Z,sell,3.44e-06,316.0,0.00108704
QSP/BTC,1599589502501,2020-09-08T18:25:02.501Z,sell,3.44e-06,299.0,0.00102856
QSP/BTC,1599589536636,2020-09-08T18:25:36.636Z,sell,3.44e-06,119.0,0.00040936
QSP/BTC,1599589539704,2020-09-08T18:25:39.704Z,sell,3.44e-06,72.0,0.00024768
QSP/BTC,1599589646041,2020-09-08T18:27:26.041Z,sell,3.43e-06,31.0,0.00010633000000000001
QSP/BTC,1599589687701,2020-09-08T18:28:07.701Z,buy,3.44e-06,59.0,0.00020296
QSP/BTC,1599589693326,2020-09-08T18:28:13.326Z,buy,3.44e-06,4972.0,0.01710368
QSP/BTC,1599589693326,2020-09-08T18:28:13.326Z,buy,3.45e-06,23307.0,0.08040915
QSP/BTC,1599589696373,2020-09-08T18:28:16.373Z,buy,3.45e-06,19458.0,0.0671301
QSP/BTC,1599589696373,2020-09-08T18:28:16.373Z,buy,3.46e-06,8741.0,0.03024386
QSP/BTC,1599589698845,2020-09-08T18:28:18.845Z,buy,3.46e-06,28199.0,0.09756854
QSP/BTC,1599589701374,2020-09-08T18:28:21.374Z,buy,3.46e-06,28359.0,0.09812214
QSP/BTC,1599589702385,2020-09-08T18:28:22.385Z,buy,3.46e-06,44.0,0.00015224
QSP/BTC,1599589703251,2020-09-08T18:28:23.251Z,buy,3.46e-06,12308.0,0.04258568
QSP/BTC,1599589703251,2020-09-08T18:28:23.251Z,buy,3.47e-06,16295.0,0.056543649999999994
QSP/BTC,1599589703251,2020-09-08T18:28:23.251Z,buy,3.47e-06,159.0,0.00055173
QSP/BTC,1599589704856,2020-09-08T18:28:24.856Z,buy,3.47e-06,28521.0,0.09896787
QSP/BTC,1599589705275,2020-09-08T18:28:25.275Z,sell,3.45e-06,195.0,0.00067275
QSP/BTC,1599589705866,2020-09-08T18:28:25.866Z,sell,3.46e-06,60.0,0.0002076
QSP/BTC,1599589706656,2020-09-08T18:28:26.656Z,buy,3.47e-06,12033.0,0.041754509999999995
QSP/BTC,1599589706656,2020-09-08T18:28:26.656Z,buy,3.48e-06,16488.0,0.057378240000000004
QSP/BTC,1599589708412,2020-09-08T18:28:28.412Z,buy,3.46e-06,60.0,0.0002076
QSP/BTC,1599589708412,2020-09-08T18:28:28.412Z,buy,3.47e-06,195.0,0.00067665
QSP/BTC,1599589708412,2020-09-08T18:28:28.412Z,buy,3.48e-06,28185.0,0.0980838
QSP/BTC,1599589709018,2020-09-08T18:28:29.018Z,sell,3.47e-06,60.0,0.0002082
QSP/BTC,1599589710513,2020-09-08T18:28:30.513Z,buy,3.48e-06,28521.0,0.09925308000000001
QSP/BTC,1599589712080,2020-09-08T18:28:32.080Z,buy,3.48e-06,28521.0,0.09925308000000001
QSP/BTC,1599589713570,2020-09-08T18:28:33.570Z,buy,3.48e-06,25809.0,0.08981532
QSP/BTC,1599589713570,2020-09-08T18:28:33.570Z,buy,3.49e-06,2712.0,0.00946488
QSP/BTC,1599589715082,2020-09-08T18:28:35.082Z,sell,3.47e-06,60.0,0.0002082
QSP/BTC,1599589715082,2020-09-08T18:28:35.082Z,sell,3.46e-06,315.0,0.0010899
QSP/BTC,1599589715318,2020-09-08T18:28:35.318Z,buy,3.49e-06,28521.0,0.09953829
QSP/BTC,1599589715762,2020-09-08T18:28:35.762Z,buy,3.48e-06,60.0,0.0002088
QSP/BTC,1599589717258,2020-09-08T18:28:37.258Z,buy,3.47e-06,60.0,0.0002082
QSP/BTC,1599589717258,2020-09-08T18:28:37.258Z,buy,3.48e-06,255.0,0.0008874
QSP/BTC,1599589717258,2020-09-08T18:28:37.258Z,buy,3.49e-06,28206.0,0.09843894
QSP/BTC,1599589719112,2020-09-08T18:28:39.112Z,buy,3.49e-06,28440.0,0.0992556
QSP/BTC,1599589719409,2020-09-08T18:28:39.409Z,buy,3.49e-06,43.0,0.00015007
QSP/BTC,1599589720479,2020-09-08T18:28:40.479Z,buy,3.49e-06,28440.0,0.0992556
QSP/BTC,1599589723524,2020-09-08T18:28:43.524Z,buy,3.49e-06,28227.0,0.09851223
QSP/BTC,1599589723524,2020-09-08T18:28:43.524Z,buy,3.5e-06,294.0,0.001029
QSP/BTC,1599589726692,2020-09-08T18:28:46.692Z,buy,3.49e-06,502.0,0.00175198
QSP/BTC,1599589767857,2020-09-08T18:29:27.857Z,sell,3.48e-06,394.0,0.00137112
QSP/BTC,1599589785954,2020-09-08T18:29:45.954Z,sell,3.47e-06,239.0,0.00082933
QSP/BTC,1599589789623,2020-09-08T18:29:49.623Z,buy,3.48e-06,1554.0,0.00540792
QSP/BTC,1599589790122,2020-09-08T18:29:50.122Z,sell,3.47e-06,39.0,0.00013533
QSP/BTC,1599589793795,2020-09-08T18:29:53.795Z,sell,3.46e-06,98.0,0.00033908
QSP/BTC,1599589794567,2020-09-08T18:29:54.567Z,buy,3.46e-06,98.0,0.00033908
QSP/BTC,1599589794708,2020-09-08T18:29:54.708Z,sell,3.46e-06,256.0,0.00088576
QSP/BTC,1599589794950,2020-09-08T18:29:54.950Z,buy,3.47e-06,1.0,3.47e-06
QSP/BTC,1599589794955,2020-09-08T18:29:54.955Z,sell,3.47e-06,2869.0,0.00995543
QSP/BTC,1599589794989,2020-09-08T18:29:54.989Z,sell,3.47e-06,2869.0,0.00995543
QSP/BTC,1599589795933,2020-09-08T18:29:55.933Z,sell,3.47e-06,60.0,0.0002082
QSP/BTC,1599589796812,2020-09-08T18:29:56.812Z,buy,3.48e-06,26650.0,0.092742
QSP/BTC,1599589796812,2020-09-08T18:29:56.812Z,buy,3.49e-06,1549.0,0.00540601
QSP/BTC,1599589798588,2020-09-08T18:29:58.588Z,buy,3.49e-06,28199.0,0.09841451
QSP/BTC,1599589798682,2020-09-08T18:29:58.682Z,sell,3.48e-06,355.0,0.0012354
QSP/BTC,1599589801325,2020-09-08T18:30:01.325Z,buy,3.49e-06,1511.0,0.00527339
QSP/BTC,1599589801325,2020-09-08T18:30:01.325Z,buy,3.5e-06,26688.0,0.093408
QSP/BTC,1599589803556,2020-09-08T18:30:03.556Z,buy,3.49e-06,34.0,0.00011866
QSP/BTC,1599589804173,2020-09-08T18:30:04.173Z,sell,3.49e-06,26.0,9.074e-05
QSP/BTC,1599589804173,2020-09-08T18:30:04.173Z,sell,3.48e-06,6.0,2.088e-05
QSP/BTC,1599589850527,2020-09-08T18:30:50.527Z,sell,3.48e-06,1203.0,0.0041864400000000005
QSP/BTC,1599589850527,2020-09-08T18:30:50.527Z,sell,3.47e-06,3060.0,0.0106182
QSP/BTC,1599589850527,2020-09-08T18:30:50.527Z,sell,3.46e-06,76578.0,0.26495988
QSP/BTC,1599589850527,2020-09-08T18:30:50.527Z,sell,3.45e-06,2548.0,0.0087906
QSP/BTC,1599589850527,2020-09-08T18:30:50.527Z,sell,3.44e-06,87058.0,0.29947952
QSP/BTC,1599589850536,2020-09-08T18:30:50.536Z,buy,3.44e-06,13744.0,0.04727936
QSP/BTC,1599589854086,2020-09-08T18:30:54.086Z,buy,3.45e-06,60.0,0.000207
QSP/BTC,1599589854086,2020-09-08T18:30:54.086Z,buy,3.46e-06,1089.0,0.00376794
QSP/BTC,1599589862868,2020-09-08T18:31:02.868Z,sell,3.45e-06,70.0,0.0002415
QSP/BTC,1599589870418,2020-09-08T18:31:10.418Z,buy,3.46e-06,11.0,3.806e-05
QSP/BTC,1599589878365,2020-09-08T18:31:18.365Z,buy,3.46e-06,49.0,0.00016954
QSP/BTC,1599589882225,2020-09-08T18:31:22.225Z,sell,3.46e-06,1579.0,0.00546334
QSP/BTC,1599589882233,2020-09-08T18:31:22.233Z,sell,3.45e-06,125.0,0.00043125
QSP/BTC,1599589887478,2020-09-08T18:31:27.478Z,buy,3.46e-06,460.0,0.0015915999999999999
QSP/BTC,1599589909912,2020-09-08T18:31:49.912Z,buy,3.46e-06,203.0,0.00070238
QSP/BTC,1599589982279,2020-09-08T18:33:02.279Z,sell,3.44e-06,502.0,0.00172688
QSP/BTC,1599590059036,2020-09-08T18:34:19.036Z,sell,3.44e-06,96.0,0.00033024
QSP/BTC,1599590163514,2020-09-08T18:36:03.514Z,sell,3.44e-06,94.0,0.00032336
QSP/BTC,1599590273672,2020-09-08T18:37:53.672Z,buy,3.45e-06,58.0,0.0002001
QSP/BTC,1599590493698,2020-09-08T18:41:33.698Z,buy,3.45e-06,2.0,6.9e-06
QSP/BTC,1599590593814,2020-09-08T18:43:13.814Z,sell,3.44e-06,315.0,0.0010836
QSP/BTC,1599590596832,2020-09-08T18:43:16.832Z,sell,3.43e-06,216.0,0.0007408800000000001
QSP/BTC,1599590596832,2020-09-08T18:43:16.832Z,sell,3.42e-06,99.0,0.00033858
QSP/BTC,1599590605992,2020-09-08T18:43:25.992Z,buy,3.43e-06,30.0,0.00010290000000000001
QSP/BTC,1599590620926,2020-09-08T18:43:40.926Z,buy,3.43e-06,9.0,3.087e-05
QSP/BTC,1599590725680,2020-09-08T18:45:25.680Z,sell,3.42e-06,2315.0,0.0079173
QSP/BTC,1599590725921,2020-09-08T18:45:25.921Z,sell,3.42e-06,3295.0,0.0112689
QSP/BTC,1599590744184,2020-09-08T18:45:44.184Z,buy,3.42e-06,1031.0,0.00352602
QSP/BTC,1599590748235,2020-09-08T18:45:48.235Z,sell,3.41e-06,1142.0,0.00389422
QSP/BTC,1599590748981,2020-09-08T18:45:48.981Z,sell,3.4e-06,240.0,0.000816
QSP/BTC,1599590749025,2020-09-08T18:45:49.025Z,buy,3.4e-06,908.0,0.0030872
QSP/BTC,1599590751687,2020-09-08T18:45:51.687Z,buy,3.4e-06,807.0,0.0027438000000000002
QSP/BTC,1599590751775,2020-09-08T18:45:51.775Z,buy,3.4e-06,269.0,0.0009146
QSP/BTC,1599590755791,2020-09-08T18:45:55.791Z,sell,3.39e-06,70.0,0.00023730000000000002
QSP/BTC,1599590755791,2020-09-08T18:45:55.791Z,sell,3.39e-06,7382.0,0.025024980000000002
QSP/BTC,1599590786926,2020-09-08T18:46:26.926Z,sell,3.39e-06,4073.0,0.01380747
QSP/BTC,1599590787579,2020-09-08T18:46:27.579Z,buy,3.39e-06,35.0,0.00011865000000000001
QSP/BTC,1599590787942,2020-09-08T18:46:27.942Z,sell,3.38e-06,4352.0,0.014709759999999999
QSP/BTC,1599590789365,2020-09-08T18:46:29.365Z,sell,3.38e-06,213.0,0.00071994
QSP/BTC,1599590789434,2020-09-08T18:46:29.434Z,sell,3.38e-06,1438.0,0.00486044
QSP/BTC,1599590797706,2020-09-08T18:46:37.706Z,buy,3.39e-06,249.0,0.00084411
QSP/BTC,1599590828479,2020-09-08T18:47:08.479Z,buy,3.39e-06,59.0,0.00020001
QSP/BTC,1599590838292,2020-09-08T18:47:18.292Z,sell,3.37e-06,3480.0,0.0117276
QSP/BTC,1599590852400,2020-09-08T18:47:32.400Z,sell,3.37e-06,13554.0,0.04567698
QSP/BTC,1599590852414,2020-09-08T18:47:32.414Z,buy,3.37e-06,1106.0,0.00372722
QSP/BTC,1599590855466,2020-09-08T18:47:35.466Z,sell,3.36e-06,2030.0,0.0068208
QSP/BTC,1599590855698,2020-09-08T18:47:35.698Z,sell,3.36e-06,1045.0,0.0035112
QSP/BTC,1599590865922,2020-09-08T18:47:45.922Z,buy,3.36e-06,1069.0,0.0035918400000000002
QSP/BTC,1599590865983,2020-09-08T18:47:45.983Z,buy,3.36e-06,714.0,0.00239904
QSP/BTC,1599590866040,2020-09-08T18:47:46.040Z,buy,3.36e-06,1131.0,0.00380016
QSP/BTC,1599590869808,2020-09-08T18:47:49.808Z,sell,3.35e-06,14380.0,0.048173
QSP/BTC,1599590870047,2020-09-08T18:47:50.047Z,sell,3.35e-06,1828.0,0.0061238
QSP/BTC,1599590870068,2020-09-08T18:47:50.068Z,sell,3.35e-06,7041.0,0.02358735
QSP/BTC,1599590870465,2020-09-08T18:47:50.465Z,sell,3.35e-06,1354.0,0.0045359
QSP/BTC,1599590894596,2020-09-08T18:48:14.596Z,sell,3.35e-06,1136.0,0.0038056
QSP/BTC,1599590897477,2020-09-08T18:48:17.477Z,sell,3.35e-06,2270.0,0.0076045
QSP/BTC,1599590897486,2020-09-08T18:48:17.486Z,buy,3.35e-06,607.0,0.00203345
QSP/BTC,1599591145268,2020-09-08T18:52:25.268Z,sell,3.35e-06,899.0,0.0030116500000000003
QSP/BTC,1599591275721,2020-09-08T18:54:35.721Z,buy,3.36e-06,2420.0,0.0081312
QSP/BTC,1599591314801,2020-09-08T18:55:14.801Z,buy,3.37e-06,414.0,0.00139518
QSP/BTC,1599591505777,2020-09-08T18:58:25.777Z,buy,3.37e-06,35.0,0.00011795
QSP/BTC,1599591505777,2020-09-08T18:58:25.777Z,buy,3.37e-06,35.0,0.00011795
QSP/BTC,1599591630985,2020-09-08T19:00:30.985Z,buy,3.37e-06,839.0,0.00282743
QSP/BTC,1599591687622,2020-09-08T19:01:27.622Z,buy,3.37e-06,11.0,3.7069999999999996e-05
QSP/BTC,1599591739421,2020-09-08T19:02:19.421Z,sell,3.36e-06,1554.0,0.00522144
QSP/BTC,1599591751874,2020-09-08T19:02:31.874Z,sell,3.36e-06,245.0,0.0008232
QSP/BTC,1599591751874,2020-09-08T19:02:31.874Z,sell,3.35e-06,472.0,0.0015812
QSP/BTC,1599591751874,2020-09-08T19:02:31.874Z,sell,3.34e-06,3.0,1.002e-05
QSP/BTC,1599591775849,2020-09-08T19:02:55.849Z,buy,3.36e-06,62.0,0.00020832
QSP/BTC,1599591775849,2020-09-08T19:02:55.849Z,buy,3.37e-06,30.0,0.00010109999999999999
QSP/BTC,1599591891853,2020-09-08T19:04:51.853Z,sell,3.35e-06,62.0,0.0002077
QSP/BTC,1599591891853,2020-09-08T19:04:51.853Z,sell,3.34e-06,97.0,0.00032398
QSP/BTC,1599591940508,2020-09-08T19:05:40.508Z,buy,3.36e-06,62.0,0.00020832
QSP/BTC,1599591968026,2020-09-08T19:06:08.026Z,buy,3.37e-06,9.0,3.033e-05
QSP/BTC,1599592014491,2020-09-08T19:06:54.491Z,sell,3.35e-06,473.0,0.00158455
QSP/BTC,1599592036238,2020-09-08T19:07:16.238Z,buy,3.36e-06,503.0,0.00169008
QSP/BTC,1599592039153,2020-09-08T19:07:19.153Z,buy,3.36e-06,9.0,3.0240000000000002e-05
QSP/BTC,1599592069381,2020-09-08T19:07:49.381Z,buy,3.36e-06,61.0,0.00020496
QSP/BTC,1599592125045,2020-09-08T19:08:45.045Z,buy,3.36e-06,41.0,0.00013776
QSP/BTC,1599592471735,2020-09-08T19:14:31.735Z,buy,3.37e-06,602.0,0.00202874
QSP/BTC,1599592585964,2020-09-08T19:16:25.964Z,sell,3.35e-06,117.0,0.00039195
QSP/BTC,1599592882129,2020-09-08T19:21:22.129Z,buy,3.35e-06,4510.0,0.0151085
QSP/BTC,1599592883132,2020-09-08T19:21:23.132Z,buy,3.35e-06,2222.0,0.0074437
QSP/BTC,1599592885599,2020-09-08T19:21:25.599Z,buy,3.35e-06,821.0,0.00275035
QSP/BTC,1599592886658,2020-09-08T19:21:26.658Z,buy,3.35e-06,484.0,0.0016214
QSP/BTC,1599593049387,2020-09-08T19:24:09.387Z,sell,3.35e-06,349.0,0.00116915
QSP/BTC,1599593049884,2020-09-08T19:24:09.884Z,sell,3.35e-06,263.0,0.00088105
QSP/BTC,1599593050389,2020-09-08T19:24:10.389Z,sell,3.35e-06,173.0,0.0005795500000000001
QSP/BTC,1599593086684,2020-09-08T19:24:46.684Z,sell,3.35e-06,349.0,0.00116915
QSP/BTC,1599593136641,2020-09-08T19:25:36.641Z,buy,3.36e-06,584.0,0.00196224
QSP/BTC,1599593822424,2020-09-08T19:37:02.424Z,buy,3.37e-06,9.0,3.033e-05
QSP/BTC,1599594226654,2020-09-08T19:43:46.654Z,sell,3.36e-06,1595.0,0.0053592
QSP/BTC,1599594599670,2020-09-08T19:49:59.670Z,sell,3.36e-06,31.0,0.00010416
QSP/BTC,1599595029589,2020-09-08T19:57:09.589Z,buy,3.36e-06,3457.0,0.01161552
QSP/BTC,1599595060919,2020-09-08T19:57:40.919Z,sell,3.36e-06,2217.0,0.00744912
QSP/BTC,1599595060919,2020-09-08T19:57:40.919Z,sell,3.36e-06,2217.0,0.00744912
QSP/BTC,1599595433293,2020-09-08T20:03:53.293Z,sell,3.36e-06,1142.0,0.00383712
QSP/BTC,1599595672201,2020-09-08T20:07:52.201Z,sell,3.36e-06,386.0,0.00129696
QSP/BTC,1599595672217,2020-09-08T20:07:52.217Z,sell,3.36e-06,386.0,0.00129696
QSP/BTC,1599595672234,2020-09-08T20:07:52.234Z,sell,3.36e-06,386.0,0.00129696
QSP/BTC,1599595672270,2020-09-08T20:07:52.270Z,sell,3.36e-06,386.0,0.00129696
QSP/BTC,1599595672279,2020-09-08T20:07:52.279Z,sell,3.36e-06,338.0,0.00113568
QSP/BTC,1599595672293,2020-09-08T20:07:52.293Z,sell,3.36e-06,289.0,0.00097104
QSP/BTC,1599595672310,2020-09-08T20:07:52.310Z,sell,3.36e-06,289.0,0.00097104
QSP/BTC,1599595672320,2020-09-08T20:07:52.320Z,sell,3.36e-06,241.0,0.00080976
QSP/BTC,1599595682266,2020-09-08T20:08:02.266Z,buy,3.37e-06,383.0,0.00129071
QSP/BTC,1599595682273,2020-09-08T20:08:02.273Z,buy,3.37e-06,383.0,0.00129071
QSP/BTC,1599595682288,2020-09-08T20:08:02.288Z,buy,3.37e-06,76.0,0.00025612
QSP/BTC,1599595948053,2020-09-08T20:12:28.053Z,sell,3.36e-06,1162.0,0.00390432
QSP/BTC,1599596167178,2020-09-08T20:16:07.178Z,sell,3.36e-06,3460.0,0.0116256
QSP/BTC,1599596554070,2020-09-08T20:22:34.070Z,sell,3.36e-06,47.0,0.00015792
QSP/BTC,1599596634115,2020-09-08T20:23:54.115Z,buy,3.38e-06,718.0,0.00242684
QSP/BTC,1599596634115,2020-09-08T20:23:54.115Z,buy,3.39e-06,2732.0,0.00926148
QSP/BTC,1599596636870,2020-09-08T20:23:56.870Z,sell,3.38e-06,62.0,0.00020956
QSP/BTC,1599596636870,2020-09-08T20:23:56.870Z,sell,3.37e-06,247.0,0.00083239
QSP/BTC,1599596801086,2020-09-08T20:26:41.086Z,sell,3.37e-06,3258.0,0.01097946
QSP/BTC,1599596841582,2020-09-08T20:27:21.582Z,buy,3.38e-06,10.0,3.3799999999999995e-05
QSP/BTC,1599596852716,2020-09-08T20:27:32.716Z,buy,3.38e-06,52.0,0.00017575999999999998
QSP/BTC,1599596875135,2020-09-08T20:27:55.135Z,buy,3.39e-06,532.0,0.00180348
QSP/BTC,1599596885115,2020-09-08T20:28:05.115Z,buy,3.39e-06,458.0,0.00155262
QSP/BTC,1599596955627,2020-09-08T20:29:15.627Z,buy,3.39e-06,178.0,0.00060342
QSP/BTC,1599596955627,2020-09-08T20:29:15.627Z,buy,3.4e-06,9019.0,0.0306646
QSP/BTC,1599596955627,2020-09-08T20:29:15.627Z,buy,3.41e-06,19803.0,0.06752823
QSP/BTC,1599596957951,2020-09-08T20:29:17.951Z,sell,3.4e-06,61.0,0.0002074
QSP/BTC,1599596969727,2020-09-08T20:29:29.727Z,sell,3.39e-06,61.0,0.00020679000000000002
QSP/BTC,1599596969727,2020-09-08T20:29:29.727Z,sell,3.38e-06,15.0,5.07e-05
QSP/BTC,1599597002454,2020-09-08T20:30:02.454Z,sell,3.38e-06,2942.0,0.00994396
QSP/BTC,1599597008378,2020-09-08T20:30:08.378Z,buy,3.39e-06,179.0,0.00060681
QSP/BTC,1599597018173,2020-09-08T20:30:18.173Z,buy,3.39e-06,179.0,0.00060681
QSP/BTC,1599597095102,2020-09-08T20:31:35.102Z,sell,3.38e-06,473.0,0.00159874
QSP/BTC,1599597248509,2020-09-08T20:34:08.509Z,buy,3.38e-06,45.0,0.00015209999999999998
QSP/BTC,1599597256188,2020-09-08T20:34:16.188Z,buy,3.38e-06,40.0,0.00013519999999999998
QSP/BTC,1599597358891,2020-09-08T20:35:58.891Z,sell,3.38e-06,2308.0,0.0078010399999999995
QSP/BTC,1599597383101,2020-09-08T20:36:23.101Z,buy,3.38e-06,88.0,0.00029744
QSP/BTC,1599597393373,2020-09-08T20:36:33.373Z,buy,3.38e-06,94.0,0.00031771999999999996
QSP/BTC,1599597411059,2020-09-08T20:36:51.059Z,buy,3.38e-06,191.0,0.00064558
QSP/BTC,1599597533012,2020-09-08T20:38:53.012Z,sell,3.37e-06,2969.0,0.01000553
QSP/BTC,1599597533532,2020-09-08T20:38:53.532Z,buy,3.38e-06,1819.0,0.006148219999999999
QSP/BTC,1599597737558,2020-09-08T20:42:17.558Z,sell,3.37e-06,121.0,0.00040777
QSP/BTC,1599597753369,2020-09-08T20:42:33.369Z,buy,3.38e-06,62.0,0.00020956
QSP/BTC,1599597753369,2020-09-08T20:42:33.369Z,buy,3.39e-06,465.0,0.00157635
QSP/BTC,1599597753369,2020-09-08T20:42:33.369Z,buy,3.4e-06,417.0,0.0014178
QSP/BTC,1599597753369,2020-09-08T20:42:33.369Z,buy,3.41e-06,561.0,0.00191301
QSP/BTC,1599597782453,2020-09-08T20:43:02.453Z,sell,3.39e-06,61.0,0.00020679000000000002
QSP/BTC,1599597782453,2020-09-08T20:43:02.453Z,sell,3.38e-06,62.0,0.00020956
QSP/BTC,1599597800391,2020-09-08T20:43:20.391Z,buy,3.39e-06,178.0,0.00060342
QSP/BTC,1599597819184,2020-09-08T20:43:39.184Z,sell,3.38e-06,35.0,0.00011829999999999999
QSP/BTC,1599597823052,2020-09-08T20:43:43.052Z,sell,3.38e-06,387.0,0.00130806
QSP/BTC,1599597823832,2020-09-08T20:43:43.832Z,buy,3.38e-06,117.0,0.00039546
QSP/BTC,1599597824530,2020-09-08T20:43:44.530Z,buy,3.38e-06,178.0,0.00060164
QSP/BTC,1599597825876,2020-09-08T20:43:45.876Z,sell,3.37e-06,92.0,0.00031004
QSP/BTC,1599597949004,2020-09-08T20:45:49.004Z,sell,3.38e-06,1784.0,0.006029919999999999
QSP/BTC,1599597952030,2020-09-08T20:45:52.030Z,sell,3.37e-06,197.0,0.00066389
QSP/BTC,1599597961511,2020-09-08T20:46:01.511Z,buy,3.38e-06,62.0,0.00020956
QSP/BTC,1599598093634,2020-09-08T20:48:13.634Z,sell,3.38e-06,1932.0,0.006530159999999999
QSP/BTC,1599598122181,2020-09-08T20:48:42.181Z,buy,3.38e-06,72.0,0.00024335999999999997
QSP/BTC,1599598136787,2020-09-08T20:48:56.787Z,buy,3.38e-06,134.0,0.00045292
QSP/BTC,1599598212202,2020-09-08T20:50:12.202Z,sell,3.37e-06,4844.0,0.01632428
QSP/BTC,1599598213188,2020-09-08T20:50:13.188Z,sell,3.37e-06,1748.0,0.00589076
QSP/BTC,1599598238961,2020-09-08T20:50:38.961Z,sell,3.37e-06,998.0,0.00336326
QSP/BTC,1599598265990,2020-09-08T20:51:05.990Z,sell,3.37e-06,357.0,0.00120309
QSP/BTC,1599598366471,2020-09-08T20:52:46.471Z,sell,3.37e-06,3355.0,0.01130635
QSP/BTC,1599598387098,2020-09-08T20:53:07.098Z,buy,3.38e-06,30.0,0.0001014
QSP/BTC,1599598422887,2020-09-08T20:53:42.887Z,sell,3.37e-06,58.0,0.00019546
QSP/BTC,1599598472478,2020-09-08T20:54:32.478Z,sell,3.37e-06,225.0,0.00075825
QSP/BTC,1599598614308,2020-09-08T20:56:54.308Z,sell,3.36e-06,4206.0,0.01413216
QSP/BTC,1599598635016,2020-09-08T20:57:15.016Z,buy,3.37e-06,62.0,0.00020894
QSP/BTC,1599598635016,2020-09-08T20:57:15.016Z,buy,3.37e-06,62.0,0.00020894
QSP/BTC,1599598752932,2020-09-08T20:59:12.932Z,sell,3.36e-06,3687.0,0.01238832
QSP/BTC,1599598868633,2020-09-08T21:01:08.633Z,sell,3.36e-06,3393.0,0.01140048
QSP/BTC,1599598974180,2020-09-08T21:02:54.180Z,sell,3.36e-06,3879.0,0.01303344
QSP/BTC,1599599098900,2020-09-08T21:04:58.900Z,sell,3.36e-06,3268.0,0.01098048
QSP/BTC,1599599175067,2020-09-08T21:06:15.067Z,sell,3.37e-06,402.0,0.00135474
QSP/BTC,1599599175067,2020-09-08T21:06:15.067Z,sell,3.36e-06,2408.0,0.00809088
QSP/BTC,1599599201500,2020-09-08T21:06:41.500Z,sell,3.36e-06,2989.0,0.01004304
QSP/BTC,1599599294617,2020-09-08T21:08:14.617Z,sell,3.36e-06,4369.0,0.01467984
QSP/BTC,1599599296978,2020-09-08T21:08:16.978Z,sell,3.36e-06,35.0,0.0001176
QSP/BTC,1599599307289,2020-09-08T21:08:27.289Z,buy,3.37e-06,62.0,0.00020894
QSP/BTC,1599599429669,2020-09-08T21:10:29.669Z,sell,3.36e-06,3968.0,0.01333248
QSP/BTC,1599599429671,2020-09-08T21:10:29.671Z,sell,3.36e-06,132.0,0.00044352
QSP/BTC,1599599557702,2020-09-08T21:12:37.702Z,sell,3.36e-06,2282.0,0.00766752
QSP/BTC,1599599574038,2020-09-08T21:12:54.038Z,sell,3.36e-06,100.0,0.000336
QSP/BTC,1599599577201,2020-09-08T21:12:57.201Z,sell,3.36e-06,100.0,0.000336
QSP/BTC,1599599606349,2020-09-08T21:13:26.349Z,buy,3.37e-06,62.0,0.00020894
QSP/BTC,1599599706055,2020-09-08T21:15:06.055Z,sell,3.36e-06,141.0,0.00047376
QSP/BTC,1599599738860,2020-09-08T21:15:38.860Z,buy,3.37e-06,62.0,0.00020894
QSP/BTC,1599599825069,2020-09-08T21:17:05.069Z,sell,3.36e-06,164.0,0.00055104
QSP/BTC,1599599899812,2020-09-08T21:18:19.812Z,buy,3.37e-06,62.0,0.00020894
QSP/BTC,1599599899812,2020-09-08T21:18:19.812Z,buy,3.38e-06,5725.0,0.0193505
QSP/BTC,1599599899812,2020-09-08T21:18:19.812Z,buy,3.39e-06,3330.0,0.0112887
QSP/BTC,1599599899812,2020-09-08T21:18:19.812Z,buy,3.4e-06,10690.0,0.036346
QSP/BTC,1599599902528,2020-09-08T21:18:22.528Z,sell,3.38e-06,62.0,0.00020956
QSP/BTC,1599599902528,2020-09-08T21:18:22.528Z,sell,3.37e-06,62.0,0.00020894
QSP/BTC,1599599902736,2020-09-08T21:18:22.736Z,sell,3.39e-06,61.0,0.00020679000000000002
QSP/BTC,1599599904273,2020-09-08T21:18:24.273Z,sell,3.37e-06,68.0,0.00022916
QSP/BTC,1599599933654,2020-09-08T21:18:53.654Z,buy,3.38e-06,62.0,0.00020956
QSP/BTC,1599599954982,2020-09-08T21:19:14.982Z,buy,3.39e-06,62.0,0.00021018
QSP/BTC,1599599972826,2020-09-08T21:19:32.826Z,sell,3.38e-06,62.0,0.00020956
QSP/BTC,1599599972826,2020-09-08T21:19:32.826Z,sell,3.37e-06,2930.0,0.0098741
QSP/BTC,1599599975857,2020-09-08T21:19:35.857Z,buy,3.38e-06,54.0,0.00018251999999999998
QSP/BTC,1599599992192,2020-09-08T21:19:52.192Z,buy,3.38e-06,8.0,2.704e-05
QSP/BTC,1599600022489,2020-09-08T21:20:22.489Z,buy,3.39e-06,178.0,0.00060342
QSP/BTC,1599600024478,2020-09-08T21:20:24.478Z,sell,3.38e-06,62.0,0.00020956
QSP/BTC,1599600024478,2020-09-08T21:20:24.478Z,sell,3.37e-06,62.0,0.00020894
QSP/BTC,1599600061547,2020-09-08T21:21:01.547Z,buy,3.38e-06,62.0,0.00020956
QSP/BTC,1599600065910,2020-09-08T21:21:05.910Z,sell,3.38e-06,383.0,0.0012945399999999998
QSP/BTC,1599600065922,2020-09-08T21:21:05.922Z,sell,3.38e-06,383.0,0.0012945399999999998
QSP/BTC,1599600065939,2020-09-08T21:21:05.939Z,sell,3.38e-06,153.0,0.00051714
QSP/BTC,1599600065939,2020-09-08T21:21:05.939Z,sell,3.37e-06,62.0,0.00020894
QSP/BTC,1599600076407,2020-09-08T21:21:16.407Z,buy,3.38e-06,62.0,0.00020956
QSP/BTC,1599600565340,2020-09-08T21:29:25.340Z,sell,3.37e-06,62.0,0.00020894
QSP/BTC,1599600565686,2020-09-08T21:29:25.686Z,sell,3.36e-06,64.0,0.00021504
QSP/BTC,1599600568719,2020-09-08T21:29:28.719Z,sell,3.36e-06,3000.0,0.01008
QSP/BTC,1599600615257,2020-09-08T21:30:15.257Z,buy,3.37e-06,62.0,0.00020894
QSP/BTC,1599600626607,2020-09-08T21:30:26.607Z,buy,3.38e-06,62.0,0.00020956
QSP/BTC,1599600750285,2020-09-08T21:32:30.285Z,buy,3.38e-06,60.0,0.0002028
QSP/BTC,1599600750299,2020-09-08T21:32:30.299Z,sell,3.38e-06,191.0,0.00064558
QSP/BTC,1599600796719,2020-09-08T21:33:16.719Z,sell,3.38e-06,383.0,0.0012945399999999998
QSP/BTC,1599600796766,2020-09-08T21:33:16.766Z,sell,3.38e-06,287.0,0.0009700599999999999
QSP/BTC,1599600796783,2020-09-08T21:33:16.783Z,sell,3.38e-06,163.0,0.00055094
QSP/BTC,1599600796873,2020-09-08T21:33:16.873Z,sell,3.38e-06,120.0,0.0004056
QSP/BTC,1599600966642,2020-09-08T21:36:06.642Z,sell,3.38e-06,9796.0,0.03311048
QSP/BTC,1599601052255,2020-09-08T21:37:32.255Z,buy,3.38e-06,31.0,0.00010478
QSP/BTC,1599601150643,2020-09-08T21:39:10.643Z,buy,3.38e-06,41.0,0.00013858
QSP/BTC,1599601200591,2020-09-08T21:40:00.591Z,sell,3.37e-06,62.0,0.00020894
QSP/BTC,1599601200591,2020-09-08T21:40:00.591Z,sell,3.36e-06,1647.0,0.00553392
QSP/BTC,1599601248133,2020-09-08T21:40:48.133Z,buy,3.37e-06,62.0,0.00020894
QSP/BTC,1599601293722,2020-09-08T21:41:33.722Z,sell,3.37e-06,681.0,0.00229497
QSP/BTC,1599601362810,2020-09-08T21:42:42.810Z,sell,3.36e-06,1351.0,0.00453936
QSP/BTC,1599601491729,2020-09-08T21:44:51.729Z,sell,3.36e-06,62.0,0.00020832
QSP/BTC,1599601491736,2020-09-08T21:44:51.736Z,buy,3.36e-06,385.0,0.0012936
QSP/BTC,1599601491750,2020-09-08T21:44:51.750Z,buy,3.36e-06,385.0,0.0012936
QSP/BTC,1599601491762,2020-09-08T21:44:51.762Z,buy,3.36e-06,385.0,0.0012936
QSP/BTC,1599601491773,2020-09-08T21:44:51.773Z,buy,3.36e-06,385.0,0.0012936
QSP/BTC,1599601491785,2020-09-08T21:44:51.785Z,buy,3.36e-06,337.0,0.00113232
QSP/BTC,1599601491798,2020-09-08T21:44:51.798Z,buy,3.36e-06,288.0,0.0009676800000000001
QSP/BTC,1599601491813,2020-09-08T21:44:51.813Z,buy,3.36e-06,288.0,0.0009676800000000001
QSP/BTC,1599601491822,2020-09-08T21:44:51.822Z,buy,3.36e-06,192.0,0.00064512
QSP/BTC,1599601492037,2020-09-08T21:44:52.037Z,buy,3.36e-06,261.0,0.00087696
QSP/BTC,1599601494985,2020-09-08T21:44:54.985Z,buy,3.36e-06,1134.0,0.00381024
QSP/BTC,1599601495826,2020-09-08T21:44:55.826Z,buy,3.36e-06,700.0,0.002352
QSP/BTC,1599601518038,2020-09-08T21:45:18.038Z,buy,3.36e-06,198.0,0.00066528
QSP/BTC,1599601539148,2020-09-08T21:45:39.148Z,buy,3.37e-06,62.0,0.00020894
QSP/BTC,1599601724806,2020-09-08T21:48:44.806Z,buy,3.37e-06,72.0,0.00024264
QSP/BTC,1599601835093,2020-09-08T21:50:35.093Z,buy,3.37e-06,11.0,3.7069999999999996e-05
QSP/BTC,1599601866059,2020-09-08T21:51:06.059Z,buy,3.37e-06,770.0,0.0025949
QSP/BTC,1599601881198,2020-09-08T21:51:21.198Z,buy,3.38e-06,261.0,0.00088218
QSP/BTC,1599601884379,2020-09-08T21:51:24.379Z,buy,3.38e-06,331.0,0.00111878
QSP/BTC,1599601884379,2020-09-08T21:51:24.379Z,buy,3.39e-06,562.0,0.00190518
QSP/BTC,1599601887614,2020-09-08T21:51:27.614Z,buy,3.39e-06,1219.0,0.00413241
QSP/BTC,1599601890879,2020-09-08T21:51:30.879Z,buy,3.39e-06,2090.0,0.0070851
QSP/BTC,1599601890879,2020-09-08T21:51:30.879Z,buy,3.39e-06,2090.0,0.0070851
QSP/BTC,1599602457127,2020-09-08T22:00:57.127Z,sell,3.38e-06,15358.0,0.05191004
QSP/BTC,1599602476973,2020-09-08T22:01:16.973Z,buy,3.38e-06,134.0,0.00045292
QSP/BTC,1599602492813,2020-09-08T22:01:32.813Z,buy,3.38e-06,134.0,0.00045292
QSP/BTC,1599602531266,2020-09-08T22:02:11.266Z,buy,3.38e-06,344.0,0.00116272
QSP/BTC,1599602531282,2020-09-08T22:02:11.282Z,buy,3.38e-06,4124.0,0.01393912
QSP/BTC,1599602655631,2020-09-08T22:04:15.631Z,buy,3.38e-06,2288.0,0.007733439999999999
QSP/BTC,1599602655632,2020-09-08T22:04:15.632Z,buy,3.38e-06,2288.0,0.007733439999999999
QSP/BTC,1599602655632,2020-09-08T22:04:15.632Z,buy,3.38e-06,2288.0,0.007733439999999999
QSP/BTC,1599602655632,2020-09-08T22:04:15.632Z,buy,3.38e-06,1958.0,0.0066180399999999995
QSP/BTC,1599602655632,2020-09-08T22:04:15.632Z,buy,3.38e-06,1958.0,0.0066180399999999995
QSP/BTC,1599602655632,2020-09-08T22:04:15.632Z,buy,3.38e-06,1958.0,0.0066180399999999995
QSP/BTC,1599602655632,2020-09-08T22:04:15.632Z,buy,3.38e-06,638.0,0.00215644
QSP/BTC,1599602655632,2020-09-08T22:04:15.632Z,buy,3.39e-06,330.0,0.0011187
QSP/BTC,1599602743882,2020-09-08T22:05:43.882Z,sell,3.38e-06,62.0,0.00020956
QSP/BTC,1599602778983,2020-09-08T22:06:18.983Z,buy,3.38e-06,134.0,0.00045292
QSP/BTC,1599602784627,2020-09-08T22:06:24.627Z,buy,3.38e-06,134.0,0.00045292
QSP/BTC,1599603012780,2020-09-08T22:10:12.780Z,buy,3.39e-06,390.0,0.0013221
QSP/BTC,1599603012780,2020-09-08T22:10:12.780Z,buy,3.4e-06,3459.0,0.0117606
QSP/BTC,1599603014869,2020-09-08T22:10:14.869Z,buy,3.38e-06,62.0,0.00020956
QSP/BTC,1599603015102,2020-09-08T22:10:15.102Z,buy,3.38e-06,61.0,0.00020617999999999998
QSP/BTC,1599603024877,2020-09-08T22:10:24.877Z,buy,3.38e-06,178.0,0.00060164
QSP/BTC,1599603070473,2020-09-08T22:11:10.473Z,sell,3.37e-06,197.0,0.00066389
QSP/BTC,1599603070473,2020-09-08T22:11:10.473Z,sell,3.36e-06,5246.0,0.01762656
QSP/BTC,1599603072853,2020-09-08T22:11:12.853Z,sell,3.37e-06,62.0,0.00020894
QSP/BTC,1599603076836,2020-09-08T22:11:16.836Z,sell,3.37e-06,192.0,0.00064704
QSP/BTC,1599603120890,2020-09-08T22:12:00.890Z,buy,3.38e-06,134.0,0.00045292
QSP/BTC,1599603122987,2020-09-08T22:12:02.987Z,sell,3.37e-06,62.0,0.00020894
QSP/BTC,1599603122987,2020-09-08T22:12:02.987Z,sell,3.36e-06,226.0,0.00075936
QSP/BTC,1599603140596,2020-09-08T22:12:20.596Z,buy,3.38e-06,469.0,0.0015852199999999998
QSP/BTC,1599603140596,2020-09-08T22:12:20.596Z,buy,3.39e-06,2057.0,0.00697323
QSP/BTC,1599603140596,2020-09-08T22:12:20.596Z,buy,3.4e-06,946.0,0.0032164
QSP/BTC,1599603143257,2020-09-08T22:12:23.257Z,buy,3.38e-06,61.0,0.00020617999999999998
QSP/BTC,1599603143464,2020-09-08T22:12:23.464Z,buy,3.38e-06,62.0,0.00020956
QSP/BTC,1599603178642,2020-09-08T22:12:58.642Z,sell,3.37e-06,100.0,0.000337
QSP/BTC,1599603181785,2020-09-08T22:13:01.785Z,sell,3.37e-06,360.0,0.0012132
QSP/BTC,1599603305989,2020-09-08T22:15:05.989Z,sell,3.36e-06,116.0,0.00038976
QSP/BTC,1599603305989,2020-09-08T22:15:05.989Z,sell,3.35e-06,1294.0,0.0043349
QSP/BTC,1599603313132,2020-09-08T22:15:13.132Z,buy,3.36e-06,62.0,0.00020832
QSP/BTC,1599603313132,2020-09-08T22:15:13.132Z,buy,3.37e-06,62.0,0.00020894
QSP/BTC,1599603313132,2020-09-08T22:15:13.132Z,buy,3.38e-06,54.0,0.00018251999999999998
QSP/BTC,1599603438468,2020-09-08T22:17:18.468Z,sell,3.36e-06,62.0,0.00020832
QSP/BTC,1599603438468,2020-09-08T22:17:18.468Z,sell,3.35e-06,226.0,0.0007571
QSP/BTC,1599603438487,2020-09-08T22:17:18.487Z,sell,3.35e-06,385.0,0.00128975
QSP/BTC,1599603452512,2020-09-08T22:17:32.512Z,sell,3.35e-06,3546.0,0.0118791
QSP/BTC,1599603456577,2020-09-08T22:17:36.577Z,sell,3.34e-06,46264.0,0.15452176
QSP/BTC,1599603467152,2020-09-08T22:17:47.152Z,sell,3.33e-06,263.0,0.00087579
QSP/BTC,1599603469127,2020-09-08T22:17:49.127Z,buy,3.34e-06,586.0,0.0019572400000000003
QSP/BTC,1599603484680,2020-09-08T22:18:04.680Z,buy,3.34e-06,459.0,0.0015330600000000002
QSP/BTC,1599603505414,2020-09-08T22:18:25.414Z,sell,3.33e-06,385.0,0.0012820499999999999
QSP/BTC,1599603505459,2020-09-08T22:18:25.459Z,sell,3.33e-06,385.0,0.0012820499999999999
QSP/BTC,1599603505474,2020-09-08T22:18:25.474Z,sell,3.33e-06,337.0,0.00112221
QSP/BTC,1599603518183,2020-09-08T22:18:38.183Z,buy,3.34e-06,174.0,0.00058116
QSP/BTC,1599603518192,2020-09-08T22:18:38.192Z,sell,3.34e-06,385.0,0.0012859
QSP/BTC,1599603577164,2020-09-08T22:19:37.164Z,sell,3.34e-06,8875.0,0.029642500000000002
QSP/BTC,1599603578774,2020-09-08T22:19:38.774Z,sell,3.34e-06,1186.0,0.00396124
QSP/BTC,1599603579894,2020-09-08T22:19:39.894Z,sell,3.34e-06,15420.0,0.0515028
QSP/BTC,1599603580014,2020-09-08T22:19:40.014Z,sell,3.34e-06,11467.0,0.038299780000000005
QSP/BTC,1599603584705,2020-09-08T22:19:44.705Z,sell,3.34e-06,6548.0,0.021870320000000002
QSP/BTC,1599603628249,2020-09-08T22:20:28.249Z,sell,3.34e-06,3758.0,0.01255172
QSP/BTC,1599603694218,2020-09-08T22:21:34.218Z,buy,3.35e-06,197.0,0.0006599500000000001
QSP/BTC,1599603790099,2020-09-08T22:23:10.099Z,buy,3.35e-06,1149.0,0.00384915
QSP/BTC,1599603790389,2020-09-08T22:23:10.389Z,buy,3.35e-06,812.0,0.0027202
QSP/BTC,1599603790494,2020-09-08T22:23:10.494Z,buy,3.35e-06,1594.0,0.0053399
QSP/BTC,1599603990288,2020-09-08T22:26:30.288Z,sell,3.34e-06,285.0,0.0009519000000000001
QSP/BTC,1599604424914,2020-09-08T22:33:44.914Z,sell,3.33e-06,41.0,0.00013653
QSP/BTC,1599604424915,2020-09-08T22:33:44.915Z,sell,3.33e-06,55.0,0.00018315
QSP/BTC,1599604427628,2020-09-08T22:33:47.628Z,sell,3.33e-06,102.0,0.00033966
QSP/BTC,1599604480044,2020-09-08T22:34:40.044Z,buy,3.33e-06,625.0,0.0020812499999999998
QSP/BTC,1599604481855,2020-09-08T22:34:41.855Z,buy,3.33e-06,625.0,0.0020812499999999998
QSP/BTC,1599604488411,2020-09-08T22:34:48.411Z,buy,3.33e-06,238.0,0.00079254
QSP/BTC,1599604490131,2020-09-08T22:34:50.131Z,buy,3.33e-06,1195.0,0.0039793499999999996
QSP/BTC,1599604490520,2020-09-08T22:34:50.520Z,buy,3.33e-06,228.0,0.00075924
QSP/BTC,1599604491808,2020-09-08T22:34:51.808Z,buy,3.33e-06,548.0,0.0018248399999999999
QSP/BTC,1599604493799,2020-09-08T22:34:53.799Z,buy,3.33e-06,309.0,0.00102897
QSP/BTC,1599604525740,2020-09-08T22:35:25.740Z,buy,3.33e-06,388.0,0.00129204
QSP/BTC,1599604525760,2020-09-08T22:35:25.760Z,buy,3.33e-06,388.0,0.00129204
QSP/BTC,1599604525775,2020-09-08T22:35:25.775Z,buy,3.33e-06,388.0,0.00129204
QSP/BTC,1599604525785,2020-09-08T22:35:25.785Z,buy,3.33e-06,291.0,0.00096903
QSP/BTC,1599604525799,2020-09-08T22:35:25.799Z,buy,3.33e-06,340.0,0.0011321999999999999
QSP/BTC,1599604525814,2020-09-08T22:35:25.814Z,buy,3.33e-06,291.0,0.00096903
QSP/BTC,1599604532625,2020-09-08T22:35:32.625Z,sell,3.32e-06,5726.0,0.01901032
QSP/BTC,1599604532625,2020-09-08T22:35:32.625Z,sell,3.31e-06,1595.0,0.00527945
QSP/BTC,1599604536636,2020-09-08T22:35:36.636Z,buy,3.33e-06,388.0,0.00129204
QSP/BTC,1599604551190,2020-09-08T22:35:51.190Z,buy,3.33e-06,1064.0,0.00354312
QSP/BTC,1599604556193,2020-09-08T22:35:56.193Z,buy,3.33e-06,7923.0,0.02638359
QSP/BTC,1599604556420,2020-09-08T22:35:56.420Z,buy,3.33e-06,12103.0,0.04030299
QSP/BTC,1599604556612,2020-09-08T22:35:56.612Z,buy,3.33e-06,599.0,0.00199467
QSP/BTC,1599604556702,2020-09-08T22:35:56.702Z,buy,3.33e-06,1077.0,0.00358641
QSP/BTC,1599604569733,2020-09-08T22:36:09.733Z,sell,3.32e-06,34.0,0.00011288
QSP/BTC,1599604844503,2020-09-08T22:40:44.503Z,buy,3.33e-06,10.0,3.3299999999999996e-05
QSP/BTC,1599605059610,2020-09-08T22:44:19.610Z,buy,3.33e-06,22.0,7.326e-05
QSP/BTC,1599605059610,2020-09-08T22:44:19.610Z,buy,3.34e-06,489.0,0.00163326
QSP/BTC,1599605062755,2020-09-08T22:44:22.755Z,buy,3.34e-06,954.0,0.00318636
QSP/BTC,1599605063006,2020-09-08T22:44:23.006Z,sell,3.32e-06,60.0,0.0001992
QSP/BTC,1599605091908,2020-09-08T22:44:51.908Z,sell,3.32e-06,63.0,0.00020916
QSP/BTC,1599605121470,2020-09-08T22:45:21.470Z,buy,3.33e-06,62.0,0.00020646
QSP/BTC,1599605122490,2020-09-08T22:45:22.490Z,buy,3.33e-06,1.0,3.33e-06
QSP/BTC,1599605122490,2020-09-08T22:45:22.490Z,buy,3.34e-06,270.0,0.0009018
QSP/BTC,1599605139678,2020-09-08T22:45:39.678Z,buy,3.34e-06,222.0,0.0007414800000000001
QSP/BTC,1599605142929,2020-09-08T22:45:42.929Z,buy,3.34e-06,130.0,0.00043420000000000004
QSP/BTC,1599605152469,2020-09-08T22:45:52.469Z,buy,3.34e-06,156.0,0.0005210400000000001
QSP/BTC,1599605197090,2020-09-08T22:46:37.090Z,buy,3.34e-06,5523.0,0.018446820000000003
QSP/BTC,1599605197804,2020-09-08T22:46:37.804Z,buy,3.33e-06,1195.0,0.0039793499999999996
QSP/BTC,1599605197824,2020-09-08T22:46:37.824Z,buy,3.33e-06,1225.0,0.0040792499999999995
QSP/BTC,1599605198125,2020-09-08T22:46:38.125Z,buy,3.33e-06,1819.0,0.00605727
QSP/BTC,1599605235085,2020-09-08T22:47:15.085Z,buy,3.34e-06,1127.0,0.00376418
QSP/BTC,1599605351230,2020-09-08T22:49:11.230Z,buy,3.34e-06,34.0,0.00011356
QSP/BTC,1599605351473,2020-09-08T22:49:11.473Z,buy,3.34e-06,3000.0,0.010020000000000001
QSP/BTC,1599605374261,2020-09-08T22:49:34.261Z,buy,3.34e-06,1186.0,0.00396124
QSP/BTC,1599605374496,2020-09-08T22:49:34.496Z,buy,3.34e-06,27000.0,0.09018000000000001
QSP/BTC,1599605402251,2020-09-08T22:50:02.251Z,sell,3.33e-06,97.0,0.00032301
QSP/BTC,1599605456763,2020-09-08T22:50:56.763Z,buy,3.34e-06,1194.0,0.0039879600000000005
QSP/BTC,1599605457050,2020-09-08T22:50:57.050Z,buy,3.34e-06,10838.0,0.03619892
QSP/BTC,1599605465873,2020-09-08T22:51:05.873Z,buy,3.35e-06,11028.0,0.0369438
QSP/BTC,1599605465873,2020-09-08T22:51:05.873Z,buy,3.36e-06,252.0,0.00084672
QSP/BTC,1599605465873,2020-09-08T22:51:05.873Z,buy,3.37e-06,3098.0,0.01044026
QSP/BTC,1599605465873,2020-09-08T22:51:05.873Z,buy,3.38e-06,18642.0,0.06300995999999999
QSP/BTC,1599605465873,2020-09-08T22:51:05.873Z,buy,3.39e-06,6072.0,0.02058408
QSP/BTC,1599605465873,2020-09-08T22:51:05.873Z,buy,3.4e-06,4067.0,0.0138278
QSP/BTC,1599605465880,2020-09-08T22:51:05.880Z,sell,3.4e-06,21017.0,0.0714578
QSP/BTC,1599605465890,2020-09-08T22:51:05.890Z,buy,3.4e-06,5450.0,0.01853
QSP/BTC,1599605465890,2020-09-08T22:51:05.890Z,buy,3.41e-06,10230.0,0.0348843
QSP/BTC,1599605465890,2020-09-08T22:51:05.890Z,buy,3.42e-06,2127.0,0.00727434
QSP/BTC,1599605468462,2020-09-08T22:51:08.462Z,buy,3.39e-06,61.0,0.00020679000000000002
QSP/BTC,1599605469262,2020-09-08T22:51:09.262Z,buy,3.39e-06,61.0,0.00020679000000000002
QSP/BTC,1599605469438,2020-09-08T22:51:09.438Z,buy,3.39e-06,61.0,0.00020679000000000002
QSP/BTC,1599605470067,2020-09-08T22:51:10.067Z,sell,3.38e-06,62.0,0.00020956
QSP/BTC,1599605470067,2020-09-08T22:51:10.067Z,sell,3.37e-06,62.0,0.00020894
QSP/BTC,1599605470067,2020-09-08T22:51:10.067Z,sell,3.36e-06,260.0,0.0008736
QSP/BTC,1599605471484,2020-09-08T22:51:11.484Z,sell,3.37e-06,135.0,0.00045494999999999997
QSP/BTC,1599605476723,2020-09-08T22:51:16.723Z,sell,3.36e-06,6900.0,0.023184
QSP/BTC,1599605479555,2020-09-08T22:51:19.555Z,buy,3.37e-06,62.0,0.00020894
QSP/BTC,1599605487722,2020-09-08T22:51:27.722Z,buy,3.38e-06,318.0,0.0010748399999999999
QSP/BTC,1599605487722,2020-09-08T22:51:27.722Z,buy,3.39e-06,2.0,6.78e-06
QSP/BTC,1599605489938,2020-09-08T22:51:29.938Z,sell,3.38e-06,39.0,0.00013182
QSP/BTC,1599605490684,2020-09-08T22:51:30.684Z,sell,3.37e-06,62.0,0.00020894
QSP/BTC,1599605490684,2020-09-08T22:51:30.684Z,sell,3.36e-06,116.0,0.00038976
QSP/BTC,1599605490684,2020-09-08T22:51:30.684Z,sell,3.37e-06,62.0,0.00020894
QSP/BTC,1599605490684,2020-09-08T22:51:30.684Z,sell,3.36e-06,116.0,0.00038976
QSP/BTC,1599605496283,2020-09-08T22:51:36.283Z,buy,3.37e-06,62.0,0.00020894
QSP/BTC,1599605496283,2020-09-08T22:51:36.283Z,buy,3.38e-06,62.0,0.00020956
QSP/BTC,1599605496283,2020-09-08T22:51:36.283Z,buy,3.39e-06,321.0,0.00108819
QSP/BTC,1599605508795,2020-09-08T22:51:48.795Z,sell,3.37e-06,62.0,0.00020894
QSP/BTC,1599605509401,2020-09-08T22:51:49.401Z,buy,3.37e-06,175.0,0.00058975
QSP/BTC,1599605515586,2020-09-08T22:51:55.586Z,buy,3.37e-06,35.0,0.00011795
QSP/BTC,1599605532679,2020-09-08T22:52:12.679Z,sell,3.36e-06,3422.0,0.01149792
QSP/BTC,1599605533563,2020-09-08T22:52:13.563Z,buy,3.36e-06,134.0,0.00045024
QSP/BTC,1599605535483,2020-09-08T22:52:15.483Z,buy,3.36e-06,505.0,0.0016968
QSP/BTC,1599605536240,2020-09-08T22:52:16.240Z,buy,3.36e-06,258.0,0.00086688
QSP/BTC,1599605539629,2020-09-08T22:52:19.629Z,buy,3.36e-06,786.0,0.00264096
QSP/BTC,1599605539865,2020-09-08T22:52:19.865Z,buy,3.36e-06,4513.0,0.01516368
QSP/BTC,1599605540644,2020-09-08T22:52:20.644Z,sell,3.36e-06,9890.0,0.0332304
QSP/BTC,1599605573647,2020-09-08T22:52:53.647Z,buy,3.37e-06,62.0,0.00020894
QSP/BTC,1599605573647,2020-09-08T22:52:53.647Z,buy,3.38e-06,320.0,0.0010815999999999998
QSP/BTC,1599605573647,2020-09-08T22:52:53.647Z,buy,3.39e-06,3204.0,0.010861560000000001
QSP/BTC,1599605573657,2020-09-08T22:52:53.657Z,sell,3.39e-06,3000.0,0.01017
QSP/BTC,1599605573659,2020-09-08T22:52:53.659Z,sell,3.39e-06,388.0,0.00131532
QSP/BTC,1599605573674,2020-09-08T22:52:53.674Z,sell,3.39e-06,388.0,0.00131532
QSP/BTC,1599605573687,2020-09-08T22:52:53.687Z,sell,3.39e-06,388.0,0.00131532
QSP/BTC,1599605573691,2020-09-08T22:52:53.691Z,sell,3.39e-06,797.0,0.00270183
QSP/BTC,1599605576013,2020-09-08T22:52:56.013Z,buy,3.38e-06,62.0,0.00020956
QSP/BTC,1599605605730,2020-09-08T22:53:25.730Z,buy,3.38e-06,135.0,0.0004563
QSP/BTC,1599605612857,2020-09-08T22:53:32.857Z,sell,3.37e-06,69.0,0.00023253
QSP/BTC,1599605635331,2020-09-08T22:53:55.331Z,buy,3.38e-06,197.0,0.00066586
QSP/BTC,1599605635331,2020-09-08T22:53:55.331Z,buy,3.39e-06,222.0,0.00075258
QSP/BTC,1599605637550,2020-09-08T22:53:57.550Z,buy,3.38e-06,62.0,0.00020956
QSP/BTC,1599605642727,2020-09-08T22:54:02.727Z,sell,3.37e-06,190.0,0.0006403
QSP/BTC,1599605647298,2020-09-08T22:54:07.298Z,sell,3.37e-06,260.0,0.0008761999999999999
QSP/BTC,1599605647310,2020-09-08T22:54:07.310Z,sell,3.36e-06,260.0,0.0008736
QSP/BTC,1599606068438,2020-09-08T23:01:08.438Z,buy,3.37e-06,384.0,0.00129408
QSP/BTC,1599606096800,2020-09-08T23:01:36.800Z,buy,3.37e-06,208.0,0.00070096
QSP/BTC,1599606098903,2020-09-08T23:01:38.903Z,buy,3.37e-06,20837.0,0.07022069
QSP/BTC,1599606098903,2020-09-08T23:01:38.903Z,buy,3.38e-06,62.0,0.00020956
QSP/BTC,1599606098903,2020-09-08T23:01:38.903Z,buy,3.39e-06,369.0,0.00125091
QSP/BTC,1599606098992,2020-09-08T23:01:38.992Z,sell,3.39e-06,37.0,0.00012543
QSP/BTC,1599606099105,2020-09-08T23:01:39.105Z,sell,3.39e-06,1001.0,0.00339339
QSP/BTC,1599606099259,2020-09-08T23:01:39.259Z,sell,3.39e-06,260.0,0.0008814000000000001
QSP/BTC,1599606128634,2020-09-08T23:02:08.634Z,sell,3.39e-06,60.0,0.0002034
QSP/BTC,1599606140723,2020-09-08T23:02:20.723Z,sell,3.39e-06,135.0,0.00045765000000000004
QSP/BTC,1599606141219,2020-09-08T23:02:21.219Z,sell,3.39e-06,73.0,0.00024747
QSP/BTC,1599606153037,2020-09-08T23:02:33.037Z,sell,3.39e-06,191.0,0.00064749
QSP/BTC,1599606188774,2020-09-08T23:03:08.774Z,sell,3.39e-06,60.0,0.0002034
QSP/BTC,1599606242928,2020-09-08T23:04:02.928Z,sell,3.39e-06,62.0,0.00021018
QSP/BTC,1599606296492,2020-09-08T23:04:56.492Z,sell,3.39e-06,4744.0,0.01608216
QSP/BTC,1599606343210,2020-09-08T23:05:43.210Z,sell,3.39e-06,2950.0,0.0100005
QSP/BTC,1599606366732,2020-09-08T23:06:06.732Z,buy,3.4e-06,123.0,0.00041820000000000003
QSP/BTC,1599606386552,2020-09-08T23:06:26.552Z,sell,3.39e-06,1060.0,0.0035934
QSP/BTC,1599606387314,2020-09-08T23:06:27.314Z,buy,3.4e-06,1094.0,0.0037196
QSP/BTC,1599606407292,2020-09-08T23:06:47.292Z,buy,3.41e-06,503.0,0.0017152299999999999
QSP/BTC,1599606407297,2020-09-08T23:06:47.297Z,sell,3.41e-06,4697.0,0.01601677
QSP/BTC,1599606435502,2020-09-08T23:07:15.502Z,buy,3.41e-06,10.0,3.41e-05
QSP/BTC,1599606446273,2020-09-08T23:07:26.273Z,sell,3.4e-06,2954.0,0.0100436
QSP/BTC,1599606461894,2020-09-08T23:07:41.894Z,buy,3.41e-06,35.0,0.00011935
QSP/BTC,1599606461894,2020-09-08T23:07:41.894Z,buy,3.42e-06,12887.0,0.04407354
QSP/BTC,1599606461899,2020-09-08T23:07:41.899Z,sell,3.42e-06,11126.0,0.03805092
QSP/BTC,1599606461900,2020-09-08T23:07:41.900Z,sell,3.42e-06,249.0,0.00085158
QSP/BTC,1599606463990,2020-09-08T23:07:43.990Z,buy,3.42e-06,44.0,0.00015047999999999998
QSP/BTC,1599606470366,2020-09-08T23:07:50.366Z,sell,3.41e-06,61.0,0.00020801
QSP/BTC,1599606470366,2020-09-08T23:07:50.366Z,sell,3.4e-06,87.0,0.0002958
QSP/BTC,1599606481816,2020-09-08T23:08:01.816Z,buy,3.42e-06,61.0,0.00020862
QSP/BTC,1599606481816,2020-09-08T23:08:01.816Z,buy,3.43e-06,386.0,0.00132398
QSP/BTC,1599606481830,2020-09-08T23:08:01.830Z,sell,3.43e-06,385.0,0.00132055
QSP/BTC,1599606481848,2020-09-08T23:08:01.848Z,sell,3.43e-06,385.0,0.00132055
QSP/BTC,1599606481862,2020-09-08T23:08:01.862Z,sell,3.43e-06,388.0,0.00133084
QSP/BTC,1599606481877,2020-09-08T23:08:01.877Z,sell,3.43e-06,384.0,0.0013171200000000002
QSP/BTC,1599606481884,2020-09-08T23:08:01.884Z,sell,3.43e-06,336.0,0.00115248
QSP/BTC,1599606481896,2020-09-08T23:08:01.896Z,sell,3.43e-06,5852.0,0.02007236
QSP/BTC,1599606481896,2020-09-08T23:08:01.896Z,sell,3.4e-06,720.0,0.002448
QSP/BTC,1599606499061,2020-09-08T23:08:19.061Z,sell,3.42e-06,376.0,0.0012859199999999999
QSP/BTC,1599606529999,2020-09-08T23:08:49.999Z,buy,3.43e-06,107.0,0.00036701
QSP/BTC,1599606535676,2020-09-08T23:08:55.676Z,buy,3.44e-06,165.0,0.0005676
QSP/BTC,1599606535681,2020-09-08T23:08:55.681Z,sell,3.44e-06,3377.0,0.01161688
QSP/BTC,1599606536280,2020-09-08T23:08:56.280Z,sell,3.42e-06,34.0,0.00011627999999999999
QSP/BTC,1599606543299,2020-09-08T23:09:03.299Z,sell,3.43e-06,2291.0,0.00785813
QSP/BTC,1599606543395,2020-09-08T23:09:03.395Z,sell,3.43e-06,630.0,0.0021609000000000003
QSP/BTC,1599606546871,2020-09-08T23:09:06.871Z,sell,3.43e-06,145.0,0.00049735
QSP/BTC,1599606553318,2020-09-08T23:09:13.318Z,buy,3.44e-06,61.0,0.00020984
QSP/BTC,1599606554781,2020-09-08T23:09:14.781Z,buy,3.44e-06,407.0,0.00140008
QSP/BTC,1599606568516,2020-09-08T23:09:28.516Z,buy,3.45e-06,1399.0,0.00482655
QSP/BTC,1599606568524,2020-09-08T23:09:28.524Z,sell,3.45e-06,2001.0,0.00690345
QSP/BTC,1599606570626,2020-09-08T23:09:30.626Z,sell,3.44e-06,60.0,0.0002064
QSP/BTC,1599606570626,2020-09-08T23:09:30.626Z,sell,3.43e-06,128.0,0.00043904
QSP/BTC,1599606577359,2020-09-08T23:09:37.359Z,buy,3.45e-06,44.0,0.0001518
QSP/BTC,1599606578608,2020-09-08T23:09:38.608Z,buy,3.45e-06,16.0,5.52e-05
QSP/BTC,1599606578612,2020-09-08T23:09:38.612Z,sell,3.45e-06,2126.0,0.0073347
QSP/BTC,1599606580540,2020-09-08T23:09:40.540Z,buy,3.45e-06,36774.0,0.1268703
QSP/BTC,1599606580699,2020-09-08T23:09:40.699Z,sell,3.45e-06,3349.0,0.01155405
QSP/BTC,1599606580801,2020-09-08T23:09:40.801Z,sell,3.45e-06,685.0,0.00236325
QSP/BTC,1599606581648,2020-09-08T23:09:41.648Z,sell,3.45e-06,33.0,0.00011385
QSP/BTC,1599606582180,2020-09-08T23:09:42.180Z,sell,3.45e-06,3634.0,0.0125373
QSP/BTC,1599606589148,2020-09-08T23:09:49.148Z,sell,3.45e-06,2586.0,0.0089217
QSP/BTC,1599606589304,2020-09-08T23:09:49.304Z,sell,3.45e-06,951.0,0.00328095
QSP/BTC,1599606590316,2020-09-08T23:09:50.316Z,sell,3.45e-06,188.0,0.0006486
QSP/BTC,1599606592422,2020-09-08T23:09:52.422Z,sell,3.45e-06,1079.0,0.00372255
QSP/BTC,1599606597239,2020-09-08T23:09:57.239Z,sell,3.45e-06,86.0,0.0002967
QSP/BTC,1599606597829,2020-09-08T23:09:57.829Z,buy,3.46e-06,1623.0,0.00561558
QSP/BTC,1599606597843,2020-09-08T23:09:57.843Z,sell,3.46e-06,377.0,0.00130442
QSP/BTC,1599606597851,2020-09-08T23:09:57.851Z,sell,3.46e-06,376.0,0.0013009599999999999
QSP/BTC,1599606597865,2020-09-08T23:09:57.865Z,sell,3.46e-06,377.0,0.00130442
QSP/BTC,1599606597878,2020-09-08T23:09:57.878Z,sell,3.46e-06,377.0,0.00130442
QSP/BTC,1599606597891,2020-09-08T23:09:57.891Z,sell,3.46e-06,330.0,0.0011417999999999999
QSP/BTC,1599606597898,2020-09-08T23:09:57.898Z,sell,3.46e-06,291.0,0.00100686
QSP/BTC,1599606597913,2020-09-08T23:09:57.913Z,sell,3.46e-06,291.0,0.00100686
QSP/BTC,1599606609116,2020-09-08T23:10:09.116Z,buy,3.47e-06,58.0,0.00020125999999999998
QSP/BTC,1599606609295,2020-09-08T23:10:09.295Z,sell,3.46e-06,146.0,0.0005051599999999999
QSP/BTC,1599606613252,2020-09-08T23:10:13.252Z,buy,3.46e-06,87.0,0.00030102
QSP/BTC,1599606630415,2020-09-08T23:10:30.415Z,buy,3.46e-06,805.0,0.0027853
QSP/BTC,1599606641199,2020-09-08T23:10:41.199Z,buy,3.47e-06,1141.0,0.00395927
QSP/BTC,1599606650009,2020-09-08T23:10:50.009Z,buy,3.47e-06,1252.0,0.00434444
QSP/BTC,1599606653429,2020-09-08T23:10:53.429Z,sell,3.46e-06,2568.0,0.00888528
QSP/BTC,1599606653456,2020-09-08T23:10:53.456Z,sell,3.45e-06,2568.0,0.0088596
QSP/BTC,1599606664856,2020-09-08T23:11:04.856Z,buy,3.47e-06,665.0,0.00230755
QSP/BTC,1599606702421,2020-09-08T23:11:42.421Z,sell,3.45e-06,578.0,0.0019941
QSP/BTC,1599606718307,2020-09-08T23:11:58.307Z,buy,3.46e-06,59.0,0.00020414
QSP/BTC,1599606737199,2020-09-08T23:12:17.199Z,buy,3.47e-06,618.0,0.00214446
QSP/BTC,1599606739911,2020-09-08T23:12:19.911Z,sell,3.46e-06,1473.0,0.00509658
QSP/BTC,1599606766966,2020-09-08T23:12:46.966Z,buy,3.47e-06,470.0,0.0016309
QSP/BTC,1599606877246,2020-09-08T23:14:37.246Z,buy,3.47e-06,1015.0,0.0035220499999999997
QSP/BTC,1599606899963,2020-09-08T23:14:59.963Z,buy,3.47e-06,514.0,0.0017835799999999999
QSP/BTC,1599606905066,2020-09-08T23:15:05.066Z,buy,3.47e-06,13158.0,0.04565826
QSP/BTC,1599606905217,2020-09-08T23:15:05.217Z,buy,3.47e-06,683.0,0.00237001
QSP/BTC,1599606907343,2020-09-08T23:15:07.343Z,buy,3.47e-06,2193.0,0.0076097099999999996
QSP/BTC,1599606928362,2020-09-08T23:15:28.362Z,buy,3.47e-06,454.0,0.00157538
QSP/BTC,1599606938778,2020-09-08T23:15:38.778Z,buy,3.47e-06,259.0,0.0008987299999999999
QSP/BTC,1599606948075,2020-09-08T23:15:48.075Z,buy,3.47e-06,502.0,0.00174194
QSP/BTC,1599606968963,2020-09-08T23:16:08.963Z,sell,3.45e-06,346.0,0.0011937
QSP/BTC,1599606976211,2020-09-08T23:16:16.211Z,buy,3.47e-06,551.0,0.0019119699999999998
QSP/BTC,1599607006910,2020-09-08T23:16:46.910Z,buy,3.47e-06,439.0,0.0015233299999999998
QSP/BTC,1599607010669,2020-09-08T23:16:50.669Z,buy,3.47e-06,275.0,0.0009542499999999999
QSP/BTC,1599607014238,2020-09-08T23:16:54.238Z,buy,3.47e-06,396.0,0.00137412
QSP/BTC,1599607018067,2020-09-08T23:16:58.067Z,buy,3.47e-06,497.0,0.0017245899999999998
QSP/BTC,1599607022319,2020-09-08T23:17:02.319Z,buy,3.47e-06,343.0,0.00119021
QSP/BTC,1599607131271,2020-09-08T23:18:51.271Z,buy,3.46e-06,74.0,0.00025603999999999997
QSP/BTC,1599607194750,2020-09-08T23:19:54.750Z,sell,3.45e-06,12533.0,0.04323885
QSP/BTC,1599607194750,2020-09-08T23:19:54.750Z,sell,3.44e-06,2252.0,0.00774688
QSP/BTC,1599607205970,2020-09-08T23:20:05.970Z,buy,3.45e-06,60.0,0.000207
QSP/BTC,1599607228587,2020-09-08T23:20:28.587Z,buy,3.46e-06,120.0,0.0004152
QSP/BTC,1599607228817,2020-09-08T23:20:28.817Z,sell,3.46e-06,59.0,0.00020414
QSP/BTC,1599607264240,2020-09-08T23:21:04.240Z,sell,3.45e-06,60.0,0.000207
QSP/BTC,1599607264240,2020-09-08T23:21:04.240Z,sell,3.44e-06,60.0,0.0002064
QSP/BTC,1599607307067,2020-09-08T23:21:47.067Z,buy,3.45e-06,88.0,0.0003036
QSP/BTC,1599607318878,2020-09-08T23:21:58.878Z,buy,3.45e-06,88.0,0.0003036
QSP/BTC,1599607352984,2020-09-08T23:22:32.984Z,buy,3.45e-06,4.0,1.38e-05
QSP/BTC,1599607590168,2020-09-08T23:26:30.168Z,buy,3.46e-06,30.0,0.0001038
QSP/BTC,1599607649371,2020-09-08T23:27:29.371Z,buy,3.46e-06,30.0,0.0001038
QSP/BTC,1599607660605,2020-09-08T23:27:40.605Z,sell,3.45e-06,36.0,0.0001242
QSP/BTC,1599607838390,2020-09-08T23:30:38.390Z,sell,3.45e-06,250.0,0.0008625
QSP/BTC,1599608076645,2020-09-08T23:34:36.645Z,sell,3.44e-06,1022.0,0.00351568
QSP/BTC,1599608076648,2020-09-08T23:34:36.648Z,sell,3.44e-06,106.0,0.00036464
QSP/BTC,1599608099933,2020-09-08T23:34:59.933Z,sell,3.43e-06,132.0,0.00045276
QSP/BTC,1599608144459,2020-09-08T23:35:44.459Z,buy,3.44e-06,63.0,0.00021672
QSP/BTC,1599608253313,2020-09-08T23:37:33.313Z,buy,3.45e-06,30.0,0.0001035
QSP/BTC,1599608330770,2020-09-08T23:38:50.770Z,sell,3.44e-06,30.0,0.0001032
QSP/BTC,1599608349458,2020-09-08T23:39:09.458Z,buy,3.44e-06,1000.0,0.00344
QSP/BTC,1599608349458,2020-09-08T23:39:09.458Z,buy,3.45e-06,69.0,0.00023805
QSP/BTC,1599608352051,2020-09-08T23:39:12.051Z,buy,3.44e-06,88.0,0.00030272000000000003
QSP/BTC,1599608360422,2020-09-08T23:39:20.422Z,buy,3.44e-06,988.0,0.00339872
QSP/BTC,1599608419793,2020-09-08T23:40:19.793Z,buy,3.45e-06,1265.0,0.00436425
QSP/BTC,1599608423622,2020-09-08T23:40:23.622Z,sell,3.44e-06,1252.0,0.00430688
QSP/BTC,1599608499716,2020-09-08T23:41:39.716Z,buy,3.45e-06,1513.0,0.00521985
QSP/BTC,1599608524148,2020-09-08T23:42:04.148Z,sell,3.44e-06,2144.0,0.00737536
QSP/BTC,1599608570650,2020-09-08T23:42:50.650Z,buy,3.45e-06,765.0,0.00263925
QSP/BTC,1599608625231,2020-09-08T23:43:45.231Z,sell,3.44e-06,1550.0,0.005332
QSP/BTC,1599608654197,2020-09-08T23:44:14.197Z,buy,3.45e-06,727.0,0.00250815
QSP/BTC,1599608756387,2020-09-08T23:45:56.387Z,buy,3.45e-06,294.0,0.0010143
QSP/BTC,1599608788161,2020-09-08T23:46:28.161Z,buy,3.46e-06,326.0,0.00112796
QSP/BTC,1599608801394,2020-09-08T23:46:41.394Z,sell,3.46e-06,1482.0,0.00512772
QSP/BTC,1599608803153,2020-09-08T23:46:43.153Z,sell,3.46e-06,1165.0,0.0040309
QSP/BTC,1599608827100,2020-09-08T23:47:07.100Z,buy,3.47e-06,30.0,0.0001041
QSP/BTC,1599608871850,2020-09-08T23:47:51.850Z,sell,3.46e-06,2148.0,0.00743208
QSP/BTC,1599608971665,2020-09-08T23:49:31.665Z,sell,3.46e-06,2338.0,0.00808948
QSP/BTC,1599609063626,2020-09-08T23:51:03.626Z,buy,3.47e-06,2636.0,0.00914692
QSP/BTC,1599609063923,2020-09-08T23:51:03.923Z,sell,3.46e-06,58.0,0.00020067999999999998
QSP/BTC,1599609069851,2020-09-08T23:51:09.851Z,buy,3.47e-06,716.0,0.00248452
QSP/BTC,1599609081197,2020-09-08T23:51:21.197Z,sell,3.46e-06,2393.0,0.00827978
QSP/BTC,1599609081197,2020-09-08T23:51:21.197Z,sell,3.46e-06,2393.0,0.00827978
QSP/BTC,1599609091418,2020-09-08T23:51:31.418Z,buy,3.47e-06,1056.0,0.00366432
QSP/BTC,1599609098735,2020-09-08T23:51:38.735Z,buy,3.47e-06,602.0,0.00208894
QSP/BTC,1599609104024,2020-09-08T23:51:44.024Z,buy,3.47e-06,439.0,0.0015233299999999998
QSP/BTC,1599609123814,2020-09-08T23:52:03.814Z,buy,3.47e-06,2881.0,0.00999707
QSP/BTC,1599609144041,2020-09-08T23:52:24.041Z,buy,3.47e-06,58.0,0.00020125999999999998
QSP/BTC,1599609145112,2020-09-08T23:52:25.112Z,sell,3.46e-06,77.0,0.00026642
QSP/BTC,1599609191053,2020-09-08T23:53:11.053Z,sell,3.46e-06,450.0,0.001557
QSP/BTC,1599609192693,2020-09-08T23:53:12.693Z,sell,3.46e-06,2639.0,0.00913094
QSP/BTC,1599609198868,2020-09-08T23:53:18.868Z,sell,3.46e-06,6265.0,0.0216769
QSP/BTC,1599609198868,2020-09-08T23:53:18.868Z,sell,3.45e-06,1402.0,0.0048369
QSP/BTC,1599609235090,2020-09-08T23:53:55.090Z,buy,3.46e-06,60.0,0.0002076
QSP/BTC,1599609263480,2020-09-08T23:54:23.480Z,buy,3.47e-06,1591.0,0.0055207699999999995
QSP/BTC,1599609410938,2020-09-08T23:56:50.938Z,sell,3.45e-06,1518.0,0.0052371
QSP/BTC,1599609438021,2020-09-08T23:57:18.021Z,buy,3.45e-06,88.0,0.0003036
QSP/BTC,1599609448971,2020-09-08T23:57:28.971Z,buy,3.45e-06,5588.0,0.0192786
QSP/BTC,1599609448971,2020-09-08T23:57:28.971Z,buy,3.46e-06,148.0,0.0005120799999999999
QSP/BTC,1599609505836,2020-09-08T23:58:25.836Z,buy,3.47e-06,722.0,0.00250534
QSP/BTC,1599609649373,2020-09-09T00:00:49.373Z,sell,3.46e-06,7516.0,0.026005359999999998
QSP/BTC,1599609698983,2020-09-09T00:01:38.983Z,sell,3.45e-06,73.0,0.00025185
QSP/BTC,1599610084647,2020-09-09T00:08:04.647Z,sell,3.45e-06,4238.0,0.0146211
QSP/BTC,1599610084647,2020-09-09T00:08:04.647Z,sell,3.44e-06,3430.0,0.011799200000000001
QSP/BTC,1599610090730,2020-09-09T00:08:10.730Z,buy,3.45e-06,30.0,0.0001035
QSP/BTC,1599610119681,2020-09-09T00:08:39.681Z,buy,3.45e-06,4.0,1.38e-05
QSP/BTC,1599610121822,2020-09-09T00:08:41.822Z,sell,3.45e-06,39.0,0.00013455
QSP/BTC,1599610129020,2020-09-09T00:08:49.020Z,buy,3.46e-06,282.0,0.00097572
QSP/BTC,1599610155475,2020-09-09T00:09:15.475Z,buy,3.47e-06,893.0,0.0030987099999999997
QSP/BTC,1599610179320,2020-09-09T00:09:39.320Z,buy,3.47e-06,30.0,0.0001041
QSP/BTC,1599610667694,2020-09-09T00:17:47.694Z,sell,3.46e-06,7971.0,0.02757966
QSP/BTC,1599610667694,2020-09-09T00:17:47.694Z,sell,3.45e-06,1563.0,0.00539235
QSP/BTC,1599610667694,2020-09-09T00:17:47.694Z,sell,3.44e-06,18081.0,0.06219864
QSP/BTC,1599610667694,2020-09-09T00:17:47.694Z,sell,3.43e-06,24266.0,0.08323238000000001
QSP/BTC,1599610669916,2020-09-09T00:17:49.916Z,sell,3.44e-06,61.0,0.00020984
QSP/BTC,1599610687786,2020-09-09T00:18:07.786Z,buy,3.45e-06,88.0,0.0003036
QSP/BTC,1599610694407,2020-09-09T00:18:14.407Z,buy,3.45e-06,33.0,0.00011385
QSP/BTC,1599610722807,2020-09-09T00:18:42.807Z,sell,3.44e-06,60.0,0.0002064
QSP/BTC,1599610722819,2020-09-09T00:18:42.819Z,buy,3.44e-06,376.0,0.00129344
QSP/BTC,1599610722823,2020-09-09T00:18:42.823Z,buy,3.44e-06,299.0,0.00102856
QSP/BTC,1599610747831,2020-09-09T00:19:07.831Z,buy,3.45e-06,55.0,0.00018975
QSP/BTC,1599610769906,2020-09-09T00:19:29.906Z,buy,3.45e-06,5.0,1.725e-05
QSP/BTC,1599610769906,2020-09-09T00:19:29.906Z,buy,3.46e-06,5347.0,0.01850062
QSP/BTC,1599610769906,2020-09-09T00:19:29.906Z,buy,3.47e-06,48889.0,0.16964483
QSP/BTC,1599610834556,2020-09-09T00:20:34.556Z,buy,3.47e-06,8.0,2.776e-05
QSP/BTC,1599611015061,2020-09-09T00:23:35.061Z,sell,3.46e-06,188.0,0.0006504799999999999
QSP/BTC,1599611015061,2020-09-09T00:23:35.061Z,sell,3.45e-06,1368.0,0.0047196
QSP/BTC,1599611015061,2020-09-09T00:23:35.061Z,sell,3.44e-06,185.0,0.0006364
QSP/BTC,1599611017854,2020-09-09T00:23:37.854Z,sell,3.46e-06,60.0,0.0002076
QSP/BTC,1599611018172,2020-09-09T00:23:38.172Z,sell,3.46e-06,60.0,0.0002076
QSP/BTC,1599611037483,2020-09-09T00:23:57.483Z,sell,3.46e-06,125.0,0.0004325
QSP/BTC,1599611063194,2020-09-09T00:24:23.194Z,sell,3.46e-06,576.0,0.00199296
QSP/BTC,1599611121277,2020-09-09T00:25:21.277Z,sell,3.46e-06,35.0,0.0001211
QSP/BTC,1599611281946,2020-09-09T00:28:01.946Z,sell,3.46e-06,75.0,0.0002595
QSP/BTC,1599611311786,2020-09-09T00:28:31.786Z,sell,3.46e-06,104.0,0.00035984
QSP/BTC,1599611488353,2020-09-09T00:31:28.353Z,sell,3.46e-06,5659.0,0.01958014
QSP/BTC,1599611530329,2020-09-09T00:32:10.329Z,sell,3.46e-06,122.0,0.00042212
QSP/BTC,1599611567496,2020-09-09T00:32:47.496Z,sell,3.46e-06,113.0,0.00039098
QSP/BTC,1599611677564,2020-09-09T00:34:37.564Z,sell,3.46e-06,1630.0,0.0056397999999999995
QSP/BTC,1599612194978,2020-09-09T00:43:14.978Z,sell,3.45e-06,63.0,0.00021735
QSP/BTC,1599612207235,2020-09-09T00:43:27.235Z,buy,3.46e-06,60.0,0.0002076
QSP/BTC,1599612292854,2020-09-09T00:44:52.854Z,buy,3.46e-06,33.0,0.00011418
QSP/BTC,1599612336796,2020-09-09T00:45:36.796Z,buy,3.46e-06,58.0,0.00020067999999999998
QSP/BTC,1599612528247,2020-09-09T00:48:48.247Z,buy,3.46e-06,300.0,0.001038
QSP/BTC,1599612549315,2020-09-09T00:49:09.315Z,buy,3.46e-06,14444.0,0.04997624
QSP/BTC,1599612549437,2020-09-09T00:49:09.437Z,buy,3.46e-06,13072.0,0.04522912
QSP/BTC,1599612549525,2020-09-09T00:49:09.525Z,buy,3.46e-06,2440.0,0.0084424
QSP/BTC,1599612551639,2020-09-09T00:49:11.639Z,buy,3.46e-06,1226.0,0.0042419599999999995
QSP/BTC,1599612554794,2020-09-09T00:49:14.794Z,buy,3.46e-06,2386.0,0.00825556
QSP/BTC,1599612554794,2020-09-09T00:49:14.794Z,buy,3.46e-06,2386.0,0.00825556
QSP/BTC,1599612792207,2020-09-09T00:53:12.207Z,buy,3.47e-06,10.0,3.4699999999999996e-05
QSP/BTC,1599612842663,2020-09-09T00:54:02.663Z,sell,3.45e-06,1427.0,0.00492315
QSP/BTC,1599613114172,2020-09-09T00:58:34.172Z,buy,3.46e-06,60.0,0.0002076
QSP/BTC,1599613114172,2020-09-09T00:58:34.172Z,buy,3.47e-06,1864.0,0.006468079999999999
QSP/BTC,1599613114172,2020-09-09T00:58:34.172Z,buy,3.48e-06,512.0,0.00178176
QSP/BTC,1599613114172,2020-09-09T00:58:34.172Z,buy,3.49e-06,236.0,0.00082364
QSP/BTC,1599613118007,2020-09-09T00:58:38.007Z,sell,3.47e-06,299.0,0.00103753
QSP/BTC,1599613120834,2020-09-09T00:58:40.834Z,sell,3.47e-06,294.0,0.0010201799999999999
QSP/BTC,1599613120834,2020-09-09T00:58:40.834Z,sell,3.46e-06,60.0,0.0002076
QSP/BTC,1599613141722,2020-09-09T00:59:01.722Z,buy,3.47e-06,60.0,0.0002082
QSP/BTC,1599613177129,2020-09-09T00:59:37.129Z,sell,3.46e-06,600.0,0.002076
QSP/BTC,1599613223247,2020-09-09T01:00:23.247Z,buy,3.47e-06,60.0,0.0002082
QSP/BTC,1599613224907,2020-09-09T01:00:24.907Z,buy,3.48e-06,44.0,0.00015312
QSP/BTC,1599613263501,2020-09-09T01:01:03.501Z,buy,3.48e-06,58.0,0.00020184
QSP/BTC,1599613330088,2020-09-09T01:02:10.088Z,buy,3.48e-06,333.0,0.00115884
QSP/BTC,1599613330204,2020-09-09T01:02:10.204Z,buy,3.49e-06,1070.0,0.0037343
QSP/BTC,1599613332270,2020-09-09T01:02:12.270Z,sell,3.48e-06,60.0,0.0002088
QSP/BTC,1599613332270,2020-09-09T01:02:12.270Z,sell,3.47e-06,60.0,0.0002082
QSP/BTC,1599613333290,2020-09-09T01:02:13.290Z,sell,3.48e-06,150.0,0.000522
QSP/BTC,1599613348525,2020-09-09T01:02:28.525Z,sell,3.46e-06,409.0,0.00141514
QSP/BTC,1599613355425,2020-09-09T01:02:35.425Z,buy,3.47e-06,10.0,3.4699999999999996e-05
QSP/BTC,1599613357457,2020-09-09T01:02:37.457Z,buy,3.47e-06,87.0,0.00030188999999999997
QSP/BTC,1599613389362,2020-09-09T01:03:09.362Z,buy,3.47e-06,87.0,0.00030188999999999997
QSP/BTC,1599613446584,2020-09-09T01:04:06.584Z,buy,3.47e-06,30.0,0.0001041
QSP/BTC,1599613447677,2020-09-09T01:04:07.677Z,sell,3.46e-06,257.0,0.00088922
QSP/BTC,1599613450968,2020-09-09T01:04:10.968Z,sell,3.46e-06,899.0,0.0031105399999999997
QSP/BTC,1599613453984,2020-09-09T01:04:13.984Z,sell,3.45e-06,899.0,0.00310155
QSP/BTC,1599613544616,2020-09-09T01:05:44.616Z,sell,3.45e-06,2550.0,0.0087975
QSP/BTC,1599613573100,2020-09-09T01:06:13.100Z,sell,3.45e-06,205.0,0.00070725
QSP/BTC,1599613581308,2020-09-09T01:06:21.308Z,buy,3.46e-06,41.0,0.00014186
QSP/BTC,1599613706658,2020-09-09T01:08:26.658Z,buy,3.46e-06,34.0,0.00011763999999999999
QSP/BTC,1599613746448,2020-09-09T01:09:06.448Z,sell,3.45e-06,533.0,0.00183885
QSP/BTC,1599613770629,2020-09-09T01:09:30.629Z,sell,3.45e-06,4115.0,0.01419675
QSP/BTC,1599613809142,2020-09-09T01:10:09.142Z,buy,3.46e-06,88.0,0.00030448
QSP/BTC,1599613819981,2020-09-09T01:10:19.981Z,buy,3.46e-06,40.0,0.0001384
QSP/BTC,1599613889012,2020-09-09T01:11:29.012Z,sell,3.45e-06,3290.0,0.0113505
QSP/BTC,1599613987986,2020-09-09T01:13:07.986Z,sell,3.45e-06,2762.0,0.0095289
QSP/BTC,1599614248213,2020-09-09T01:17:28.213Z,sell,3.45e-06,2497.0,0.00861465
QSP/BTC,1599614353077,2020-09-09T01:19:13.077Z,sell,3.45e-06,190.0,0.0006555
QSP/BTC,1599614369890,2020-09-09T01:19:29.890Z,buy,3.46e-06,271.0,0.00093766
QSP/BTC,1599614414538,2020-09-09T01:20:14.538Z,buy,3.46e-06,149.0,0.00051554
QSP/BTC,1599614427241,2020-09-09T01:20:27.241Z,buy,3.46e-06,40.0,0.0001384
QSP/BTC,1599614839557,2020-09-09T01:27:19.557Z,sell,3.44e-06,907.0,0.00312008
QSP/BTC,1599614841677,2020-09-09T01:27:21.677Z,buy,3.45e-06,60.0,0.000207
QSP/BTC,1599614937787,2020-09-09T01:28:57.787Z,sell,3.44e-06,720.0,0.0024768
QSP/BTC,1599614949233,2020-09-09T01:29:09.233Z,buy,3.45e-06,34.0,0.0001173
QSP/BTC,1599615149975,2020-09-09T01:32:29.975Z,sell,3.44e-06,175.0,0.000602
QSP/BTC,1599615271019,2020-09-09T01:34:31.019Z,buy,3.45e-06,353.0,0.00121785
QSP/BTC,1599615278260,2020-09-09T01:34:38.260Z,buy,3.45e-06,88.0,0.0003036
QSP/BTC,1599615284127,2020-09-09T01:34:44.127Z,buy,3.45e-06,218.0,0.0007521
QSP/BTC,1599615300380,2020-09-09T01:35:00.380Z,buy,3.45e-06,9.0,3.105e-05
QSP/BTC,1599615315645,2020-09-09T01:35:15.645Z,buy,3.45e-06,100.0,0.000345
QSP/BTC,1599615357755,2020-09-09T01:35:57.755Z,sell,3.44e-06,446.0,0.00153424
QSP/BTC,1599615394412,2020-09-09T01:36:34.412Z,sell,3.44e-06,1101.0,0.00378744
QSP/BTC,1599615709986,2020-09-09T01:41:49.986Z,buy,3.45e-06,628.0,0.0021666
QSP/BTC,1599615709986,2020-09-09T01:41:49.986Z,buy,3.45e-06,628.0,0.0021666
QSP/BTC,1599616208368,2020-09-09T01:50:08.368Z,buy,3.45e-06,58.0,0.0002001
QSP/BTC,1599616374718,2020-09-09T01:52:54.718Z,sell,3.45e-06,2291.0,0.00790395
QSP/BTC,1599616498004,2020-09-09T01:54:58.004Z,sell,3.44e-06,2909.0,0.01000696
QSP/BTC,1599616779064,2020-09-09T01:59:39.064Z,buy,3.45e-06,60.0,0.000207
QSP/BTC,1599616801246,2020-09-09T02:00:01.246Z,buy,3.46e-06,196.0,0.00067816
QSP/BTC,1599616804381,2020-09-09T02:00:04.381Z,buy,3.46e-06,40.0,0.0001384
QSP/BTC,1599616807298,2020-09-09T02:00:07.298Z,sell,3.46e-06,691.0,0.00239086
QSP/BTC,1599616807298,2020-09-09T02:00:07.298Z,sell,3.45e-06,60.0,0.000207
QSP/BTC,1599616807298,2020-09-09T02:00:07.298Z,sell,3.44e-06,9248.0,0.03181312
QSP/BTC,1599616809757,2020-09-09T02:00:09.757Z,sell,3.45e-06,60.0,0.000207
QSP/BTC,1599616871063,2020-09-09T02:01:11.063Z,sell,3.45e-06,1162.0,0.0040089
QSP/BTC,1599616998699,2020-09-09T02:03:18.699Z,buy,3.46e-06,255.0,0.0008822999999999999
QSP/BTC,1599617004792,2020-09-09T02:03:24.792Z,sell,3.45e-06,240.0,0.000828
QSP/BTC,1599617289134,2020-09-09T02:08:09.134Z,sell,3.45e-06,100.0,0.000345
QSP/BTC,1599617306656,2020-09-09T02:08:26.656Z,sell,3.45e-06,11.0,3.795e-05
QSP/BTC,1599617528822,2020-09-09T02:12:08.822Z,sell,3.45e-06,58.0,0.0002001
QSP/BTC,1599617936852,2020-09-09T02:18:56.852Z,sell,3.45e-06,2840.0,0.009798
QSP/BTC,1599617937011,2020-09-09T02:18:57.011Z,buy,3.45e-06,13246.0,0.0456987
QSP/BTC,1599617937120,2020-09-09T02:18:57.120Z,buy,3.45e-06,2177.0,0.00751065
QSP/BTC,1599617949130,2020-09-09T02:19:09.130Z,sell,3.44e-06,60.0,0.0002064
QSP/BTC,1599617949130,2020-09-09T02:19:09.130Z,sell,3.43e-06,4934.0,0.01692362
QSP/BTC,1599618013027,2020-09-09T02:20:13.027Z,buy,3.44e-06,61.0,0.00020984
QSP/BTC,1599618048726,2020-09-09T02:20:48.726Z,buy,3.44e-06,176.0,0.0006054400000000001
QSP/BTC,1599618181296,2020-09-09T02:23:01.296Z,buy,3.44e-06,115.0,0.0003956
QSP/BTC,1599618484307,2020-09-09T02:28:04.307Z,sell,3.43e-06,119.0,0.00040817
QSP/BTC,1599618484307,2020-09-09T02:28:04.307Z,sell,3.42e-06,67.0,0.00022914
QSP/BTC,1599618519430,2020-09-09T02:28:39.430Z,buy,3.44e-06,100.0,0.000344
QSP/BTC,1599618744963,2020-09-09T02:32:24.963Z,sell,3.42e-06,1063.0,0.0036354599999999996
QSP/BTC,1599618893164,2020-09-09T02:34:53.164Z,sell,3.42e-06,23250.0,0.079515
QSP/BTC,1599618893164,2020-09-09T02:34:53.164Z,sell,3.41e-06,362.0,0.00123442
QSP/BTC,1599618893164,2020-09-09T02:34:53.164Z,sell,3.4e-06,30574.0,0.1039516
QSP/BTC,1599618916362,2020-09-09T02:35:16.362Z,buy,3.41e-06,61.0,0.00020801
QSP/BTC,1599618920251,2020-09-09T02:35:20.251Z,buy,3.41e-06,128.0,0.00043648
QSP/BTC,1599618921285,2020-09-09T02:35:21.285Z,buy,3.41e-06,30.0,0.00010229999999999999
QSP/BTC,1599618938612,2020-09-09T02:35:38.612Z,buy,3.41e-06,264.0,0.00090024
QSP/BTC,1599618971004,2020-09-09T02:36:11.004Z,sell,3.4e-06,34.0,0.0001156
QSP/BTC,1599619053006,2020-09-09T02:37:33.006Z,sell,3.4e-06,12339.0,0.0419526
QSP/BTC,1599619063186,2020-09-09T02:37:43.186Z,sell,3.4e-06,3051.0,0.0103734
QSP/BTC,1599619064937,2020-09-09T02:37:44.937Z,sell,3.39e-06,2416.0,0.00819024
QSP/BTC,1599619077635,2020-09-09T02:37:57.635Z,sell,3.39e-06,4682.0,0.01587198
QSP/BTC,1599619077635,2020-09-09T02:37:57.635Z,sell,3.38e-06,836.0,0.0028256799999999997
QSP/BTC,1599619077635,2020-09-09T02:37:57.635Z,sell,3.37e-06,22247.0,0.07497239
QSP/BTC,1599619079814,2020-09-09T02:37:59.814Z,sell,3.38e-06,62.0,0.00020956
QSP/BTC,1599619090177,2020-09-09T02:38:10.177Z,sell,3.38e-06,59.0,0.00019941999999999998
QSP/BTC,1599619090177,2020-09-09T02:38:10.177Z,sell,3.37e-06,6144.0,0.02070528
QSP/BTC,1599619112819,2020-09-09T02:38:32.819Z,buy,3.38e-06,44.0,0.00014872
QSP/BTC,1599619113517,2020-09-09T02:38:33.517Z,buy,3.38e-06,18.0,6.0839999999999993e-05
QSP/BTC,1599619113517,2020-09-09T02:38:33.517Z,buy,3.39e-06,160.0,0.0005424000000000001
QSP/BTC,1599619142690,2020-09-09T02:39:02.690Z,buy,3.39e-06,37.0,0.00012543
QSP/BTC,1599619169458,2020-09-09T02:39:29.458Z,sell,3.38e-06,60.0,0.0002028
QSP/BTC,1599619217477,2020-09-09T02:40:17.477Z,sell,3.38e-06,2.0,6.76e-06
QSP/BTC,1599619217477,2020-09-09T02:40:17.477Z,sell,3.37e-06,32.0,0.00010784
QSP/BTC,1599619219265,2020-09-09T02:40:19.265Z,sell,3.37e-06,1336.0,0.00450232
QSP/BTC,1599619244480,2020-09-09T02:40:44.480Z,buy,3.38e-06,62.0,0.00020956
QSP/BTC,1599619244480,2020-09-09T02:40:44.480Z,buy,3.38e-06,62.0,0.00020956
QSP/BTC,1599619447644,2020-09-09T02:44:07.644Z,buy,3.38e-06,60.0,0.0002028
QSP/BTC,1599619596878,2020-09-09T02:46:36.878Z,buy,3.39e-06,405.0,0.0013729500000000002
QSP/BTC,1599619688417,2020-09-09T02:48:08.417Z,buy,3.4e-06,400.0,0.00136
QSP/BTC,1599619931752,2020-09-09T02:52:11.752Z,buy,3.4e-06,33.0,0.0001122
QSP/BTC,1599620235846,2020-09-09T02:57:15.846Z,buy,3.4e-06,101.0,0.0003434
QSP/BTC,1599620252031,2020-09-09T02:57:32.031Z,buy,3.4e-06,667.0,0.0022678
QSP/BTC,1599620447763,2020-09-09T03:00:47.763Z,sell,3.39e-06,2419.0,0.00820041
QSP/BTC,1599620468683,2020-09-09T03:01:08.683Z,buy,3.39e-06,59.0,0.00020001
QSP/BTC,1599620530891,2020-09-09T03:02:10.891Z,buy,3.39e-06,53.0,0.00017967000000000002
QSP/BTC,1599620536919,2020-09-09T03:02:16.919Z,buy,3.39e-06,89.0,0.00030171
QSP/BTC,1599620625672,2020-09-09T03:03:45.672Z,buy,3.39e-06,11.0,3.7290000000000004e-05
QSP/BTC,1599620641779,2020-09-09T03:04:01.779Z,sell,3.38e-06,62.0,0.00020956
QSP/BTC,1599620641936,2020-09-09T03:04:01.936Z,sell,3.37e-06,197.0,0.00066389
QSP/BTC,1599620641970,2020-09-09T03:04:01.970Z,buy,3.37e-06,146.0,0.00049202
QSP/BTC,1599620662787,2020-09-09T03:04:22.787Z,buy,3.38e-06,89.0,0.00030082
QSP/BTC,1599620747830,2020-09-09T03:05:47.830Z,buy,3.39e-06,501.0,0.0016983900000000001
QSP/BTC,1599620750889,2020-09-09T03:05:50.889Z,buy,3.39e-06,654.0,0.0022170600000000003
QSP/BTC,1599620877075,2020-09-09T03:07:57.075Z,sell,3.38e-06,62.0,0.00020956
QSP/BTC,1599621146429,2020-09-09T03:12:26.429Z,sell,3.37e-06,62.0,0.00020894
QSP/BTC,1599621146429,2020-09-09T03:12:26.429Z,sell,3.36e-06,3799.0,0.01276464
QSP/BTC,1599621146429,2020-09-09T03:12:26.429Z,sell,3.35e-06,381.0,0.00127635
QSP/BTC,1599621357980,2020-09-09T03:15:57.980Z,buy,3.36e-06,96.0,0.00032256
QSP/BTC,1599621583579,2020-09-09T03:19:43.579Z,buy,3.36e-06,209.0,0.00070224
QSP/BTC,1599621590272,2020-09-09T03:19:50.272Z,buy,3.36e-06,1206.0,0.00405216
QSP/BTC,1599621612104,2020-09-09T03:20:12.104Z,buy,3.36e-06,7655.0,0.0257208
QSP/BTC,1599621686464,2020-09-09T03:21:26.464Z,buy,3.37e-06,180.0,0.0006066
QSP/BTC,1599621913258,2020-09-09T03:25:13.258Z,buy,3.37e-06,33.0,0.00011121
QSP/BTC,1599621954010,2020-09-09T03:25:54.010Z,buy,3.37e-06,86.0,0.00028982
QSP/BTC,1599621963808,2020-09-09T03:26:03.808Z,sell,3.37e-06,251.0,0.00084587
QSP/BTC,1599622031989,2020-09-09T03:27:11.989Z,sell,3.37e-06,15000.0,0.05055
QSP/BTC,1599622198674,2020-09-09T03:29:58.674Z,buy,3.38e-06,443.0,0.00149734
QSP/BTC,1599622211930,2020-09-09T03:30:11.930Z,buy,3.38e-06,2303.0,0.007784139999999999
QSP/BTC,1599622211930,2020-09-09T03:30:11.930Z,buy,3.39e-06,34.0,0.00011526
QSP/BTC,1599622308010,2020-09-09T03:31:48.010Z,sell,3.38e-06,272.0,0.0009193599999999999
QSP/BTC,1599622365188,2020-09-09T03:32:45.188Z,buy,3.38e-06,1028.0,0.0034746399999999998
QSP/BTC,1599622447418,2020-09-09T03:34:07.418Z,sell,3.37e-06,36897.0,0.12434289
QSP/BTC,1599622464209,2020-09-09T03:34:24.209Z,buy,3.37e-06,245.0,0.0008256499999999999
QSP/BTC,1599622467024,2020-09-09T03:34:27.024Z,buy,3.37e-06,397.0,0.00133789
QSP/BTC,1599622468919,2020-09-09T03:34:28.919Z,buy,3.37e-06,90.0,0.0003033
QSP/BTC,1599622470244,2020-09-09T03:34:30.244Z,buy,3.37e-06,708.0,0.00238596
QSP/BTC,1599622473453,2020-09-09T03:34:33.453Z,buy,3.37e-06,662.0,0.00223094
QSP/BTC,1599622476627,2020-09-09T03:34:36.627Z,buy,3.37e-06,712.0,0.00239944
QSP/BTC,1599622476657,2020-09-09T03:34:36.657Z,buy,3.37e-06,361.0,0.00121657
QSP/BTC,1599622497343,2020-09-09T03:34:57.343Z,sell,3.36e-06,26188.0,0.08799168
QSP/BTC,1599622497350,2020-09-09T03:34:57.350Z,buy,3.36e-06,24520.0,0.0823872
QSP/BTC,1599622515679,2020-09-09T03:35:15.679Z,sell,3.36e-06,60.0,0.0002016
QSP/BTC,1599622515679,2020-09-09T03:35:15.679Z,sell,3.35e-06,607.0,0.00203345
QSP/BTC,1599622515679,2020-09-09T03:35:15.679Z,sell,3.34e-06,8170.0,0.0272878
QSP/BTC,1599622515679,2020-09-09T03:35:15.679Z,sell,3.33e-06,25603.0,0.08525798999999999
QSP/BTC,1599622515679,2020-09-09T03:35:15.679Z,sell,3.32e-06,45337.0,0.15051884
QSP/BTC,1599622515679,2020-09-09T03:35:15.679Z,sell,3.31e-06,92120.0,0.3049172
QSP/BTC,1599622515691,2020-09-09T03:35:15.691Z,buy,3.33e-06,145.0,0.00048285
QSP/BTC,1599622515932,2020-09-09T03:35:15.932Z,buy,3.37e-06,51.0,0.00017187
QSP/BTC,1599622517922,2020-09-09T03:35:17.922Z,sell,3.33e-06,63.0,0.00020978999999999998
QSP/BTC,1599622518118,2020-09-09T03:35:18.118Z,sell,3.33e-06,63.0,0.00020978999999999998
QSP/BTC,1599622521302,2020-09-09T03:35:21.302Z,buy,3.34e-06,97.0,0.00032398
QSP/BTC,1599622521302,2020-09-09T03:35:21.302Z,buy,3.35e-06,15.0,5.025e-05
QSP/BTC,1599622522639,2020-09-09T03:35:22.639Z,sell,3.33e-06,10105.0,0.033649649999999996
QSP/BTC,1599622522639,2020-09-09T03:35:22.639Z,sell,3.32e-06,47126.0,0.15645832
QSP/BTC,1599622522645,2020-09-09T03:35:22.645Z,buy,3.32e-06,74431.0,0.24711092
QSP/BTC,1599622524797,2020-09-09T03:35:24.797Z,sell,3.33e-06,63.0,0.00020978999999999998
QSP/BTC,1599622524906,2020-09-09T03:35:24.906Z,sell,3.32e-06,180.0,0.0005976
QSP/BTC,1599622535381,2020-09-09T03:35:35.381Z,buy,3.33e-06,63.0,0.00020978999999999998
QSP/BTC,1599622535381,2020-09-09T03:35:35.381Z,buy,3.34e-06,27.0,9.018000000000001e-05
QSP/BTC,1599622559454,2020-09-09T03:35:59.454Z,sell,3.32e-06,46348.0,0.15387536
QSP/BTC,1599622559469,2020-09-09T03:35:59.469Z,buy,3.32e-06,7563.0,0.02510916
QSP/BTC,1599622559488,2020-09-09T03:35:59.488Z,buy,3.32e-06,1247.0,0.00414004
QSP/BTC,1599622563062,2020-09-09T03:36:03.062Z,buy,3.32e-06,1906.0,0.00632792
QSP/BTC,1599622563966,2020-09-09T03:36:03.966Z,buy,3.32e-06,700.0,0.002324
QSP/BTC,1599622565011,2020-09-09T03:36:05.011Z,sell,3.31e-06,31156.0,0.10312636
QSP/BTC,1599622565113,2020-09-09T03:36:05.113Z,buy,3.31e-06,923.0,0.00305513
QSP/BTC,1599622565693,2020-09-09T03:36:05.693Z,buy,3.31e-06,340.0,0.0011254
QSP/BTC,1599622566258,2020-09-09T03:36:06.258Z,sell,3.3e-06,2822.0,0.0093126
QSP/BTC,1599622618661,2020-09-09T03:36:58.661Z,sell,3.3e-06,41480.0,0.136884
QSP/BTC,1599622629344,2020-09-09T03:37:09.344Z,sell,3.3e-06,34.0,0.0001122
QSP/BTC,1599622653216,2020-09-09T03:37:33.216Z,buy,3.31e-06,63.0,0.00020853
QSP/BTC,1599622748905,2020-09-09T03:39:08.905Z,sell,3.31e-06,2823.0,0.00934413
QSP/BTC,1599622750095,2020-09-09T03:39:10.095Z,buy,3.32e-06,119.0,0.00039508
QSP/BTC,1599622751064,2020-09-09T03:39:11.064Z,buy,3.32e-06,72.0,0.00023904
QSP/BTC,1599622751605,2020-09-09T03:39:11.605Z,sell,3.32e-06,289.0,0.00095948
QSP/BTC,1599622760567,2020-09-09T03:39:20.567Z,buy,3.33e-06,9.0,2.997e-05
QSP/BTC,1599622760567,2020-09-09T03:39:20.567Z,buy,3.33e-06,9.0,2.997e-05
QSP/BTC,1599622896323,2020-09-09T03:41:36.323Z,buy,3.33e-06,50.0,0.00016649999999999998
QSP/BTC,1599623016321,2020-09-09T03:43:36.321Z,buy,3.33e-06,35.0,0.00011655
QSP/BTC,1599623183146,2020-09-09T03:46:23.146Z,sell,3.32e-06,248.0,0.00082336
QSP/BTC,1599623260067,2020-09-09T03:47:40.067Z,buy,3.32e-06,2705.0,0.0089806
QSP/BTC,1599623324709,2020-09-09T03:48:44.709Z,sell,3.31e-06,2500.0,0.008275
QSP/BTC,1599623456461,2020-09-09T03:50:56.461Z,buy,3.32e-06,50.0,0.000166
QSP/BTC,1599623486120,2020-09-09T03:51:26.120Z,buy,3.32e-06,10.0,3.32e-05
QSP/BTC,1599623536021,2020-09-09T03:52:16.021Z,sell,3.31e-06,5290.0,0.017509900000000002
QSP/BTC,1599623856638,2020-09-09T03:57:36.638Z,buy,3.32e-06,66.0,0.00021912
QSP/BTC,1599624067151,2020-09-09T04:01:07.151Z,sell,3.31e-06,3609.0,0.01194579
QSP/BTC,1599624073323,2020-09-09T04:01:13.323Z,buy,3.32e-06,64.0,0.00021248
QSP/BTC,1599624185326,2020-09-09T04:03:05.326Z,sell,3.31e-06,2963.0,0.00980753
QSP/BTC,1599624199389,2020-09-09T04:03:19.389Z,sell,3.31e-06,6344.0,0.02099864
QSP/BTC,1599624253637,2020-09-09T04:04:13.637Z,sell,3.31e-06,1222.0,0.00404482
QSP/BTC,1599624379591,2020-09-09T04:06:19.591Z,buy,3.32e-06,1582.0,0.00525224
QSP/BTC,1599624379591,2020-09-09T04:06:19.591Z,buy,3.33e-06,63313.0,0.21083229
QSP/BTC,1599624636903,2020-09-09T04:10:36.903Z,buy,3.33e-06,102.0,0.00033966
QSP/BTC,1599624669122,2020-09-09T04:11:09.122Z,buy,3.33e-06,71.0,0.00023642999999999998
QSP/BTC,1599624705880,2020-09-09T04:11:45.880Z,buy,3.33e-06,300.0,0.0009989999999999999
QSP/BTC,1599625011937,2020-09-09T04:16:51.937Z,sell,3.32e-06,63.0,0.00020916
QSP/BTC,1599625011937,2020-09-09T04:16:51.937Z,sell,3.31e-06,39108.0,0.12944748
QSP/BTC,1599625082641,2020-09-09T04:18:02.641Z,sell,3.32e-06,3531.0,0.01172292
QSP/BTC,1599625082641,2020-09-09T04:18:02.641Z,sell,3.31e-06,468.0,0.00154908
QSP/BTC,1599625292416,2020-09-09T04:21:32.416Z,sell,3.32e-06,120.0,0.0003984
QSP/BTC,1599626037553,2020-09-09T04:33:57.553Z,sell,3.31e-06,1026.0,0.0033960600000000002
QSP/BTC,1599626040902,2020-09-09T04:34:00.902Z,buy,3.32e-06,63.0,0.00020916
QSP/BTC,1599626111665,2020-09-09T04:35:11.665Z,buy,3.33e-06,34.0,0.00011321999999999999
QSP/BTC,1599626111665,2020-09-09T04:35:11.665Z,buy,3.33e-06,34.0,0.00011321999999999999
QSP/BTC,1599626762964,2020-09-09T04:46:02.964Z,buy,3.33e-06,3941.0,0.01312353
QSP/BTC,1599626841888,2020-09-09T04:47:21.888Z,buy,3.33e-06,32.0,0.00010656
QSP/BTC,1599627002870,2020-09-09T04:50:02.870Z,sell,3.31e-06,1155.0,0.00382305
QSP/BTC,1599627021503,2020-09-09T04:50:21.503Z,sell,3.31e-06,3023.0,0.01000613
QSP/BTC,1599627078689,2020-09-09T04:51:18.689Z,buy,3.32e-06,90.0,0.0002988
QSP/BTC,1599627096198,2020-09-09T04:51:36.198Z,buy,3.32e-06,90.0,0.0002988
QSP/BTC,1599627211464,2020-09-09T04:53:31.464Z,buy,3.32e-06,47.0,0.00015604
QSP/BTC,1599627559116,2020-09-09T04:59:19.116Z,sell,3.31e-06,2027.0,0.00670937
QSP/BTC,1599627658887,2020-09-09T05:00:58.887Z,buy,3.32e-06,63.0,0.00020916
QSP/BTC,1599627815517,2020-09-09T05:03:35.517Z,buy,3.33e-06,11.0,3.663e-05
QSP/BTC,1599628479948,2020-09-09T05:14:39.948Z,buy,3.33e-06,59.0,0.00019647
QSP/BTC,1599628924451,2020-09-09T05:22:04.451Z,sell,3.32e-06,105.0,0.0003486
QSP/BTC,1599629183618,2020-09-09T05:26:23.618Z,buy,3.33e-06,10.0,3.3299999999999996e-05
QSP/BTC,1599629264032,2020-09-09T05:27:44.032Z,buy,3.33e-06,11.0,3.663e-05
QSP/BTC,1599629392462,2020-09-09T05:29:52.462Z,buy,3.33e-06,708.0,0.00235764
QSP/BTC,1599629481462,2020-09-09T05:31:21.462Z,buy,3.33e-06,4213.0,0.01402929
QSP/BTC,1599629599164,2020-09-09T05:33:19.164Z,buy,3.33e-06,995.0,0.00331335
QSP/BTC,1599629599164,2020-09-09T05:33:19.164Z,buy,3.33e-06,995.0,0.00331335
QSP/BTC,1599629735932,2020-09-09T05:35:35.932Z,buy,3.33e-06,60.0,0.0001998
QSP/BTC,1599629961425,2020-09-09T05:39:21.425Z,sell,3.32e-06,65.0,0.0002158
QSP/BTC,1599630360461,2020-09-09T05:46:00.461Z,buy,3.33e-06,9044.0,0.030116519999999997
QSP/BTC,1599630449956,2020-09-09T05:47:29.956Z,sell,3.33e-06,722.0,0.00240426
QSP/BTC,1599630603536,2020-09-09T05:50:03.536Z,buy,3.34e-06,60.0,0.00020040000000000002
QSP/BTC,1599630815236,2020-09-09T05:53:35.236Z,buy,3.34e-06,6137.0,0.02049758
QSP/BTC,1599630849156,2020-09-09T05:54:09.156Z,buy,3.34e-06,508.0,0.00169672
QSP/BTC,1599630989180,2020-09-09T05:56:29.180Z,sell,3.33e-06,194.0,0.00064602
QSP/BTC,1599630996109,2020-09-09T05:56:36.109Z,sell,3.33e-06,376.0,0.00125208
QSP/BTC,1599630996121,2020-09-09T05:56:36.121Z,sell,3.33e-06,390.0,0.0012986999999999999
QSP/BTC,1599630996135,2020-09-09T05:56:36.135Z,sell,3.33e-06,379.0,0.00126207
QSP/BTC,1599630996145,2020-09-09T05:56:36.145Z,sell,3.33e-06,328.0,0.00109224
QSP/BTC,1599630996172,2020-09-09T05:56:36.172Z,sell,3.33e-06,281.0,0.00093573
QSP/BTC,1599630996188,2020-09-09T05:56:36.188Z,sell,3.33e-06,281.0,0.00093573
QSP/BTC,1599631371730,2020-09-09T06:02:51.730Z,sell,3.33e-06,375.0,0.0012487499999999999
QSP/BTC,1599631520105,2020-09-09T06:05:20.105Z,buy,3.34e-06,5158.0,0.017227720000000002
QSP/BTC,1599631579514,2020-09-09T06:06:19.514Z,sell,3.33e-06,54.0,0.00017982
QSP/BTC,1599631579661,2020-09-09T06:06:19.661Z,sell,3.32e-06,273.0,0.00090636
QSP/BTC,1599631797822,2020-09-09T06:09:57.822Z,buy,3.34e-06,1409.0,0.004706060000000001
QSP/BTC,1599632457237,2020-09-09T06:20:57.237Z,buy,3.33e-06,61.0,0.00020313
QSP/BTC,1599632470737,2020-09-09T06:21:10.737Z,buy,3.33e-06,60.0,0.0001998
QSP/BTC,1599632491741,2020-09-09T06:21:31.741Z,sell,3.32e-06,2053.0,0.00681596
QSP/BTC,1599632499452,2020-09-09T06:21:39.452Z,buy,3.33e-06,8688.0,0.028931039999999998
QSP/BTC,1599632528597,2020-09-09T06:22:08.597Z,buy,3.33e-06,60.0,0.0001998
QSP/BTC,1599632968331,2020-09-09T06:29:28.331Z,buy,3.33e-06,822.0,0.00273726
QSP/BTC,1599633054411,2020-09-09T06:30:54.411Z,sell,3.32e-06,12058.0,0.04003256
QSP/BTC,1599633137096,2020-09-09T06:32:17.096Z,buy,3.33e-06,2062.0,0.00686646
QSP/BTC,1599633137096,2020-09-09T06:32:17.096Z,buy,3.33e-06,2062.0,0.00686646
QSP/BTC,1599633204783,2020-09-09T06:33:24.783Z,buy,3.33e-06,116.0,0.00038627999999999997
QSP/BTC,1599633204981,2020-09-09T06:33:24.981Z,buy,3.33e-06,115.0,0.00038295
QSP/BTC,1599633332628,2020-09-09T06:35:32.628Z,sell,3.32e-06,2288.0,0.00759616
QSP/BTC,1599633944341,2020-09-09T06:45:44.341Z,sell,3.32e-06,11712.0,0.03888384
QSP/BTC,1599633986333,2020-09-09T06:46:26.333Z,buy,3.32e-06,90.0,0.0002988
QSP/BTC,1599633995280,2020-09-09T06:46:35.280Z,buy,3.32e-06,90.0,0.0002988
QSP/BTC,1599634060677,2020-09-09T06:47:40.677Z,buy,3.32e-06,194.0,0.00064408
QSP/BTC,1599634062537,2020-09-09T06:47:42.537Z,buy,3.32e-06,389.0,0.00129148
QSP/BTC,1599634062556,2020-09-09T06:47:42.556Z,buy,3.32e-06,389.0,0.00129148
QSP/BTC,1599634065129,2020-09-09T06:47:45.129Z,buy,3.32e-06,389.0,0.00129148
QSP/BTC,1599634065144,2020-09-09T06:47:45.144Z,buy,3.32e-06,341.0,0.00113212
QSP/BTC,1599634065157,2020-09-09T06:47:45.157Z,buy,3.32e-06,292.0,0.00096944
QSP/BTC,1599634065268,2020-09-09T06:47:45.268Z,buy,3.32e-06,292.0,0.00096944
QSP/BTC,1599634087204,2020-09-09T06:48:07.204Z,buy,3.32e-06,389.0,0.00129148
QSP/BTC,1599634612732,2020-09-09T06:56:52.732Z,sell,3.31e-06,5332.0,0.017648920000000002
QSP/BTC,1599634937139,2020-09-09T07:02:17.139Z,buy,3.32e-06,564.0,0.00187248
QSP/BTC,1599634940240,2020-09-09T07:02:20.240Z,buy,3.32e-06,525.0,0.001743
QSP/BTC,1599634943443,2020-09-09T07:02:23.443Z,buy,3.32e-06,518.0,0.00171976
QSP/BTC,1599634946684,2020-09-09T07:02:26.684Z,buy,3.32e-06,1316.0,0.00436912
QSP/BTC,1599635017358,2020-09-09T07:03:37.358Z,buy,3.32e-06,1073.0,0.00356236
QSP/BTC,1599635020613,2020-09-09T07:03:40.613Z,buy,3.32e-06,2155.0,0.0071546
QSP/BTC,1599635107144,2020-09-09T07:05:07.144Z,buy,3.32e-06,1041.0,0.00345612
QSP/BTC,1599635110301,2020-09-09T07:05:10.301Z,buy,3.32e-06,4062.0,0.01348584
QSP/BTC,1599635553138,2020-09-09T07:12:33.138Z,buy,3.32e-06,32.0,0.00010624
QSP/BTC,1599635601538,2020-09-09T07:13:21.538Z,sell,3.31e-06,3666.0,0.01213446
QSP/BTC,1599635678265,2020-09-09T07:14:38.265Z,buy,3.32e-06,1018.0,0.00337976
QSP/BTC,1599635678922,2020-09-09T07:14:38.922Z,buy,3.32e-06,3000.0,0.00996
QSP/BTC,1599635679305,2020-09-09T07:14:39.305Z,buy,3.32e-06,1089.0,0.00361548
QSP/BTC,1599635731580,2020-09-09T07:15:31.580Z,buy,3.32e-06,9036.0,0.02999952
QSP/BTC,1599635791578,2020-09-09T07:16:31.578Z,sell,3.31e-06,42.0,0.00013902
QSP/BTC,1599635794957,2020-09-09T07:16:34.957Z,buy,3.32e-06,65.0,0.0002158
QSP/BTC,1599636397755,2020-09-09T07:26:37.755Z,buy,3.32e-06,548.0,0.00181936
QSP/BTC,1599636398416,2020-09-09T07:26:38.416Z,buy,3.32e-06,60.0,0.0001992
QSP/BTC,1599636621235,2020-09-09T07:30:21.235Z,buy,3.32e-06,31.0,0.00010292
QSP/BTC,1599636632213,2020-09-09T07:30:32.213Z,buy,3.32e-06,9036.0,0.02999952
QSP/BTC,1599636632213,2020-09-09T07:30:32.213Z,buy,3.32e-06,9036.0,0.02999952
QSP/BTC,1599636868415,2020-09-09T07:34:28.415Z,buy,3.32e-06,2682.0,0.00890424
QSP/BTC,1599637067898,2020-09-09T07:37:47.898Z,sell,3.31e-06,11545.0,0.038213950000000003
QSP/BTC,1599637124970,2020-09-09T07:38:44.970Z,sell,3.31e-06,11792.0,0.03903152
QSP/BTC,1599637452613,2020-09-09T07:44:12.613Z,buy,3.32e-06,2718.0,0.00902376
QSP/BTC,1599637452613,2020-09-09T07:44:12.613Z,buy,3.33e-06,427.0,0.00142191
QSP/BTC,1599637452613,2020-09-09T07:44:12.613Z,buy,3.34e-06,4760.0,0.0158984
QSP/BTC,1599637452613,2020-09-09T07:44:12.613Z,buy,3.35e-06,15443.0,0.051734050000000004
QSP/BTC,1599637454863,2020-09-09T07:44:14.863Z,sell,3.34e-06,62.0,0.00020708
QSP/BTC,1599637468203,2020-09-09T07:44:28.203Z,buy,3.35e-06,463.0,0.00155105
QSP/BTC,1599637496163,2020-09-09T07:44:56.163Z,sell,3.34e-06,33.0,0.00011022000000000001
QSP/BTC,1599637496163,2020-09-09T07:44:56.163Z,sell,3.33e-06,329.0,0.00109557
QSP/BTC,1599637518445,2020-09-09T07:45:18.445Z,sell,3.32e-06,300.0,0.000996
QSP/BTC,1599637540281,2020-09-09T07:45:40.281Z,buy,3.34e-06,60.0,0.00020040000000000002
QSP/BTC,1599637543111,2020-09-09T07:45:43.111Z,buy,3.34e-06,60.0,0.00020040000000000002
QSP/BTC,1599638106875,2020-09-09T07:55:06.875Z,sell,3.33e-06,1530.0,0.005094899999999999
QSP/BTC,1599638106875,2020-09-09T07:55:06.875Z,sell,3.32e-06,11174.0,0.03709768
QSP/BTC,1599638109198,2020-09-09T07:55:09.198Z,buy,3.33e-06,61.0,0.00020313
QSP/BTC,1599638123669,2020-09-09T07:55:23.669Z,buy,3.33e-06,2.0,6.66e-06
QSP/BTC,1599638242016,2020-09-09T07:57:22.016Z,buy,3.34e-06,272.0,0.00090848
QSP/BTC,1599638326320,2020-09-09T07:58:46.320Z,buy,3.35e-06,34.0,0.0001139
QSP/BTC,1599638464473,2020-09-09T08:01:04.473Z,sell,3.33e-06,12467.0,0.04151511
QSP/BTC,1599638611146,2020-09-09T08:03:31.146Z,buy,3.34e-06,365.0,0.0012191
QSP/BTC,1599638625713,2020-09-09T08:03:45.713Z,buy,3.34e-06,2398.0,0.00800932
QSP/BTC,1599638792186,2020-09-09T08:06:32.186Z,buy,3.35e-06,31.0,0.00010385
QSP/BTC,1599639063244,2020-09-09T08:11:03.244Z,buy,3.35e-06,31.0,0.00010385
QSP/BTC,1599639063484,2020-09-09T08:11:03.484Z,buy,3.35e-06,281.0,0.0009413500000000001
QSP/BTC,1599639128176,2020-09-09T08:12:08.176Z,sell,3.35e-06,60.0,0.000201
QSP/BTC,1599639149799,2020-09-09T08:12:29.799Z,sell,3.35e-06,8864.0,0.029694400000000003
QSP/BTC,1599639155081,2020-09-09T08:12:35.081Z,buy,3.35e-06,2060.0,0.006901
QSP/BTC,1599639215791,2020-09-09T08:13:35.791Z,sell,3.34e-06,373.0,0.0012458200000000001
QSP/BTC,1599639557602,2020-09-09T08:19:17.602Z,sell,3.34e-06,2707.0,0.00904138
QSP/BTC,1599639593039,2020-09-09T08:19:53.039Z,buy,3.35e-06,17731.0,0.05939885
QSP/BTC,1599639748495,2020-09-09T08:22:28.495Z,buy,3.35e-06,455.0,0.00152425
QSP/BTC,1599639803519,2020-09-09T08:23:23.519Z,buy,3.35e-06,32.0,0.0001072
QSP/BTC,1599639812638,2020-09-09T08:23:32.638Z,buy,3.35e-06,31.0,0.00010385
QSP/BTC,1599639819030,2020-09-09T08:23:39.030Z,buy,3.35e-06,60.0,0.000201
QSP/BTC,1599639938200,2020-09-09T08:25:38.200Z,buy,3.35e-06,33.0,0.00011055
QSP/BTC,1599640001237,2020-09-09T08:26:41.237Z,buy,3.35e-06,32.0,0.0001072
QSP/BTC,1599640001237,2020-09-09T08:26:41.237Z,buy,3.35e-06,32.0,0.0001072
QSP/BTC,1599640275509,2020-09-09T08:31:15.509Z,sell,3.34e-06,131.0,0.00043754000000000004
QSP/BTC,1599640447517,2020-09-09T08:34:07.517Z,buy,3.35e-06,518.0,0.0017353
QSP/BTC,1599640475837,2020-09-09T08:34:35.837Z,buy,3.35e-06,485.0,0.0016247500000000001
QSP/BTC,1599640952682,2020-09-09T08:42:32.682Z,sell,3.34e-06,20892.0,0.06977928
QSP/BTC,1599641311979,2020-09-09T08:48:31.979Z,buy,3.35e-06,2767.0,0.00926945
QSP/BTC,1599641311979,2020-09-09T08:48:31.979Z,buy,3.36e-06,1233.0,0.00414288
QSP/BTC,1599641408384,2020-09-09T08:50:08.384Z,sell,3.34e-06,102.0,0.00034068
QSP/BTC,1599641493070,2020-09-09T08:51:33.070Z,sell,3.35e-06,389.0,0.00130315
QSP/BTC,1599641493079,2020-09-09T08:51:33.079Z,sell,3.35e-06,194.0,0.0006499
QSP/BTC,1599641493205,2020-09-09T08:51:33.205Z,sell,3.35e-06,388.0,0.0012998
QSP/BTC,1599641493214,2020-09-09T08:51:33.214Z,sell,3.35e-06,341.0,0.00114235
QSP/BTC,1599641493285,2020-09-09T08:51:33.285Z,sell,3.35e-06,299.0,0.00100165
QSP/BTC,1599641493293,2020-09-09T08:51:33.293Z,sell,3.35e-06,292.0,0.0009782
QSP/BTC,1599641493302,2020-09-09T08:51:33.302Z,sell,3.35e-06,292.0,0.0009782
QSP/BTC,1599641545368,2020-09-09T08:52:25.368Z,sell,3.35e-06,4441.0,0.014877350000000001
QSP/BTC,1599641848481,2020-09-09T08:57:28.481Z,sell,3.35e-06,1053.0,0.00352755
QSP/BTC,1599641931830,2020-09-09T08:58:51.830Z,sell,3.35e-06,7315.0,0.02450525
QSP/BTC,1599642021601,2020-09-09T09:00:21.601Z,sell,3.35e-06,384.0,0.0012864
QSP/BTC,1599642118085,2020-09-09T09:01:58.085Z,buy,3.36e-06,294.0,0.00098784
QSP/BTC,1599642118085,2020-09-09T09:01:58.085Z,buy,3.37e-06,75.0,0.00025275
QSP/BTC,1599642120369,2020-09-09T09:02:00.369Z,sell,3.36e-06,62.0,0.00020832
QSP/BTC,1599642120369,2020-09-09T09:02:00.369Z,sell,3.35e-06,327.0,0.00109545
QSP/BTC,1599642155299,2020-09-09T09:02:35.299Z,buy,3.37e-06,30.0,0.00010109999999999999
QSP/BTC,1599642161283,2020-09-09T09:02:41.283Z,buy,3.37e-06,298.0,0.0010042599999999999
QSP/BTC,1599642934738,2020-09-09T09:15:34.738Z,sell,3.35e-06,7340.0,0.024589
QSP/BTC,1599643083455,2020-09-09T09:18:03.455Z,sell,3.35e-06,3245.0,0.01087075
QSP/BTC,1599643510795,2020-09-09T09:25:10.795Z,buy,3.37e-06,198.0,0.00066726
QSP/BTC,1599643519668,2020-09-09T09:25:19.668Z,sell,3.35e-06,38.0,0.0001273
QSP/BTC,1599643568493,2020-09-09T09:26:08.493Z,buy,3.37e-06,450.0,0.0015165
QSP/BTC,1599643571833,2020-09-09T09:26:11.833Z,buy,3.37e-06,1340.0,0.0045157999999999995
QSP/BTC,1599643571833,2020-09-09T09:26:11.833Z,buy,3.37e-06,1340.0,0.0045157999999999995
QSP/BTC,1599643627651,2020-09-09T09:27:07.651Z,buy,3.37e-06,30.0,0.00010109999999999999
QSP/BTC,1599643655739,2020-09-09T09:27:35.739Z,buy,3.37e-06,199.0,0.00067063
QSP/BTC,1599643658821,2020-09-09T09:27:38.821Z,buy,3.37e-06,345.0,0.0011626499999999999
QSP/BTC,1599643661984,2020-09-09T09:27:41.984Z,buy,3.37e-06,335.0,0.0011289499999999999
QSP/BTC,1599643665115,2020-09-09T09:27:45.115Z,buy,3.37e-06,373.0,0.00125701
QSP/BTC,1599643668210,2020-09-09T09:27:48.210Z,buy,3.37e-06,395.0,0.00133115
QSP/BTC,1599643735994,2020-09-09T09:28:55.994Z,buy,3.37e-06,606.0,0.00204222
QSP/BTC,1599643739185,2020-09-09T09:28:59.185Z,buy,3.37e-06,597.0,0.00201189
QSP/BTC,1599643742356,2020-09-09T09:29:02.356Z,buy,3.37e-06,1555.0,0.0052403499999999995
QSP/BTC,1599643848501,2020-09-09T09:30:48.501Z,sell,3.36e-06,62.0,0.00020832
QSP/BTC,1599643935657,2020-09-09T09:32:15.657Z,buy,3.36e-06,155.0,0.0005208
QSP/BTC,1599643991653,2020-09-09T09:33:11.653Z,buy,3.37e-06,30.0,0.00010109999999999999
QSP/BTC,1599644386678,2020-09-09T09:39:46.678Z,sell,3.35e-06,58.0,0.0001943
QSP/BTC,1599644392278,2020-09-09T09:39:52.278Z,buy,3.37e-06,335.0,0.0011289499999999999
QSP/BTC,1599644392319,2020-09-09T09:39:52.319Z,buy,3.37e-06,191.0,0.0006436699999999999
QSP/BTC,1599644404285,2020-09-09T09:40:04.285Z,buy,3.37e-06,383.0,0.00129071
QSP/BTC,1599644410378,2020-09-09T09:40:10.378Z,buy,3.37e-06,383.0,0.00129071
QSP/BTC,1599644410391,2020-09-09T09:40:10.391Z,buy,3.37e-06,383.0,0.00129071
QSP/BTC,1599644410403,2020-09-09T09:40:10.403Z,buy,3.37e-06,287.0,0.0009671899999999999
QSP/BTC,1599644424037,2020-09-09T09:40:24.037Z,buy,3.37e-06,287.0,0.0009671899999999999
QSP/BTC,1599644424053,2020-09-09T09:40:24.053Z,buy,3.37e-06,228.0,0.0007683599999999999
QSP/BTC,1599644462543,2020-09-09T09:41:02.543Z,buy,3.37e-06,8046.0,0.02711502
QSP/BTC,1599644462956,2020-09-09T09:41:02.956Z,buy,3.37e-06,1250.0,0.0042125
QSP/BTC,1599644467310,2020-09-09T09:41:07.310Z,buy,3.37e-06,343.0,0.00115591
QSP/BTC,1599644467518,2020-09-09T09:41:07.518Z,buy,3.37e-06,6777.0,0.02283849
QSP/BTC,1599644508818,2020-09-09T09:41:48.818Z,buy,3.37e-06,8.0,2.696e-05
QSP/BTC,1599644597137,2020-09-09T09:43:17.137Z,buy,3.37e-06,148.0,0.00049876
QSP/BTC,1599644621530,2020-09-09T09:43:41.530Z,buy,3.37e-06,30.0,0.00010109999999999999
QSP/BTC,1599644648841,2020-09-09T09:44:08.841Z,sell,3.36e-06,2658.0,0.00893088
QSP/BTC,1599644648841,2020-09-09T09:44:08.841Z,sell,3.35e-06,22625.0,0.07579375000000001
QSP/BTC,1599644679216,2020-09-09T09:44:39.216Z,sell,3.36e-06,23427.0,0.07871472
QSP/BTC,1599644679216,2020-09-09T09:44:39.216Z,sell,3.35e-06,5544.0,0.0185724
QSP/BTC,1599644919764,2020-09-09T09:48:39.764Z,buy,3.37e-06,18193.0,0.061310409999999996
QSP/BTC,1599644927285,2020-09-09T09:48:47.285Z,buy,3.38e-06,1645.0,0.0055601
QSP/BTC,1599644931704,2020-09-09T09:48:51.704Z,buy,3.38e-06,1365.0,0.0046137
QSP/BTC,1599644931704,2020-09-09T09:48:51.704Z,buy,3.39e-06,14601.0,0.04949739
QSP/BTC,1599644931704,2020-09-09T09:48:51.704Z,buy,3.4e-06,4034.0,0.0137156
QSP/BTC,1599644969208,2020-09-09T09:49:29.208Z,buy,3.4e-06,2941.0,0.0099994
QSP/BTC,1599645131389,2020-09-09T09:52:11.389Z,sell,3.39e-06,184.0,0.00062376
QSP/BTC,1599645131389,2020-09-09T09:52:11.389Z,sell,3.38e-06,534.0,0.00180492
QSP/BTC,1599645184758,2020-09-09T09:53:04.758Z,buy,3.39e-06,59.0,0.00020001
QSP/BTC,1599645191506,2020-09-09T09:53:11.506Z,buy,3.39e-06,3.0,1.0170000000000001e-05
QSP/BTC,1599645214376,2020-09-09T09:53:34.376Z,buy,3.39e-06,30.0,0.0001017
QSP/BTC,1599645221812,2020-09-09T09:53:41.812Z,buy,3.39e-06,59.0,0.00020001
QSP/BTC,1599645382025,2020-09-09T09:56:22.025Z,buy,3.39e-06,45.0,0.00015255
QSP/BTC,1599645455110,2020-09-09T09:57:35.110Z,sell,3.38e-06,62.0,0.00020956
QSP/BTC,1599645455212,2020-09-09T09:57:35.212Z,sell,3.37e-06,2637.0,0.00888669
QSP/BTC,1599645474114,2020-09-09T09:57:54.114Z,buy,3.38e-06,62.0,0.00020956
QSP/BTC,1599645699403,2020-09-09T10:01:39.403Z,sell,3.38e-06,3180.0,0.0107484
QSP/BTC,1599645740031,2020-09-09T10:02:20.031Z,buy,3.39e-06,131.0,0.00044409
QSP/BTC,1599645768335,2020-09-09T10:02:48.335Z,buy,3.39e-06,129.0,0.00043731
QSP/BTC,1599645768335,2020-09-09T10:02:48.335Z,buy,3.4e-06,378.0,0.0012852
QSP/BTC,1599645816139,2020-09-09T10:03:36.139Z,buy,3.4e-06,59.0,0.0002006
QSP/BTC,1599645819966,2020-09-09T10:03:39.966Z,sell,3.39e-06,61.0,0.00020679000000000002
QSP/BTC,1599645820930,2020-09-09T10:03:40.930Z,sell,3.38e-06,55.0,0.0001859
QSP/BTC,1599645894150,2020-09-09T10:04:54.150Z,sell,3.39e-06,335.0,0.00113565
QSP/BTC,1599645894162,2020-09-09T10:04:54.162Z,sell,3.39e-06,191.0,0.00064749
QSP/BTC,1599645899369,2020-09-09T10:04:59.369Z,buy,3.4e-06,487.0,0.0016558
QSP/BTC,1599645918480,2020-09-09T10:05:18.480Z,sell,3.4e-06,383.0,0.0013022
QSP/BTC,1599645918480,2020-09-09T10:05:18.480Z,sell,3.4e-06,1969.0,0.0066946
QSP/BTC,1599645918894,2020-09-09T10:05:18.894Z,sell,3.39e-06,127.0,0.00043053000000000004
QSP/BTC,1599645940188,2020-09-09T10:05:40.188Z,sell,3.39e-06,29.0,9.831e-05
QSP/BTC,1599645970946,2020-09-09T10:06:10.946Z,sell,3.38e-06,250.0,0.0008449999999999999
QSP/BTC,1599646087778,2020-09-09T10:08:07.778Z,buy,3.39e-06,59.0,0.00020001
QSP/BTC,1599646118200,2020-09-09T10:08:38.200Z,buy,3.39e-06,59.0,0.00020001
QSP/BTC,1599646156145,2020-09-09T10:09:16.145Z,buy,3.39e-06,501.0,0.0016983900000000001
QSP/BTC,1599646200358,2020-09-09T10:10:00.358Z,sell,3.38e-06,314.0,0.00106132
QSP/BTC,1599646205516,2020-09-09T10:10:05.516Z,buy,3.39e-06,59.0,0.00020001
QSP/BTC,1599646310037,2020-09-09T10:11:50.037Z,sell,3.38e-06,330.0,0.0011154
QSP/BTC,1599646484575,2020-09-09T10:14:44.575Z,buy,3.39e-06,2029.0,0.00687831
QSP/BTC,1599646499496,2020-09-09T10:14:59.496Z,sell,3.38e-06,85.0,0.0002873
QSP/BTC,1599646571623,2020-09-09T10:16:11.623Z,buy,3.39e-06,71.0,0.00024069
QSP/BTC,1599646607375,2020-09-09T10:16:47.375Z,buy,3.39e-06,8059.0,0.027320010000000002
QSP/BTC,1599646620802,2020-09-09T10:17:00.802Z,buy,3.4e-06,945.0,0.003213
QSP/BTC,1599646630988,2020-09-09T10:17:10.988Z,sell,3.39e-06,61.0,0.00020679000000000002
QSP/BTC,1599646665807,2020-09-09T10:17:45.807Z,buy,3.39e-06,59.0,0.00020001
QSP/BTC,1599646767921,2020-09-09T10:19:27.921Z,buy,3.39e-06,50.0,0.0001695
QSP/BTC,1599646829401,2020-09-09T10:20:29.401Z,buy,3.39e-06,980.0,0.0033222
QSP/BTC,1599647024564,2020-09-09T10:23:44.564Z,buy,3.39e-06,59.0,0.00020001
QSP/BTC,1599647024564,2020-09-09T10:23:44.564Z,buy,3.39e-06,59.0,0.00020001
QSP/BTC,1599647239822,2020-09-09T10:27:19.822Z,sell,3.38e-06,247.0,0.00083486
QSP/BTC,1599647496392,2020-09-09T10:31:36.392Z,sell,3.38e-06,142.0,0.00047996
QSP/BTC,1599647628422,2020-09-09T10:33:48.422Z,sell,3.38e-06,819.0,0.00276822
QSP/BTC,1599647628422,2020-09-09T10:33:48.422Z,sell,3.37e-06,828.0,0.00279036
QSP/BTC,1599647631450,2020-09-09T10:33:51.450Z,sell,3.37e-06,819.0,0.00276003
QSP/BTC,1599647654429,2020-09-09T10:34:14.429Z,buy,3.38e-06,62.0,0.00020956
QSP/BTC,1599647737505,2020-09-09T10:35:37.505Z,sell,3.37e-06,2409.0,0.00811833
QSP/BTC,1599647772829,2020-09-09T10:36:12.829Z,sell,3.38e-06,33.0,0.00011153999999999999
QSP/BTC,1599647778666,2020-09-09T10:36:18.666Z,buy,3.39e-06,1583.0,0.0053663700000000005
QSP/BTC,1599647841880,2020-09-09T10:37:21.880Z,buy,3.39e-06,59.0,0.00020001
QSP/BTC,1599647851968,2020-09-09T10:37:31.968Z,buy,3.39e-06,4247.0,0.01439733
QSP/BTC,1599647851968,2020-09-09T10:37:31.968Z,buy,3.4e-06,150.0,0.00051
QSP/BTC,1599647854119,2020-09-09T10:37:34.119Z,sell,3.39e-06,61.0,0.00020679000000000002
QSP/BTC,1599647854119,2020-09-09T10:37:34.119Z,sell,3.38e-06,90.0,0.00030419999999999997
QSP/BTC,1599648313610,2020-09-09T10:45:13.610Z,sell,3.37e-06,459.0,0.00154683
QSP/BTC,1599648328392,2020-09-09T10:45:28.392Z,buy,3.38e-06,62.0,0.00020956
QSP/BTC,1599648394567,2020-09-09T10:46:34.567Z,sell,3.38e-06,521.0,0.0017609799999999999
QSP/BTC,1599648558538,2020-09-09T10:49:18.538Z,buy,3.39e-06,250.0,0.0008475000000000001
QSP/BTC,1599648598439,2020-09-09T10:49:58.439Z,buy,3.39e-06,507.0,0.0017187300000000001
QSP/BTC,1599648798745,2020-09-09T10:53:18.745Z,sell,3.38e-06,235.0,0.0007943
QSP/BTC,1599648798745,2020-09-09T10:53:18.745Z,sell,3.37e-06,197.0,0.00066389
QSP/BTC,1599648818453,2020-09-09T10:53:38.453Z,buy,3.38e-06,62.0,0.00020956
QSP/BTC,1599648942319,2020-09-09T10:55:42.319Z,sell,3.37e-06,2836.0,0.00955732
QSP/BTC,1599650002631,2020-09-09T11:13:22.631Z,buy,3.39e-06,39.0,0.00013221
QSP/BTC,1599650033466,2020-09-09T11:13:53.466Z,buy,3.39e-06,1403.0,0.0047561700000000005
QSP/BTC,1599650054791,2020-09-09T11:14:14.791Z,sell,3.39e-06,1821.0,0.00617319
QSP/BTC,1599650054791,2020-09-09T11:14:14.791Z,sell,3.38e-06,35.0,0.00011829999999999999
QSP/BTC,1599650058822,2020-09-09T11:14:18.822Z,buy,3.4e-06,306.0,0.0010404
QSP/BTC,1599650141855,2020-09-09T11:15:41.855Z,buy,3.4e-06,116.0,0.0003944
QSP/BTC,1599650141875,2020-09-09T11:15:41.875Z,buy,3.4e-06,117.0,0.0003978
QSP/BTC,1599650178227,2020-09-09T11:16:18.227Z,buy,3.4e-06,718.0,0.0024412
QSP/BTC,1599650196625,2020-09-09T11:16:36.625Z,sell,3.39e-06,383.0,0.00129837
QSP/BTC,1599650196642,2020-09-09T11:16:36.642Z,sell,3.39e-06,75.0,0.00025425000000000003
QSP/BTC,1599650196642,2020-09-09T11:16:36.642Z,sell,3.38e-06,308.0,0.00104104
QSP/BTC,1599650334104,2020-09-09T11:18:54.104Z,sell,3.38e-06,2578.0,0.00871364
QSP/BTC,1599650346383,2020-09-09T11:19:06.383Z,buy,3.39e-06,560.0,0.0018984000000000002
QSP/BTC,1599650346383,2020-09-09T11:19:06.383Z,buy,3.4e-06,47.0,0.0001598
QSP/BTC,1599650346383,2020-09-09T11:19:06.383Z,buy,3.39e-06,560.0,0.0018984000000000002
QSP/BTC,1599650346383,2020-09-09T11:19:06.383Z,buy,3.4e-06,47.0,0.0001598
QSP/BTC,1599650721904,2020-09-09T11:25:21.904Z,sell,3.38e-06,2981.0,0.01007578
QSP/BTC,1599650872263,2020-09-09T11:27:52.263Z,sell,3.38e-06,2954.0,0.00998452
QSP/BTC,1599650898283,2020-09-09T11:28:18.283Z,buy,3.4e-06,496.0,0.0016864
QSP/BTC,1599650899232,2020-09-09T11:28:19.232Z,buy,3.4e-06,528.0,0.0017952
QSP/BTC,1599651021760,2020-09-09T11:30:21.760Z,sell,3.38e-06,3371.0,0.01139398
QSP/BTC,1599651122207,2020-09-09T11:32:02.207Z,sell,3.38e-06,445.0,0.0015041
QSP/BTC,1599651122207,2020-09-09T11:32:02.207Z,sell,3.37e-06,29707.0,0.10011259
QSP/BTC,1599651153083,2020-09-09T11:32:33.083Z,buy,3.38e-06,89.0,0.00030082
QSP/BTC,1599651154041,2020-09-09T11:32:34.041Z,buy,3.38e-06,89.0,0.00030082
QSP/BTC,1599651463221,2020-09-09T11:37:43.221Z,buy,3.38e-06,36.0,0.00012167999999999999
QSP/BTC,1599651527035,2020-09-09T11:38:47.035Z,buy,3.38e-06,182.0,0.00061516
QSP/BTC,1599651528068,2020-09-09T11:38:48.068Z,buy,3.39e-06,464.0,0.00157296
QSP/BTC,1599651528068,2020-09-09T11:38:48.068Z,buy,3.4e-06,424.0,0.0014416000000000001
QSP/BTC,1599651528204,2020-09-09T11:38:48.204Z,buy,3.4e-06,60.0,0.000204
QSP/BTC,1599651528242,2020-09-09T11:38:48.242Z,buy,3.4e-06,1628.0,0.0055352
QSP/BTC,1599651528485,2020-09-09T11:38:48.485Z,buy,3.4e-06,60.0,0.000204
QSP/BTC,1599651528553,2020-09-09T11:38:48.553Z,buy,3.4e-06,2940.0,0.009996
QSP/BTC,1599651528553,2020-09-09T11:38:48.553Z,buy,3.41e-06,355.0,0.00121055
QSP/BTC,1599651528553,2020-09-09T11:38:48.553Z,buy,3.42e-06,1143.0,0.00390906
QSP/BTC,1599651530801,2020-09-09T11:38:50.801Z,sell,3.41e-06,61.0,0.00020801
QSP/BTC,1599651531040,2020-09-09T11:38:51.040Z,sell,3.4e-06,61.0,0.0002074
QSP/BTC,1599651531040,2020-09-09T11:38:51.040Z,sell,3.39e-06,61.0,0.00020679000000000002
QSP/BTC,1599651541963,2020-09-09T11:39:01.963Z,sell,3.39e-06,2391.0,0.00810549
QSP/BTC,1599651541966,2020-09-09T11:39:01.966Z,sell,3.38e-06,406.0,0.00137228
QSP/BTC,1599651554724,2020-09-09T11:39:14.724Z,buy,3.4e-06,147.0,0.0004998
QSP/BTC,1599651590121,2020-09-09T11:39:50.121Z,buy,3.4e-06,147.0,0.0004998
QSP/BTC,1599651601805,2020-09-09T11:40:01.805Z,buy,3.4e-06,30.0,0.000102
QSP/BTC,1599651603210,2020-09-09T11:40:03.210Z,buy,3.4e-06,30.0,0.000102
QSP/BTC,1599651603916,2020-09-09T11:40:03.916Z,buy,3.4e-06,30.0,0.000102
QSP/BTC,1599651611653,2020-09-09T11:40:11.653Z,sell,3.39e-06,48.0,0.00016272000000000001
QSP/BTC,1599651641598,2020-09-09T11:40:41.598Z,sell,3.39e-06,13.0,4.407e-05
QSP/BTC,1599651641598,2020-09-09T11:40:41.598Z,sell,3.38e-06,1014.0,0.0034273199999999998
QSP/BTC,1599651683554,2020-09-09T11:41:23.554Z,sell,3.38e-06,2070.0,0.0069965999999999995
QSP/BTC,1599651760496,2020-09-09T11:42:40.496Z,buy,3.39e-06,415.0,0.00140685
QSP/BTC,1599651760496,2020-09-09T11:42:40.496Z,buy,3.4e-06,3545.0,0.012053
QSP/BTC,1599651760508,2020-09-09T11:42:40.508Z,sell,3.4e-06,322.0,0.0010948
QSP/BTC,1599651760525,2020-09-09T11:42:40.525Z,sell,3.4e-06,287.0,0.0009758
QSP/BTC,1599651760537,2020-09-09T11:42:40.537Z,sell,3.4e-06,165.0,0.000561
QSP/BTC,1599651760760,2020-09-09T11:42:40.760Z,sell,3.4e-06,39.0,0.0001326
QSP/BTC,1599651763572,2020-09-09T11:42:43.572Z,sell,3.4e-06,1254.0,0.0042636
QSP/BTC,1599651763702,2020-09-09T11:42:43.702Z,sell,3.4e-06,1417.0,0.0048178
QSP/BTC,1599651763881,2020-09-09T11:42:43.881Z,sell,3.4e-06,931.0,0.0031654
QSP/BTC,1599651763986,2020-09-09T11:42:43.986Z,sell,3.4e-06,7093.0,0.0241162
QSP/BTC,1599651774913,2020-09-09T11:42:54.913Z,sell,3.4e-06,1580.0,0.005372
QSP/BTC,1599651788400,2020-09-09T11:43:08.400Z,sell,3.4e-06,2531.0,0.008605400000000001
QSP/BTC,1599651911125,2020-09-09T11:45:11.125Z,buy,3.41e-06,59.0,0.00020119
QSP/BTC,1599652101018,2020-09-09T11:48:21.018Z,buy,3.41e-06,30.0,0.00010229999999999999
QSP/BTC,1599652197853,2020-09-09T11:49:57.853Z,sell,3.4e-06,132.0,0.0004488
QSP/BTC,1599652204019,2020-09-09T11:50:04.019Z,sell,3.4e-06,3068.0,0.0104312
QSP/BTC,1599652268122,2020-09-09T11:51:08.122Z,sell,3.4e-06,788.0,0.0026792
QSP/BTC,1599652268122,2020-09-09T11:51:08.122Z,sell,3.39e-06,587.0,0.00198993
QSP/BTC,1599652268122,2020-09-09T11:51:08.122Z,sell,3.38e-06,625.0,0.0021125
QSP/BTC,1599652440047,2020-09-09T11:54:00.047Z,sell,3.38e-06,120.0,0.0004056
QSP/BTC,1599652646125,2020-09-09T11:57:26.125Z,buy,3.4e-06,61.0,0.0002074
QSP/BTC,1599652646125,2020-09-09T11:57:26.125Z,buy,3.41e-06,2642.0,0.00900922
QSP/BTC,1599652682505,2020-09-09T11:58:02.505Z,sell,3.4e-06,159.0,0.0005406
QSP/BTC,1599652862435,2020-09-09T12:01:02.435Z,sell,3.4e-06,588.0,0.0019992
QSP/BTC,1599652999221,2020-09-09T12:03:19.221Z,sell,3.39e-06,426.0,0.00144414
QSP/BTC,1599653019008,2020-09-09T12:03:39.008Z,buy,3.4e-06,59.0,0.0002006
QSP/BTC,1599653030789,2020-09-09T12:03:50.789Z,buy,3.4e-06,2.0,6.8e-06
QSP/BTC,1599653158847,2020-09-09T12:05:58.847Z,buy,3.41e-06,1269.0,0.00432729
QSP/BTC,1599653158847,2020-09-09T12:05:58.847Z,buy,3.42e-06,1664.0,0.00569088
QSP/BTC,1599653158847,2020-09-09T12:05:58.847Z,buy,3.42e-06,13237.0,0.04527054
QSP/BTC,1599653177234,2020-09-09T12:06:17.234Z,sell,3.41e-06,93.0,0.00031713
QSP/BTC,1599653206094,2020-09-09T12:06:46.094Z,buy,3.41e-06,88.0,0.00030008
QSP/BTC,1599653615258,2020-09-09T12:13:35.258Z,buy,3.41e-06,59.0,0.00020119
QSP/BTC,1599653785471,2020-09-09T12:16:25.471Z,buy,3.41e-06,1153.0,0.00393173
