symbol,timestamp,datetime,side,price,amount,btc_volume
RCN/BTC,1609880401735,2021-01-05T21:00:01.735Z,buy,1.26e-06,7354.0,0.00926604
RCN/BTC,1609880401735,2021-01-05T21:00:01.735Z,buy,1.27e-06,19405.0,0.02464435
RCN/BTC,1609880401735,2021-01-05T21:00:01.735Z,buy,1.28e-06,2241.0,0.00286848
RCN/BTC,1609880415695,2021-01-05T21:00:15.695Z,sell,1.27e-06,135.0,0.00017145
RCN/BTC,1609880457273,2021-01-05T21:00:57.273Z,buy,1.28e-06,2924.0,0.00374272
RCN/BTC,1609880465481,2021-01-05T21:01:05.481Z,sell,1.27e-06,5365.0,0.00681355
RCN/BTC,1609880476695,2021-01-05T21:01:16.695Z,buy,1.27e-06,2924.0,0.00371348
RCN/BTC,1609880515004,2021-01-05T21:01:55.004Z,buy,1.27e-06,5849.0,0.007428229999999999
RCN/BTC,1609880575745,2021-01-05T21:02:55.745Z,buy,1.27e-06,8774.0,0.011142979999999999
RCN/BTC,1609880599843,2021-01-05T21:03:19.843Z,buy,1.27e-06,5902.0,0.007495539999999999
RCN/BTC,1609880635292,2021-01-05T21:03:55.292Z,buy,1.27e-06,17704.0,0.02248408
RCN/BTC,1609881357386,2021-01-05T21:15:57.386Z,buy,1.27e-06,1683.0,0.0021374099999999997
RCN/BTC,1609881450790,2021-01-05T21:17:30.790Z,buy,1.27e-06,910.0,0.0011557
RCN/BTC,1609881696597,2021-01-05T21:21:36.597Z,sell,1.26e-06,1128.0,0.00142128
RCN/BTC,1609881741003,2021-01-05T21:22:21.003Z,sell,1.26e-06,2285.0,0.0028791
RCN/BTC,1609881741385,2021-01-05T21:22:21.385Z,sell,1.26e-06,893.0,0.00112518
RCN/BTC,1609881741497,2021-01-05T21:22:21.497Z,sell,1.26e-06,2715.0,0.0034209
RCN/BTC,1609881741896,2021-01-05T21:22:21.896Z,sell,1.26e-06,1822.0,0.0022957200000000002
RCN/BTC,1609881885842,2021-01-05T21:24:45.842Z,sell,1.26e-06,2804.0,0.00353304
RCN/BTC,1609881885951,2021-01-05T21:24:45.951Z,sell,1.26e-06,4730.0,0.0059598
RCN/BTC,1609881888451,2021-01-05T21:24:48.451Z,buy,1.26e-06,2403.0,0.00302778
RCN/BTC,1609881890365,2021-01-05T21:24:50.365Z,buy,1.26e-06,2327.0,0.00293202
RCN/BTC,1609881918298,2021-01-05T21:25:18.298Z,sell,1.25e-06,2196.0,0.002745
RCN/BTC,1609881949435,2021-01-05T21:25:49.435Z,buy,1.26e-06,164.0,0.00020664000000000001
RCN/BTC,1609881949962,2021-01-05T21:25:49.962Z,buy,1.26e-06,76.0,9.576e-05
RCN/BTC,1609881950467,2021-01-05T21:25:50.467Z,buy,1.26e-06,113.0,0.00014238
RCN/BTC,1609881972562,2021-01-05T21:26:12.562Z,buy,1.26e-06,326.0,0.00041076
RCN/BTC,1609882221491,2021-01-05T21:30:21.491Z,sell,1.25e-06,229.0,0.00028625000000000005
RCN/BTC,1609882351086,2021-01-05T21:32:31.086Z,buy,1.26e-06,183.0,0.00023058
RCN/BTC,1609882483827,2021-01-05T21:34:43.827Z,buy,1.26e-06,10539.0,0.01327914
RCN/BTC,1609882589131,2021-01-05T21:36:29.131Z,buy,1.27e-06,2435.0,0.0030924499999999996
RCN/BTC,1609882631506,2021-01-05T21:37:11.506Z,buy,1.27e-06,384.0,0.00048768
RCN/BTC,1609882694989,2021-01-05T21:38:14.989Z,buy,1.27e-06,2420.0,0.0030733999999999996
RCN/BTC,1609883095144,2021-01-05T21:44:55.144Z,buy,1.27e-06,133.0,0.00016890999999999998
RCN/BTC,1609883146136,2021-01-05T21:45:46.136Z,sell,1.26e-06,5000.0,0.0063
RCN/BTC,1609883199376,2021-01-05T21:46:39.376Z,sell,1.26e-06,456.0,0.00057456
RCN/BTC,1609883478526,2021-01-05T21:51:18.526Z,buy,1.27e-06,350.0,0.00044449999999999996
RCN/BTC,1609883645811,2021-01-05T21:54:05.811Z,buy,1.27e-06,490.0,0.0006223
RCN/BTC,1609883663519,2021-01-05T21:54:23.519Z,buy,1.27e-06,261.0,0.00033147
RCN/BTC,1609883802595,2021-01-05T21:56:42.595Z,buy,1.27e-06,32682.0,0.04150614
RCN/BTC,1609883802595,2021-01-05T21:56:42.595Z,buy,1.28e-06,24058.0,0.03079424
RCN/BTC,1609883815954,2021-01-05T21:56:55.954Z,buy,1.29e-06,2760.0,0.0035604
RCN/BTC,1609883855011,2021-01-05T21:57:35.011Z,buy,1.29e-06,11581.0,0.01493949
RCN/BTC,1609883855650,2021-01-05T21:57:35.650Z,sell,1.29e-06,7674.0,0.009899459999999999
RCN/BTC,1609883855716,2021-01-05T21:57:35.716Z,sell,1.29e-06,2302.0,0.00296958
RCN/BTC,1609883887893,2021-01-05T21:58:07.893Z,sell,1.29e-06,80.0,0.00010319999999999999
RCN/BTC,1609883947913,2021-01-05T21:59:07.913Z,sell,1.29e-06,79.0,0.00010190999999999999
RCN/BTC,1609883947913,2021-01-05T21:59:07.913Z,sell,1.29e-06,79.0,0.00010190999999999999
RCN/BTC,1609884067897,2021-01-05T22:01:07.897Z,sell,1.29e-06,79.0,0.00010190999999999999
RCN/BTC,1609884100354,2021-01-05T22:01:40.354Z,sell,1.29e-06,1172.0,0.00151188
RCN/BTC,1609884174215,2021-01-05T22:02:54.215Z,sell,1.29e-06,428.0,0.00055212
RCN/BTC,1609884187632,2021-01-05T22:03:07.632Z,sell,1.29e-06,691.0,0.0008913899999999999
RCN/BTC,1609884192615,2021-01-05T22:03:12.615Z,buy,1.3e-06,403.0,0.0005239
RCN/BTC,1609884209187,2021-01-05T22:03:29.187Z,sell,1.29e-06,2109.0,0.00272061
RCN/BTC,1609884216202,2021-01-05T22:03:36.202Z,sell,1.29e-06,1979.0,0.00255291
RCN/BTC,1609884304194,2021-01-05T22:05:04.194Z,sell,1.29e-06,102.0,0.00013157999999999998
RCN/BTC,1609884317214,2021-01-05T22:05:17.214Z,buy,1.3e-06,2881.0,0.0037453
RCN/BTC,1609884341809,2021-01-05T22:05:41.809Z,sell,1.29e-06,160.0,0.00020639999999999998
RCN/BTC,1609884473509,2021-01-05T22:07:53.509Z,buy,1.3e-06,2300.0,0.00299
RCN/BTC,1609884589670,2021-01-05T22:09:49.670Z,sell,1.29e-06,381.0,0.00049149
RCN/BTC,1609884594941,2021-01-05T22:09:54.941Z,sell,1.29e-06,320.0,0.00041279999999999995
RCN/BTC,1609884652562,2021-01-05T22:10:52.562Z,buy,1.3e-06,287.0,0.0003731
RCN/BTC,1609884695711,2021-01-05T22:11:35.711Z,sell,1.29e-06,1040.0,0.0013415999999999999
RCN/BTC,1609884726557,2021-01-05T22:12:06.557Z,buy,1.3e-06,2733.0,0.0035529000000000003
RCN/BTC,1609884757888,2021-01-05T22:12:37.888Z,sell,1.29e-06,2649.0,0.00341721
RCN/BTC,1609884763387,2021-01-05T22:12:43.387Z,sell,1.29e-06,2346.0,0.0030263399999999998
RCN/BTC,1609884765049,2021-01-05T22:12:45.049Z,buy,1.3e-06,233.0,0.0003029
RCN/BTC,1609884955124,2021-01-05T22:15:55.124Z,sell,1.29e-06,271.0,0.00034959
RCN/BTC,1609885064493,2021-01-05T22:17:44.493Z,sell,1.29e-06,101.0,0.00013029
RCN/BTC,1609885134994,2021-01-05T22:18:54.994Z,buy,1.3e-06,144.0,0.0001872
RCN/BTC,1609885334569,2021-01-05T22:22:14.569Z,sell,1.29e-06,6754.0,0.008712659999999999
RCN/BTC,1609885476446,2021-01-05T22:24:36.446Z,sell,1.29e-06,7535.0,0.00972015
RCN/BTC,1609885567929,2021-01-05T22:26:07.929Z,buy,1.29e-06,78.0,0.00010062
RCN/BTC,1609885637350,2021-01-05T22:27:17.350Z,buy,1.29e-06,16161.0,0.02084769
RCN/BTC,1609885905729,2021-01-05T22:31:45.729Z,sell,1.29e-06,7277.0,0.00938733
RCN/BTC,1609885905729,2021-01-05T22:31:45.729Z,sell,1.28e-06,10934.0,0.013995520000000001
RCN/BTC,1609885945458,2021-01-05T22:32:25.458Z,buy,1.3e-06,4182.0,0.0054366
RCN/BTC,1609885945896,2021-01-05T22:32:25.896Z,sell,1.3e-06,846.0,0.0010998
RCN/BTC,1609885974506,2021-01-05T22:32:54.506Z,sell,1.3e-06,2900.0,0.0037700000000000003
RCN/BTC,1609885975922,2021-01-05T22:32:55.922Z,sell,1.3e-06,2130.0,0.002769
RCN/BTC,1609886090567,2021-01-05T22:34:50.567Z,buy,1.3e-06,258.0,0.0003354
RCN/BTC,1609886173599,2021-01-05T22:36:13.599Z,sell,1.29e-06,161.0,0.00020768999999999999
RCN/BTC,1609886378895,2021-01-05T22:39:38.895Z,sell,1.29e-06,1565.0,0.00201885
RCN/BTC,1609886412231,2021-01-05T22:40:12.231Z,sell,1.29e-06,400.0,0.000516
RCN/BTC,1609886562665,2021-01-05T22:42:42.665Z,sell,1.29e-06,628.0,0.00081012
RCN/BTC,1609886707421,2021-01-05T22:45:07.421Z,sell,1.29e-06,2746.0,0.0035423399999999997
RCN/BTC,1609886707703,2021-01-05T22:45:07.703Z,sell,1.28e-06,1699.0,0.00217472
RCN/BTC,1609886754182,2021-01-05T22:45:54.182Z,sell,1.28e-06,214.0,0.00027392
RCN/BTC,1609886773240,2021-01-05T22:46:13.240Z,sell,1.28e-06,160.0,0.0002048
RCN/BTC,1609886994908,2021-01-05T22:49:54.908Z,sell,1.28e-06,230.0,0.0002944
RCN/BTC,1609887272348,2021-01-05T22:54:32.348Z,sell,1.28e-06,11672.0,0.014940160000000001
RCN/BTC,1609887272348,2021-01-05T22:54:32.348Z,sell,1.27e-06,270.0,0.0003429
RCN/BTC,1609887355389,2021-01-05T22:55:55.389Z,sell,1.28e-06,227.0,0.00029056
RCN/BTC,1609887355389,2021-01-05T22:55:55.389Z,sell,1.28e-06,227.0,0.00029056
RCN/BTC,1609887590420,2021-01-05T22:59:50.420Z,buy,1.29e-06,2099.0,0.00270771
RCN/BTC,1609887594039,2021-01-05T22:59:54.039Z,buy,1.29e-06,508.0,0.0006553199999999999
RCN/BTC,1609887848504,2021-01-05T23:04:08.504Z,buy,1.29e-06,2600.0,0.0033539999999999998
RCN/BTC,1609888028875,2021-01-05T23:07:08.875Z,buy,1.29e-06,293.0,0.00037797
RCN/BTC,1609888028875,2021-01-05T23:07:08.875Z,buy,1.3e-06,2340.0,0.003042
RCN/BTC,1609888062574,2021-01-05T23:07:42.574Z,sell,1.29e-06,1362.0,0.00175698
RCN/BTC,1609888118224,2021-01-05T23:08:38.224Z,sell,1.29e-06,1527.0,0.00196983
RCN/BTC,1609888244637,2021-01-05T23:10:44.637Z,buy,1.3e-06,2204.0,0.0028652
RCN/BTC,1609888251817,2021-01-05T23:10:51.817Z,buy,1.3e-06,534.0,0.0006942000000000001
RCN/BTC,1609888259098,2021-01-05T23:10:59.098Z,sell,1.29e-06,867.0,0.00111843
RCN/BTC,1609888261494,2021-01-05T23:11:01.494Z,buy,1.3e-06,178.0,0.00023140000000000001
RCN/BTC,1609888273135,2021-01-05T23:11:13.135Z,sell,1.29e-06,1049.0,0.0013532099999999999
RCN/BTC,1609888317833,2021-01-05T23:11:57.833Z,sell,1.29e-06,2913.0,0.0037577699999999997
RCN/BTC,1609888613553,2021-01-05T23:16:53.553Z,buy,1.3e-06,2735.0,0.0035555
RCN/BTC,1609888757491,2021-01-05T23:19:17.491Z,sell,1.29e-06,4544.0,0.00586176
RCN/BTC,1609888854411,2021-01-05T23:20:54.411Z,sell,1.29e-06,130.0,0.00016769999999999998
RCN/BTC,1609888934870,2021-01-05T23:22:14.870Z,sell,1.29e-06,903.0,0.00116487
RCN/BTC,1609889272381,2021-01-05T23:27:52.381Z,sell,1.29e-06,4228.0,0.00545412
RCN/BTC,1609889454732,2021-01-05T23:30:54.732Z,sell,1.29e-06,369.0,0.00047600999999999996
RCN/BTC,1609889534092,2021-01-05T23:32:14.092Z,sell,1.29e-06,379.0,0.00048891
RCN/BTC,1609889716736,2021-01-05T23:35:16.736Z,sell,1.29e-06,910.0,0.0011738999999999999
RCN/BTC,1609890021858,2021-01-05T23:40:21.858Z,sell,1.29e-06,12363.0,0.01594827
RCN/BTC,1609890098725,2021-01-05T23:41:38.725Z,sell,1.29e-06,639.0,0.00082431
RCN/BTC,1609890173722,2021-01-05T23:42:53.722Z,sell,1.29e-06,151.0,0.00019479
RCN/BTC,1609890282808,2021-01-05T23:44:42.808Z,buy,1.3e-06,5500.0,0.00715
RCN/BTC,1609890294302,2021-01-05T23:44:54.302Z,sell,1.3e-06,191.0,0.0002483
RCN/BTC,1609890307951,2021-01-05T23:45:07.951Z,sell,1.3e-06,79.0,0.0001027
RCN/BTC,1609890338326,2021-01-05T23:45:38.326Z,sell,1.3e-06,2344.0,0.0030472
RCN/BTC,1609890367939,2021-01-05T23:46:07.939Z,sell,1.3e-06,78.0,0.0001014
RCN/BTC,1609890372967,2021-01-05T23:46:12.967Z,sell,1.3e-06,188.0,0.00024440000000000003
RCN/BTC,1609890376079,2021-01-05T23:46:16.079Z,sell,1.3e-06,990.0,0.001287
RCN/BTC,1609890581835,2021-01-05T23:49:41.835Z,sell,1.3e-06,80.0,0.00010400000000000001
RCN/BTC,1609890614858,2021-01-05T23:50:14.858Z,buy,1.31e-06,10500.0,0.013755
RCN/BTC,1609890639064,2021-01-05T23:50:39.064Z,sell,1.31e-06,4570.0,0.0059867
RCN/BTC,1609890642953,2021-01-05T23:50:42.953Z,sell,1.31e-06,1624.0,0.00212744
RCN/BTC,1609890681789,2021-01-05T23:51:21.789Z,buy,1.32e-06,13529.0,0.01785828
RCN/BTC,1609890717986,2021-01-05T23:51:57.986Z,sell,1.31e-06,1139.0,0.00149209
RCN/BTC,1609890732330,2021-01-05T23:52:12.330Z,buy,1.32e-06,4709.0,0.00621588
RCN/BTC,1609890792021,2021-01-05T23:53:12.021Z,sell,1.31e-06,1139.0,0.00149209
RCN/BTC,1609890872516,2021-01-05T23:54:32.516Z,buy,1.32e-06,3032.0,0.00400224
RCN/BTC,1609890878250,2021-01-05T23:54:38.250Z,sell,1.31e-06,1141.0,0.00149471
RCN/BTC,1609890934822,2021-01-05T23:55:34.822Z,buy,1.32e-06,4125.0,0.005445
RCN/BTC,1609890934822,2021-01-05T23:55:34.822Z,buy,1.32e-06,4125.0,0.005445
RCN/BTC,1609890958158,2021-01-05T23:55:58.158Z,sell,1.31e-06,1139.0,0.00149209
RCN/BTC,1609890973297,2021-01-05T23:56:13.297Z,sell,1.31e-06,231.0,0.00030261
RCN/BTC,1609890980541,2021-01-05T23:56:20.541Z,buy,1.32e-06,76.0,0.00010032
RCN/BTC,1609891029324,2021-01-05T23:57:09.324Z,sell,1.31e-06,1139.0,0.00149209
RCN/BTC,1609891104961,2021-01-05T23:58:24.961Z,sell,1.31e-06,1141.0,0.00149471
RCN/BTC,1609891184002,2021-01-05T23:59:44.002Z,sell,1.31e-06,1141.0,0.00149471
RCN/BTC,1609891333845,2021-01-06T00:02:13.845Z,sell,1.31e-06,20904.0,0.02738424
RCN/BTC,1609891366036,2021-01-06T00:02:46.036Z,sell,1.31e-06,183.0,0.00023972999999999998
RCN/BTC,1609891418261,2021-01-06T00:03:38.261Z,buy,1.32e-06,147.0,0.00019404
RCN/BTC,1609891434500,2021-01-06T00:03:54.500Z,sell,1.32e-06,200.0,0.000264
RCN/BTC,1609891438726,2021-01-06T00:03:58.726Z,sell,1.32e-06,1455.0,0.0019206000000000002
RCN/BTC,1609891441923,2021-01-06T00:04:01.923Z,sell,1.32e-06,385.0,0.0005082
RCN/BTC,1609891442193,2021-01-06T00:04:02.193Z,sell,1.32e-06,77.0,0.00010164000000000001
RCN/BTC,1609891448357,2021-01-06T00:04:08.357Z,sell,1.32e-06,2204.0,0.00290928
RCN/BTC,1609891453076,2021-01-06T00:04:13.076Z,sell,1.32e-06,385.0,0.0005082
RCN/BTC,1609891464422,2021-01-06T00:04:24.422Z,sell,1.32e-06,278.0,0.00036696
RCN/BTC,1609891476413,2021-01-06T00:04:36.413Z,sell,1.32e-06,374.0,0.00049368
RCN/BTC,1609891486349,2021-01-06T00:04:46.349Z,buy,1.33e-06,834.0,0.00110922
RCN/BTC,1609891488814,2021-01-06T00:04:48.814Z,sell,1.32e-06,861.0,0.00113652
RCN/BTC,1609891507253,2021-01-06T00:05:07.253Z,sell,1.31e-06,116.0,0.00015196
RCN/BTC,1609891719834,2021-01-06T00:08:39.834Z,buy,1.32e-06,2241.0,0.0029581200000000003
RCN/BTC,1609891835545,2021-01-06T00:10:35.545Z,sell,1.31e-06,4651.0,0.00609281
RCN/BTC,1609891837664,2021-01-06T00:10:37.664Z,buy,1.32e-06,5913.0,0.00780516
RCN/BTC,1609891837664,2021-01-06T00:10:37.664Z,buy,1.33e-06,2378.0,0.00316274
RCN/BTC,1609891869936,2021-01-06T00:11:09.936Z,buy,1.32e-06,5500.0,0.00726
RCN/BTC,1609891869936,2021-01-06T00:11:09.936Z,buy,1.33e-06,10567.0,0.01405411
RCN/BTC,1609891869936,2021-01-06T00:11:09.936Z,buy,1.34e-06,29917.0,0.040088780000000004
RCN/BTC,1609891876353,2021-01-06T00:11:16.353Z,buy,1.34e-06,590.0,0.0007906
RCN/BTC,1609891894358,2021-01-06T00:11:34.358Z,sell,1.33e-06,5000.0,0.00665
RCN/BTC,1609891896110,2021-01-06T00:11:36.110Z,sell,1.33e-06,500.0,0.000665
RCN/BTC,1609891896110,2021-01-06T00:11:36.110Z,sell,1.32e-06,414.0,0.00054648
RCN/BTC,1609891902608,2021-01-06T00:11:42.608Z,buy,1.34e-06,1765.0,0.0023651
RCN/BTC,1609891905128,2021-01-06T00:11:45.128Z,sell,1.32e-06,998.0,0.00131736
RCN/BTC,1609891915704,2021-01-06T00:11:55.704Z,sell,1.32e-06,691.0,0.0009121200000000001
RCN/BTC,1609891948637,2021-01-06T00:12:28.637Z,sell,1.32e-06,962.0,0.0012698400000000002
RCN/BTC,1609891969342,2021-01-06T00:12:49.342Z,sell,1.32e-06,9078.0,0.01198296
RCN/BTC,1609891992371,2021-01-06T00:13:12.371Z,sell,1.32e-06,2888.0,0.00381216
RCN/BTC,1609892259051,2021-01-06T00:17:39.051Z,buy,1.33e-06,834.0,0.00110922
RCN/BTC,1609892294152,2021-01-06T00:18:14.152Z,sell,1.32e-06,3994.0,0.00527208
RCN/BTC,1609892394433,2021-01-06T00:19:54.433Z,sell,1.32e-06,306.0,0.00040392
RCN/BTC,1609892475611,2021-01-06T00:21:15.611Z,sell,1.32e-06,149.0,0.00019668000000000002
RCN/BTC,1609892521092,2021-01-06T00:22:01.092Z,sell,1.32e-06,165.0,0.0002178
RCN/BTC,1609892694839,2021-01-06T00:24:54.839Z,sell,1.32e-06,127.0,0.00016764000000000001
RCN/BTC,1609892846342,2021-01-06T00:27:26.342Z,buy,1.33e-06,216.0,0.00028728
RCN/BTC,1609892860058,2021-01-06T00:27:40.058Z,buy,1.33e-06,834.0,0.00110922
RCN/BTC,1609892874664,2021-01-06T00:27:54.664Z,sell,1.32e-06,376.0,0.0004963200000000001
RCN/BTC,1609892928790,2021-01-06T00:28:48.790Z,buy,1.33e-06,75.0,9.975e-05
RCN/BTC,1609893037420,2021-01-06T00:30:37.420Z,buy,1.33e-06,9068.0,0.01206044
RCN/BTC,1609893042365,2021-01-06T00:30:42.365Z,buy,1.33e-06,5368.0,0.0071394399999999995
RCN/BTC,1609893055730,2021-01-06T00:30:55.730Z,buy,1.33e-06,259.0,0.00034447
RCN/BTC,1609893150402,2021-01-06T00:32:30.402Z,buy,1.34e-06,10272.0,0.01376448
RCN/BTC,1609893150402,2021-01-06T00:32:30.402Z,buy,1.35e-06,1.0,1.35e-06
RCN/BTC,1609893175836,2021-01-06T00:32:55.836Z,sell,1.33e-06,930.0,0.0012369
RCN/BTC,1609893182353,2021-01-06T00:33:02.353Z,sell,1.33e-06,930.0,0.0012369
RCN/BTC,1609893194296,2021-01-06T00:33:14.296Z,sell,1.33e-06,3025.0,0.00402325
RCN/BTC,1609893303871,2021-01-06T00:35:03.871Z,sell,1.33e-06,103.0,0.00013699
RCN/BTC,1609893355116,2021-01-06T00:35:55.116Z,sell,1.33e-06,486.0,0.00064638
RCN/BTC,1609893418333,2021-01-06T00:36:58.333Z,sell,1.34e-06,89.0,0.00011926
RCN/BTC,1609893430148,2021-01-06T00:37:10.148Z,sell,1.34e-06,1118.0,0.0014981200000000001
RCN/BTC,1609893432505,2021-01-06T00:37:12.505Z,sell,1.34e-06,381.0,0.0005105400000000001
RCN/BTC,1609893434196,2021-01-06T00:37:14.196Z,sell,1.34e-06,152.0,0.00020368
RCN/BTC,1609893447548,2021-01-06T00:37:27.548Z,sell,1.34e-06,2637.0,0.00353358
RCN/BTC,1609893474699,2021-01-06T00:37:54.699Z,sell,1.34e-06,148.0,0.00019832
RCN/BTC,1609893506720,2021-01-06T00:38:26.720Z,sell,1.34e-06,1118.0,0.0014981200000000001
RCN/BTC,1609893546968,2021-01-06T00:39:06.968Z,buy,1.35e-06,81.0,0.00010935
RCN/BTC,1609893554644,2021-01-06T00:39:14.644Z,buy,1.35e-06,1086.0,0.0014661
RCN/BTC,1609893585816,2021-01-06T00:39:45.816Z,sell,1.34e-06,1118.0,0.0014981200000000001
RCN/BTC,1609893627701,2021-01-06T00:40:27.701Z,buy,1.35e-06,3573.0,0.00482355
RCN/BTC,1609893653923,2021-01-06T00:40:53.923Z,buy,1.35e-06,615.0,0.00083025
RCN/BTC,1609893658224,2021-01-06T00:40:58.224Z,sell,1.34e-06,1118.0,0.0014981200000000001
RCN/BTC,1609893735303,2021-01-06T00:42:15.303Z,sell,1.34e-06,1118.0,0.0014981200000000001
RCN/BTC,1609893774100,2021-01-06T00:42:54.100Z,buy,1.35e-06,2795.0,0.00377325
RCN/BTC,1609893808504,2021-01-06T00:43:28.504Z,sell,1.34e-06,1118.0,0.0014981200000000001
RCN/BTC,1609893834654,2021-01-06T00:43:54.654Z,buy,1.35e-06,150.0,0.0002025
RCN/BTC,1609893887040,2021-01-06T00:44:47.040Z,sell,1.34e-06,712.0,0.00095408
RCN/BTC,1609893898351,2021-01-06T00:44:58.351Z,sell,1.34e-06,316.0,0.00042344
RCN/BTC,1609893976000,2021-01-06T00:46:16.000Z,buy,1.34e-06,153.0,0.00020502
RCN/BTC,1609894005756,2021-01-06T00:46:45.756Z,buy,1.34e-06,4937.0,0.00661558
RCN/BTC,1609894005756,2021-01-06T00:46:45.756Z,buy,1.35e-06,2402.0,0.0032427
RCN/BTC,1609894074440,2021-01-06T00:47:54.440Z,sell,1.33e-06,325.0,0.00043225
RCN/BTC,1609894074440,2021-01-06T00:47:54.440Z,sell,1.33e-06,243.0,0.00032319
RCN/BTC,1609894194659,2021-01-06T00:49:54.659Z,buy,1.35e-06,308.0,0.0004158
RCN/BTC,1609894206284,2021-01-06T00:50:06.284Z,buy,1.35e-06,1299.0,0.00175365
RCN/BTC,1609894254884,2021-01-06T00:50:54.884Z,buy,1.35e-06,2798.0,0.0037773
RCN/BTC,1609894435936,2021-01-06T00:53:55.936Z,buy,1.35e-06,179.0,0.00024165
RCN/BTC,1609894453492,2021-01-06T00:54:13.492Z,buy,1.35e-06,277.0,0.00037395
RCN/BTC,1609894480058,2021-01-06T00:54:40.058Z,buy,1.35e-06,17560.0,0.023706
RCN/BTC,1609894480058,2021-01-06T00:54:40.058Z,buy,1.36e-06,76389.0,0.10388903999999999
RCN/BTC,1609894494476,2021-01-06T00:54:54.476Z,sell,1.35e-06,108.0,0.0001458
RCN/BTC,1609894495300,2021-01-06T00:54:55.300Z,buy,1.37e-06,186.0,0.00025482
RCN/BTC,1609894495300,2021-01-06T00:54:55.300Z,buy,1.37e-06,186.0,0.00025482
RCN/BTC,1609894574932,2021-01-06T00:56:14.932Z,sell,1.35e-06,5392.0,0.0072791999999999996
RCN/BTC,1609894673514,2021-01-06T00:57:53.514Z,sell,1.34e-06,446.0,0.0005976400000000001
RCN/BTC,1609894793469,2021-01-06T00:59:53.469Z,sell,1.34e-06,431.0,0.0005775400000000001
RCN/BTC,1609894844846,2021-01-06T01:00:44.846Z,sell,1.34e-06,7448.0,0.00998032
RCN/BTC,1609894847264,2021-01-06T01:00:47.264Z,sell,1.34e-06,5138.0,0.00688492
RCN/BTC,1609894847264,2021-01-06T01:00:47.264Z,sell,1.33e-06,2310.0,0.0030723
RCN/BTC,1609894849464,2021-01-06T01:00:49.464Z,sell,1.33e-06,7448.0,0.009905839999999999
RCN/BTC,1609894851285,2021-01-06T01:00:51.285Z,sell,1.33e-06,7448.0,0.009905839999999999
RCN/BTC,1609894853476,2021-01-06T01:00:53.476Z,sell,1.33e-06,7448.0,0.009905839999999999
RCN/BTC,1609894855470,2021-01-06T01:00:55.470Z,sell,1.33e-06,7448.0,0.009905839999999999
RCN/BTC,1609894857445,2021-01-06T01:00:57.445Z,sell,1.33e-06,5717.0,0.00760361
RCN/BTC,1609894857445,2021-01-06T01:00:57.445Z,sell,1.32e-06,1731.0,0.00228492
RCN/BTC,1609894859204,2021-01-06T01:00:59.204Z,sell,1.32e-06,6283.0,0.00829356
RCN/BTC,1609894934827,2021-01-06T01:02:14.827Z,sell,1.32e-06,161.0,0.00021252
RCN/BTC,1609894975268,2021-01-06T01:02:55.268Z,buy,1.33e-06,167.0,0.00022211
RCN/BTC,1609894975282,2021-01-06T01:02:55.282Z,buy,1.33e-06,4916.0,0.00653828
RCN/BTC,1609895154910,2021-01-06T01:05:54.910Z,sell,1.32e-06,3601.0,0.00475332
RCN/BTC,1609895294991,2021-01-06T01:08:14.991Z,sell,1.32e-06,334.0,0.00044088000000000005
RCN/BTC,1609895317120,2021-01-06T01:08:37.120Z,sell,1.32e-06,2661.0,0.0035125200000000003
RCN/BTC,1609895336159,2021-01-06T01:08:56.159Z,sell,1.32e-06,2513.0,0.00331716
RCN/BTC,1609895572966,2021-01-06T01:12:52.966Z,sell,1.32e-06,6657.0,0.00878724
RCN/BTC,1609895684558,2021-01-06T01:14:44.558Z,buy,1.34e-06,81.0,0.00010854
RCN/BTC,1609895755609,2021-01-06T01:15:55.609Z,sell,1.32e-06,181.0,0.00023892000000000002
RCN/BTC,1609895874974,2021-01-06T01:17:54.974Z,sell,1.32e-06,336.0,0.00044352000000000004
RCN/BTC,1609895933841,2021-01-06T01:18:53.841Z,sell,1.32e-06,1631.0,0.00215292
RCN/BTC,1609896116474,2021-01-06T01:21:56.474Z,sell,1.32e-06,596.0,0.0007867200000000001
RCN/BTC,1609896131827,2021-01-06T01:22:11.827Z,sell,1.32e-06,1725.0,0.002277
RCN/BTC,1609896152900,2021-01-06T01:22:32.900Z,sell,1.32e-06,102.0,0.00013464
RCN/BTC,1609896174440,2021-01-06T01:22:54.440Z,sell,1.32e-06,2031.0,0.0026809200000000003
RCN/BTC,1609896196115,2021-01-06T01:23:16.115Z,sell,1.32e-06,85320.0,0.11262240000000001
RCN/BTC,1609896320062,2021-01-06T01:25:20.062Z,sell,1.32e-06,42067.0,0.055528440000000005
RCN/BTC,1609896476000,2021-01-06T01:27:56.000Z,sell,1.31e-06,362.0,0.00047421999999999997
RCN/BTC,1609896493881,2021-01-06T01:28:13.881Z,sell,1.31e-06,885.0,0.00115935
RCN/BTC,1609896504158,2021-01-06T01:28:24.158Z,sell,1.31e-06,500.0,0.000655
RCN/BTC,1609896520621,2021-01-06T01:28:40.621Z,sell,1.31e-06,500.0,0.000655
RCN/BTC,1609896624228,2021-01-06T01:30:24.228Z,sell,1.31e-06,1299.0,0.0017016899999999998
RCN/BTC,1609896654687,2021-01-06T01:30:54.687Z,buy,1.32e-06,300.0,0.00039600000000000003
RCN/BTC,1609896714984,2021-01-06T01:31:54.984Z,sell,1.31e-06,543.0,0.0007113299999999999
RCN/BTC,1609896907221,2021-01-06T01:35:07.221Z,sell,1.31e-06,4685.0,0.00613735
RCN/BTC,1609897014579,2021-01-06T01:36:54.579Z,sell,1.31e-06,136.0,0.00017816
RCN/BTC,1609897076006,2021-01-06T01:37:56.006Z,buy,1.32e-06,571.0,0.00075372
RCN/BTC,1609897214096,2021-01-06T01:40:14.096Z,sell,1.31e-06,8042.0,0.010535019999999999
RCN/BTC,1609897315537,2021-01-06T01:41:55.537Z,sell,1.31e-06,177.0,0.00023187
RCN/BTC,1609897374913,2021-01-06T01:42:54.913Z,buy,1.32e-06,171.0,0.00022572
RCN/BTC,1609897379726,2021-01-06T01:42:59.726Z,buy,1.32e-06,7945.0,0.010487400000000001
RCN/BTC,1609897514702,2021-01-06T01:45:14.702Z,sell,1.31e-06,2771.0,0.00363001
RCN/BTC,1609897576197,2021-01-06T01:46:16.197Z,buy,1.32e-06,2029.0,0.0026782800000000003
RCN/BTC,1609897674445,2021-01-06T01:47:54.445Z,sell,1.31e-06,737.0,0.00096547
RCN/BTC,1609897691364,2021-01-06T01:48:11.364Z,sell,1.31e-06,2274.0,0.00297894
RCN/BTC,1609897735229,2021-01-06T01:48:55.229Z,buy,1.32e-06,172.0,0.00022704000000000002
RCN/BTC,1609897796464,2021-01-06T01:49:56.464Z,sell,1.31e-06,217.0,0.00028427
RCN/BTC,1609897808106,2021-01-06T01:50:08.106Z,buy,1.32e-06,93.0,0.00012276
RCN/BTC,1609897815182,2021-01-06T01:50:15.182Z,buy,1.32e-06,189.0,0.00024948
RCN/BTC,1609897854770,2021-01-06T01:50:54.770Z,sell,1.31e-06,302.0,0.00039562
RCN/BTC,1609897860568,2021-01-06T01:51:00.568Z,buy,1.32e-06,2537.0,0.00334884
RCN/BTC,1609897966690,2021-01-06T01:52:46.690Z,buy,1.32e-06,224.0,0.00029568
RCN/BTC,1609897984833,2021-01-06T01:53:04.833Z,buy,1.32e-06,1050.0,0.001386
RCN/BTC,1609897984833,2021-01-06T01:53:04.833Z,buy,1.32e-06,1050.0,0.001386
RCN/BTC,1609898149728,2021-01-06T01:55:49.728Z,buy,1.32e-06,907.0,0.00119724
RCN/BTC,1609898171352,2021-01-06T01:56:11.352Z,sell,1.32e-06,4121.0,0.00543972
RCN/BTC,1609898174723,2021-01-06T01:56:14.723Z,sell,1.32e-06,641.0,0.00084612
RCN/BTC,1609898187705,2021-01-06T01:56:27.705Z,buy,1.33e-06,310.0,0.0004123
RCN/BTC,1609898204262,2021-01-06T01:56:44.262Z,sell,1.32e-06,3569.0,0.00471108
RCN/BTC,1609898415862,2021-01-06T02:00:15.862Z,buy,1.33e-06,381.0,0.0005067299999999999
RCN/BTC,1609898476713,2021-01-06T02:01:16.713Z,sell,1.32e-06,122.0,0.00016104000000000002
RCN/BTC,1609898576293,2021-01-06T02:02:56.293Z,buy,1.33e-06,1409.0,0.00187397
RCN/BTC,1609898654419,2021-01-06T02:04:14.419Z,sell,1.32e-06,268.0,0.00035376
RCN/BTC,1609898697834,2021-01-06T02:04:57.834Z,buy,1.33e-06,141.0,0.00018753
RCN/BTC,1609898860574,2021-01-06T02:07:40.574Z,buy,1.33e-06,235.0,0.00031255
RCN/BTC,1609898996149,2021-01-06T02:09:56.149Z,sell,1.32e-06,2833.0,0.0037395600000000003
RCN/BTC,1609899055757,2021-01-06T02:10:55.757Z,sell,1.32e-06,2000.0,0.00264
RCN/BTC,1609899175277,2021-01-06T02:12:55.277Z,buy,1.33e-06,144.0,0.00019151999999999998
RCN/BTC,1609899238134,2021-01-06T02:13:58.134Z,sell,1.32e-06,735.0,0.0009702000000000001
RCN/BTC,1609899275727,2021-01-06T02:14:35.727Z,buy,1.33e-06,12524.0,0.01665692
RCN/BTC,1609899275727,2021-01-06T02:14:35.727Z,buy,1.34e-06,7330.0,0.009822200000000001
RCN/BTC,1609899489015,2021-01-06T02:18:09.015Z,buy,1.34e-06,1733.0,0.0023222200000000003
RCN/BTC,1609899491411,2021-01-06T02:18:11.411Z,buy,1.34e-06,867.0,0.00116178
RCN/BTC,1609899521108,2021-01-06T02:18:41.108Z,sell,1.33e-06,956.0,0.00127148
RCN/BTC,1609899522822,2021-01-06T02:18:42.822Z,sell,1.33e-06,4544.0,0.00604352
RCN/BTC,1609899534593,2021-01-06T02:18:54.593Z,buy,1.34e-06,283.0,0.00037922000000000005
RCN/BTC,1609899535316,2021-01-06T02:18:55.316Z,sell,1.32e-06,601.0,0.00079332
RCN/BTC,1609899568396,2021-01-06T02:19:28.396Z,buy,1.34e-06,1417.0,0.00189878
RCN/BTC,1609899570593,2021-01-06T02:19:30.593Z,buy,1.34e-06,688.0,0.00092192
RCN/BTC,1609899598909,2021-01-06T02:19:58.909Z,buy,1.34e-06,86.0,0.00011524
RCN/BTC,1609899601141,2021-01-06T02:20:01.141Z,buy,1.34e-06,86.0,0.00011524
RCN/BTC,1609899913587,2021-01-06T02:25:13.587Z,sell,1.32e-06,121.0,0.00015972
RCN/BTC,1609899955339,2021-01-06T02:25:55.339Z,sell,1.32e-06,271.0,0.00035772
RCN/BTC,1609900075728,2021-01-06T02:27:55.728Z,sell,1.32e-06,126.0,0.00016632000000000002
RCN/BTC,1609900134126,2021-01-06T02:28:54.126Z,buy,1.33e-06,2529.0,0.0033635699999999998
RCN/BTC,1609900155377,2021-01-06T02:29:15.377Z,sell,1.32e-06,400.0,0.000528
RCN/BTC,1609900186303,2021-01-06T02:29:46.303Z,sell,1.32e-06,4346.0,0.005736720000000001
RCN/BTC,1609900255285,2021-01-06T02:30:55.285Z,sell,1.32e-06,333.0,0.00043956
RCN/BTC,1609900315512,2021-01-06T02:31:55.512Z,sell,1.32e-06,116.0,0.00015312
RCN/BTC,1609900324357,2021-01-06T02:32:04.357Z,sell,1.32e-06,43253.0,0.057093960000000006
RCN/BTC,1609900337200,2021-01-06T02:32:17.200Z,sell,1.32e-06,372.0,0.00049104
RCN/BTC,1609900436525,2021-01-06T02:33:56.525Z,sell,1.32e-06,833.0,0.00109956
RCN/BTC,1609900614680,2021-01-06T02:36:54.680Z,buy,1.33e-06,773.0,0.00102809
RCN/BTC,1609900614713,2021-01-06T02:36:54.713Z,sell,1.32e-06,620.0,0.0008184
RCN/BTC,1609900736248,2021-01-06T02:38:56.248Z,sell,1.32e-06,322.0,0.00042504
RCN/BTC,1609900755502,2021-01-06T02:39:15.502Z,buy,1.33e-06,310.0,0.0004123
RCN/BTC,1609900796449,2021-01-06T02:39:56.449Z,sell,1.32e-06,237.0,0.00031284
RCN/BTC,1609900874690,2021-01-06T02:41:14.690Z,buy,1.33e-06,1906.0,0.00253498
RCN/BTC,1609900915537,2021-01-06T02:41:55.537Z,sell,1.32e-06,547.0,0.0007220400000000001
RCN/BTC,1609900975260,2021-01-06T02:42:55.260Z,sell,1.31e-06,337.0,0.00044146999999999996
RCN/BTC,1609900977797,2021-01-06T02:42:57.797Z,sell,1.31e-06,17010.0,0.0222831
RCN/BTC,1609900977797,2021-01-06T02:42:57.797Z,sell,1.3e-06,29835.0,0.0387855
RCN/BTC,1609901100710,2021-01-06T02:45:00.710Z,sell,1.3e-06,1000.0,0.0013
RCN/BTC,1609901528228,2021-01-06T02:52:08.228Z,buy,1.31e-06,1817.0,0.00238027
RCN/BTC,1609901573848,2021-01-06T02:52:53.848Z,buy,1.31e-06,1441.0,0.00188771
RCN/BTC,1609901573848,2021-01-06T02:52:53.848Z,buy,1.31e-06,1441.0,0.00188771
RCN/BTC,1609901654475,2021-01-06T02:54:14.475Z,buy,1.31e-06,1818.0,0.00238158
RCN/BTC,1609901695162,2021-01-06T02:54:55.162Z,sell,1.3e-06,236.0,0.00030680000000000003
RCN/BTC,1609901755193,2021-01-06T02:55:55.193Z,buy,1.31e-06,142.0,0.00018601999999999998
RCN/BTC,1609901953397,2021-01-06T02:59:13.397Z,buy,1.31e-06,567.0,0.00074277
RCN/BTC,1609901996067,2021-01-06T02:59:56.067Z,sell,1.3e-06,350.0,0.000455
RCN/BTC,1609902005556,2021-01-06T03:00:05.556Z,buy,1.31e-06,822.0,0.00107682
RCN/BTC,1609902054308,2021-01-06T03:00:54.308Z,buy,1.31e-06,349.0,0.00045719
RCN/BTC,1609902074871,2021-01-06T03:01:14.871Z,buy,1.31e-06,284.0,0.00037203999999999997
RCN/BTC,1609902115909,2021-01-06T03:01:55.909Z,buy,1.31e-06,217.0,0.00028427
RCN/BTC,1609902121746,2021-01-06T03:02:01.746Z,sell,1.3e-06,201.0,0.0002613
RCN/BTC,1609902194925,2021-01-06T03:03:14.925Z,sell,1.3e-06,489.0,0.0006357
RCN/BTC,1609902261222,2021-01-06T03:04:21.222Z,sell,1.3e-06,10317.0,0.0134121
RCN/BTC,1609902396847,2021-01-06T03:06:36.847Z,sell,1.3e-06,3323.0,0.0043199
RCN/BTC,1609902414066,2021-01-06T03:06:54.066Z,sell,1.3e-06,129.0,0.0001677
RCN/BTC,1609902434709,2021-01-06T03:07:14.709Z,sell,1.3e-06,170.0,0.000221
RCN/BTC,1609902535488,2021-01-06T03:08:55.488Z,sell,1.3e-06,168.0,0.0002184
RCN/BTC,1609902635641,2021-01-06T03:10:35.641Z,buy,1.31e-06,10272.0,0.013456319999999999
RCN/BTC,1609902655500,2021-01-06T03:10:55.500Z,buy,1.31e-06,200.0,0.00026199999999999997
RCN/BTC,1609902655885,2021-01-06T03:10:55.885Z,sell,1.3e-06,683.0,0.0008879000000000001
RCN/BTC,1609902660858,2021-01-06T03:11:00.858Z,buy,1.31e-06,6047.0,0.00792157
RCN/BTC,1609902759762,2021-01-06T03:12:39.762Z,buy,1.31e-06,5276.0,0.00691156
RCN/BTC,1609902855319,2021-01-06T03:14:15.319Z,buy,1.31e-06,1587.0,0.00207897
RCN/BTC,1609902894261,2021-01-06T03:14:54.261Z,buy,1.31e-06,258.0,0.00033798
RCN/BTC,1609902902427,2021-01-06T03:15:02.427Z,sell,1.3e-06,8335.0,0.0108355
RCN/BTC,1609902951962,2021-01-06T03:15:51.962Z,buy,1.31e-06,4600.0,0.006026
RCN/BTC,1609902951962,2021-01-06T03:15:51.962Z,buy,1.32e-06,2900.0,0.0038280000000000002
RCN/BTC,1609903027452,2021-01-06T03:17:07.452Z,buy,1.32e-06,889.0,0.00117348
RCN/BTC,1609903066029,2021-01-06T03:17:46.029Z,buy,1.32e-06,1111.0,0.00146652
RCN/BTC,1609903194166,2021-01-06T03:19:54.166Z,sell,1.31e-06,152.0,0.00019912
RCN/BTC,1609903275334,2021-01-06T03:21:15.334Z,sell,1.31e-06,324.0,0.00042444
RCN/BTC,1609903375546,2021-01-06T03:22:55.546Z,buy,1.32e-06,142.0,0.00018744
RCN/BTC,1609903394963,2021-01-06T03:23:14.963Z,sell,1.31e-06,931.0,0.0012196099999999999
RCN/BTC,1609903556567,2021-01-06T03:25:56.567Z,buy,1.32e-06,2870.0,0.0037884000000000004
RCN/BTC,1609903695615,2021-01-06T03:28:15.615Z,sell,1.31e-06,1998.0,0.00261738
RCN/BTC,1609903795558,2021-01-06T03:29:55.558Z,sell,1.31e-06,110.0,0.0001441
RCN/BTC,1609903855545,2021-01-06T03:30:55.545Z,sell,1.31e-06,1590.0,0.0020829
RCN/BTC,1609903964359,2021-01-06T03:32:44.359Z,sell,1.31e-06,20995.0,0.02750345
RCN/BTC,1609904154905,2021-01-06T03:35:54.905Z,sell,1.31e-06,154.0,0.00020174
RCN/BTC,1609904214030,2021-01-06T03:36:54.030Z,buy,1.32e-06,199.0,0.00026268
RCN/BTC,1609904394714,2021-01-06T03:39:54.714Z,sell,1.31e-06,1000.0,0.00131
RCN/BTC,1609904634563,2021-01-06T03:43:54.563Z,buy,1.32e-06,185.0,0.0002442
RCN/BTC,1609904682824,2021-01-06T03:44:42.824Z,sell,1.31e-06,8783.0,0.011505729999999999
RCN/BTC,1609904834490,2021-01-06T03:47:14.490Z,sell,1.3e-06,115.0,0.0001495
RCN/BTC,1609905114751,2021-01-06T03:51:54.751Z,sell,1.3e-06,408.0,0.0005304
RCN/BTC,1609905137172,2021-01-06T03:52:17.172Z,buy,1.31e-06,4427.0,0.00579937
RCN/BTC,1609905137172,2021-01-06T03:52:17.172Z,buy,1.31e-06,4427.0,0.00579937
RCN/BTC,1609905434129,2021-01-06T03:57:14.129Z,sell,1.3e-06,114.0,0.0001482
RCN/BTC,1609905498476,2021-01-06T03:58:18.476Z,buy,1.31e-06,101.0,0.00013230999999999999
RCN/BTC,1609905771989,2021-01-06T04:02:51.989Z,sell,1.3e-06,1228.0,0.0015964
RCN/BTC,1609905835156,2021-01-06T04:03:55.156Z,sell,1.3e-06,487.0,0.0006331
RCN/BTC,1609905914677,2021-01-06T04:05:14.677Z,sell,1.3e-06,3567.0,0.0046371
RCN/BTC,1609906070416,2021-01-06T04:07:50.416Z,sell,1.3e-06,2880.0,0.003744
RCN/BTC,1609906273640,2021-01-06T04:11:13.640Z,sell,1.3e-06,515.0,0.0006695000000000001
RCN/BTC,1609906415378,2021-01-06T04:13:35.378Z,sell,1.3e-06,797.0,0.0010361
RCN/BTC,1609906426051,2021-01-06T04:13:46.051Z,sell,1.3e-06,80.0,0.00010400000000000001
RCN/BTC,1609906554133,2021-01-06T04:15:54.133Z,sell,1.3e-06,2880.0,0.003744
RCN/BTC,1609906625262,2021-01-06T04:17:05.262Z,sell,1.3e-06,153.0,0.0001989
RCN/BTC,1609906638065,2021-01-06T04:17:18.065Z,sell,1.3e-06,391.0,0.0005083
RCN/BTC,1609906716769,2021-01-06T04:18:36.769Z,sell,1.3e-06,8769.0,0.0113997
RCN/BTC,1609906751313,2021-01-06T04:19:11.313Z,sell,1.29e-06,20253.0,0.02612637
RCN/BTC,1609906807879,2021-01-06T04:20:07.879Z,buy,1.29e-06,78.0,0.00010062
RCN/BTC,1609906811889,2021-01-06T04:20:11.889Z,sell,1.28e-06,1305.0,0.0016704
RCN/BTC,1609906871573,2021-01-06T04:21:11.573Z,sell,1.28e-06,1364.0,0.00174592
RCN/BTC,1609906888475,2021-01-06T04:21:28.475Z,sell,1.28e-06,3154.0,0.00403712
RCN/BTC,1609906914237,2021-01-06T04:21:54.237Z,buy,1.29e-06,212.0,0.00027348
RCN/BTC,1609907033275,2021-01-06T04:23:53.275Z,buy,1.29e-06,2846.0,0.00367134
RCN/BTC,1609907066846,2021-01-06T04:24:26.846Z,sell,1.28e-06,2445.0,0.0031296
RCN/BTC,1609907071933,2021-01-06T04:24:31.933Z,buy,1.29e-06,176.0,0.00022704
RCN/BTC,1609907193938,2021-01-06T04:26:33.938Z,sell,1.28e-06,1600.0,0.002048
RCN/BTC,1609907232410,2021-01-06T04:27:12.410Z,sell,1.28e-06,8261.0,0.01057408
RCN/BTC,1609907286201,2021-01-06T04:28:06.201Z,sell,1.27e-06,2815.0,0.0035750499999999998
RCN/BTC,1609907310543,2021-01-06T04:28:30.543Z,sell,1.26e-06,586.0,0.00073836
RCN/BTC,1609907310543,2021-01-06T04:28:30.543Z,sell,1.25e-06,21914.0,0.027392500000000004
RCN/BTC,1609907340036,2021-01-06T04:29:00.036Z,sell,1.25e-06,6040.0,0.00755
RCN/BTC,1609907382610,2021-01-06T04:29:42.610Z,buy,1.25e-06,2400.0,0.003
RCN/BTC,1609907407956,2021-01-06T04:30:07.956Z,buy,1.25e-06,80.0,0.0001
RCN/BTC,1609907482039,2021-01-06T04:31:22.039Z,sell,1.24e-06,638.0,0.00079112
RCN/BTC,1609907482666,2021-01-06T04:31:22.666Z,buy,1.24e-06,2274.0,0.00281976
RCN/BTC,1609907482786,2021-01-06T04:31:22.786Z,buy,1.24e-06,3211.0,0.00398164
RCN/BTC,1609907482858,2021-01-06T04:31:22.858Z,buy,1.24e-06,3122.0,0.00387128
RCN/BTC,1609907508000,2021-01-06T04:31:48.000Z,buy,1.24e-06,3402.0,0.00421848
RCN/BTC,1609907512578,2021-01-06T04:31:52.578Z,buy,1.24e-06,1598.0,0.00198152
RCN/BTC,1609907514500,2021-01-06T04:31:54.500Z,buy,1.24e-06,2170.0,0.0026908
RCN/BTC,1609907515722,2021-01-06T04:31:55.722Z,sell,1.23e-06,749.0,0.0009212700000000001
RCN/BTC,1609907537937,2021-01-06T04:32:17.937Z,buy,1.24e-06,3127.0,0.00387748
RCN/BTC,1609907560196,2021-01-06T04:32:40.196Z,sell,1.23e-06,1659.0,0.0020405700000000002
RCN/BTC,1609907695680,2021-01-06T04:34:55.680Z,sell,1.23e-06,3110.0,0.0038253000000000002
RCN/BTC,1609907700841,2021-01-06T04:35:00.841Z,buy,1.24e-06,286.0,0.00035464
RCN/BTC,1609907700841,2021-01-06T04:35:00.841Z,buy,1.24e-06,98.0,0.00012152
RCN/BTC,1609907722635,2021-01-06T04:35:22.635Z,buy,1.24e-06,269.0,0.00033356
RCN/BTC,1609907760660,2021-01-06T04:36:00.660Z,sell,1.23e-06,620.0,0.0007626
RCN/BTC,1609907774735,2021-01-06T04:36:14.735Z,sell,1.23e-06,4661.0,0.00573303
RCN/BTC,1609907832602,2021-01-06T04:37:12.602Z,buy,1.24e-06,144.0,0.00017856
RCN/BTC,1609907894859,2021-01-06T04:38:14.859Z,sell,1.23e-06,156.0,0.00019188
RCN/BTC,1609907908805,2021-01-06T04:38:28.805Z,buy,1.24e-06,52693.0,0.06533931999999999
RCN/BTC,1609907935505,2021-01-06T04:38:55.505Z,sell,1.23e-06,159.0,0.00019557
RCN/BTC,1609907935704,2021-01-06T04:38:55.704Z,buy,1.25e-06,2932.0,0.0036650000000000003
RCN/BTC,1609907959582,2021-01-06T04:39:19.582Z,buy,1.25e-06,48596.0,0.06074500000000001
RCN/BTC,1609907959582,2021-01-06T04:39:19.582Z,buy,1.26e-06,432.0,0.00054432
RCN/BTC,1609908048894,2021-01-06T04:40:48.894Z,sell,1.25e-06,2865.0,0.0035812500000000002
RCN/BTC,1609908049165,2021-01-06T04:40:49.165Z,sell,1.25e-06,3719.0,0.00464875
RCN/BTC,1609908049231,2021-01-06T04:40:49.231Z,sell,1.25e-06,3719.0,0.00464875
RCN/BTC,1609908049285,2021-01-06T04:40:49.285Z,sell,1.25e-06,1849.0,0.0023112500000000004
RCN/BTC,1609908075338,2021-01-06T04:41:15.338Z,sell,1.24e-06,1057.0,0.00131068
RCN/BTC,1609908085308,2021-01-06T04:41:25.308Z,sell,1.24e-06,2028.0,0.00251472
RCN/BTC,1609908301397,2021-01-06T04:45:01.397Z,buy,1.25e-06,583.0,0.00072875
RCN/BTC,1609908369928,2021-01-06T04:46:09.928Z,buy,1.25e-06,830.0,0.0010375
RCN/BTC,1609908554132,2021-01-06T04:49:14.132Z,sell,1.24e-06,126.0,0.00015624
RCN/BTC,1609908705940,2021-01-06T04:51:45.940Z,sell,1.24e-06,2934.0,0.00363816
RCN/BTC,1609908714654,2021-01-06T04:51:54.654Z,sell,1.24e-06,10530.0,0.0130572
RCN/BTC,1609908714807,2021-01-06T04:51:54.807Z,buy,1.24e-06,1587.0,0.00196788
RCN/BTC,1609908714808,2021-01-06T04:51:54.808Z,buy,1.24e-06,4.0,4.96e-06
RCN/BTC,1609908714808,2021-01-06T04:51:54.808Z,buy,1.24e-06,4.0,4.96e-06
RCN/BTC,1609908740538,2021-01-06T04:52:20.538Z,sell,1.24e-06,313.0,0.00038812
RCN/BTC,1609908741900,2021-01-06T04:52:21.900Z,buy,1.25e-06,1206.0,0.0015075000000000002
RCN/BTC,1609908765823,2021-01-06T04:52:45.823Z,buy,1.25e-06,5000.0,0.00625
RCN/BTC,1609908765985,2021-01-06T04:52:45.985Z,buy,1.25e-06,4415.0,0.00551875
RCN/BTC,1609908834940,2021-01-06T04:53:54.940Z,buy,1.25e-06,1067.0,0.00133375
RCN/BTC,1609908836665,2021-01-06T04:53:56.665Z,buy,1.25e-06,3933.0,0.0049162500000000005
RCN/BTC,1609908862622,2021-01-06T04:54:22.622Z,sell,1.24e-06,843.0,0.00104532
RCN/BTC,1609908894557,2021-01-06T04:54:54.557Z,buy,1.25e-06,146.0,0.00018250000000000002
RCN/BTC,1609908957239,2021-01-06T04:55:57.239Z,buy,1.25e-06,569.0,0.0007112500000000001
RCN/BTC,1609908957239,2021-01-06T04:55:57.239Z,buy,1.26e-06,14881.0,0.01875006
RCN/BTC,1609908957239,2021-01-06T04:55:57.239Z,buy,1.27e-06,8874.0,0.011269979999999999
RCN/BTC,1609908957239,2021-01-06T04:55:57.239Z,buy,1.28e-06,22921.0,0.02933888
RCN/BTC,1609908957239,2021-01-06T04:55:57.239Z,buy,1.29e-06,4596.0,0.0059288399999999995
RCN/BTC,1609908957239,2021-01-06T04:55:57.239Z,buy,1.3e-06,14493.0,0.0188409
RCN/BTC,1609908957239,2021-01-06T04:55:57.239Z,buy,1.31e-06,8701.0,0.01139831
RCN/BTC,1609908957239,2021-01-06T04:55:57.239Z,buy,1.32e-06,13091.0,0.01728012
RCN/BTC,1609908957239,2021-01-06T04:55:57.239Z,buy,1.33e-06,12728.0,0.01692824
RCN/BTC,1609908957239,2021-01-06T04:55:57.239Z,buy,1.34e-06,500.0,0.00067
RCN/BTC,1609908957239,2021-01-06T04:55:57.239Z,buy,1.35e-06,2200.0,0.00297
RCN/BTC,1609908957239,2021-01-06T04:55:57.239Z,buy,1.36e-06,6565.0,0.0089284
RCN/BTC,1609908962227,2021-01-06T04:56:02.227Z,sell,1.29e-06,1604.0,0.00206916
RCN/BTC,1609908962271,2021-01-06T04:56:02.271Z,sell,1.29e-06,1604.0,0.00206916
RCN/BTC,1609908962322,2021-01-06T04:56:02.322Z,sell,1.29e-06,1604.0,0.00206916
RCN/BTC,1609908962603,2021-01-06T04:56:02.603Z,sell,1.3e-06,906.0,0.0011778000000000001
RCN/BTC,1609908962748,2021-01-06T04:56:02.748Z,sell,1.29e-06,494.0,0.00063726
RCN/BTC,1609908964520,2021-01-06T04:56:04.520Z,sell,1.28e-06,1237.0,0.00158336
RCN/BTC,1609908965328,2021-01-06T04:56:05.328Z,sell,1.28e-06,1281.0,0.0016396800000000001
RCN/BTC,1609908969073,2021-01-06T04:56:09.073Z,sell,1.29e-06,654.0,0.00084366
RCN/BTC,1609908969073,2021-01-06T04:56:09.073Z,sell,1.28e-06,979.0,0.00125312
RCN/BTC,1609908972734,2021-01-06T04:56:12.734Z,buy,1.3e-06,500.0,0.00065
RCN/BTC,1609908973729,2021-01-06T04:56:13.729Z,buy,1.3e-06,500.0,0.00065
RCN/BTC,1609908974572,2021-01-06T04:56:14.572Z,sell,1.28e-06,4526.0,0.0057932800000000005
RCN/BTC,1609908976011,2021-01-06T04:56:16.011Z,buy,1.3e-06,500.0,0.00065
RCN/BTC,1609908977421,2021-01-06T04:56:17.421Z,buy,1.29e-06,87.0,0.00011222999999999999
RCN/BTC,1609908978426,2021-01-06T04:56:18.426Z,buy,1.29e-06,500.0,0.000645
RCN/BTC,1609908979418,2021-01-06T04:56:19.418Z,buy,1.29e-06,117.0,0.00015093
RCN/BTC,1609908980408,2021-01-06T04:56:20.408Z,buy,1.29e-06,500.0,0.000645
RCN/BTC,1609909010975,2021-01-06T04:56:50.975Z,buy,1.29e-06,4008.0,0.00517032
RCN/BTC,1609909010975,2021-01-06T04:56:50.975Z,buy,1.3e-06,5500.0,0.00715
RCN/BTC,1609909010975,2021-01-06T04:56:50.975Z,buy,1.31e-06,7292.0,0.00955252
RCN/BTC,1609909010975,2021-01-06T04:56:50.975Z,buy,1.32e-06,1169.0,0.00154308
RCN/BTC,1609909012626,2021-01-06T04:56:52.626Z,sell,1.28e-06,1319.0,0.00168832
RCN/BTC,1609909012733,2021-01-06T04:56:52.733Z,buy,1.28e-06,1080.0,0.0013824
RCN/BTC,1609909027213,2021-01-06T04:57:07.213Z,sell,1.31e-06,500.0,0.000655
RCN/BTC,1609909027244,2021-01-06T04:57:07.244Z,buy,1.3e-06,1723.0,0.0022399
RCN/BTC,1609909029121,2021-01-06T04:57:09.121Z,sell,1.31e-06,500.0,0.000655
RCN/BTC,1609909029315,2021-01-06T04:57:09.315Z,sell,1.31e-06,201.0,0.00026331
RCN/BTC,1609909029315,2021-01-06T04:57:09.315Z,sell,1.3e-06,2576.0,0.0033488000000000003
RCN/BTC,1609909032339,2021-01-06T04:57:12.339Z,sell,1.3e-06,2542.0,0.0033046
RCN/BTC,1609909044519,2021-01-06T04:57:24.519Z,sell,1.3e-06,3950.0,0.005135
RCN/BTC,1609909047030,2021-01-06T04:57:27.030Z,buy,1.31e-06,118.0,0.00015458
RCN/BTC,1609909133954,2021-01-06T04:58:53.954Z,buy,1.32e-06,5266.0,0.006951120000000001
RCN/BTC,1609909136175,2021-01-06T04:58:56.175Z,sell,1.3e-06,228.0,0.0002964
RCN/BTC,1609909255091,2021-01-06T05:00:55.091Z,sell,1.31e-06,353.0,0.00046243
RCN/BTC,1609909263806,2021-01-06T05:01:03.806Z,buy,1.32e-06,294.0,0.00038808
RCN/BTC,1609909263806,2021-01-06T05:01:03.806Z,buy,1.33e-06,856.0,0.0011384799999999999
RCN/BTC,1609909281251,2021-01-06T05:01:21.251Z,sell,1.32e-06,89.0,0.00011748000000000001
RCN/BTC,1609909375632,2021-01-06T05:02:55.632Z,sell,1.31e-06,705.0,0.00092355
RCN/BTC,1609909375838,2021-01-06T05:02:55.838Z,buy,1.32e-06,1355.0,0.0017886
RCN/BTC,1609909404582,2021-01-06T05:03:24.582Z,buy,1.32e-06,1692.0,0.00223344
RCN/BTC,1609909448392,2021-01-06T05:04:08.392Z,sell,1.31e-06,639.0,0.00083709
RCN/BTC,1609909495382,2021-01-06T05:04:55.382Z,sell,1.31e-06,1108.0,0.00145148
RCN/BTC,1609909502922,2021-01-06T05:05:02.922Z,sell,1.31e-06,361.0,0.00047291
RCN/BTC,1609909555705,2021-01-06T05:05:55.705Z,buy,1.32e-06,739.0,0.00097548
RCN/BTC,1609909575398,2021-01-06T05:06:15.398Z,sell,1.31e-06,174.0,0.00022794
RCN/BTC,1609909620739,2021-01-06T05:07:00.739Z,sell,1.31e-06,120.0,0.0001572
RCN/BTC,1609909635248,2021-01-06T05:07:15.248Z,sell,1.31e-06,1000.0,0.00131
RCN/BTC,1609909671545,2021-01-06T05:07:51.545Z,buy,1.32e-06,706.0,0.00093192
RCN/BTC,1609909747194,2021-01-06T05:09:07.194Z,sell,1.31e-06,204.0,0.00026723999999999997
RCN/BTC,1609909754582,2021-01-06T05:09:14.582Z,buy,1.33e-06,4388.0,0.00583604
RCN/BTC,1609909755472,2021-01-06T05:09:15.472Z,buy,1.33e-06,100.0,0.000133
RCN/BTC,1609909757762,2021-01-06T05:09:17.762Z,sell,1.32e-06,933.0,0.00123156
RCN/BTC,1609909766047,2021-01-06T05:09:26.047Z,buy,1.33e-06,704.0,0.00093632
RCN/BTC,1609909771043,2021-01-06T05:09:31.043Z,sell,1.32e-06,704.0,0.00092928
RCN/BTC,1609909776053,2021-01-06T05:09:36.053Z,buy,1.33e-06,678.0,0.0009017399999999999
RCN/BTC,1609909807883,2021-01-06T05:10:07.883Z,sell,1.32e-06,80.0,0.0001056
RCN/BTC,1609909845020,2021-01-06T05:10:45.020Z,sell,1.32e-06,2153.0,0.00284196
RCN/BTC,1609909875018,2021-01-06T05:11:15.018Z,sell,1.32e-06,115.0,0.0001518
RCN/BTC,1609909917250,2021-01-06T05:11:57.250Z,sell,1.32e-06,1148.0,0.00151536
RCN/BTC,1609909922075,2021-01-06T05:12:02.075Z,sell,1.32e-06,678.0,0.0008949600000000001
RCN/BTC,1609909963355,2021-01-06T05:12:43.355Z,buy,1.33e-06,2332.0,0.0031015599999999997
RCN/BTC,1609910000042,2021-01-06T05:13:20.042Z,buy,1.34e-06,3580.0,0.004797200000000001
RCN/BTC,1609910016784,2021-01-06T05:13:36.784Z,buy,1.34e-06,1920.0,0.0025728
RCN/BTC,1609910019056,2021-01-06T05:13:39.056Z,sell,1.34e-06,1029.0,0.0013788600000000002
RCN/BTC,1609910047892,2021-01-06T05:14:07.892Z,sell,1.34e-06,78.0,0.00010452000000000001
RCN/BTC,1609910095523,2021-01-06T05:14:55.523Z,sell,1.34e-06,416.0,0.0005574400000000001
RCN/BTC,1609910107955,2021-01-06T05:15:07.955Z,sell,1.34e-06,77.0,0.00010318000000000001
RCN/BTC,1609910154110,2021-01-06T05:15:54.110Z,buy,1.35e-06,10037.0,0.01354995
RCN/BTC,1609910154110,2021-01-06T05:15:54.110Z,buy,1.36e-06,2894.0,0.0039358399999999995
RCN/BTC,1609910154884,2021-01-06T05:15:54.884Z,sell,1.34e-06,3700.0,0.004958000000000001
RCN/BTC,1609910166594,2021-01-06T05:16:06.594Z,sell,1.35e-06,2499.0,0.00337365
RCN/BTC,1609910173368,2021-01-06T05:16:13.368Z,sell,1.35e-06,1386.0,0.0018710999999999999
RCN/BTC,1609910175980,2021-01-06T05:16:15.980Z,buy,1.36e-06,133.0,0.00018088
RCN/BTC,1609910177614,2021-01-06T05:16:17.614Z,buy,1.36e-06,956.0,0.0013001599999999999
RCN/BTC,1609910180352,2021-01-06T05:16:20.352Z,sell,1.35e-06,1245.0,0.00168075
RCN/BTC,1609910190933,2021-01-06T05:16:30.933Z,sell,1.35e-06,286.0,0.0003861
RCN/BTC,1609910215896,2021-01-06T05:16:55.896Z,sell,1.35e-06,84.0,0.0001134
RCN/BTC,1609910268566,2021-01-06T05:17:48.566Z,sell,1.34e-06,2795.0,0.0037453000000000005
RCN/BTC,1609910275491,2021-01-06T05:17:55.491Z,buy,1.34e-06,428.0,0.00057352
RCN/BTC,1609910319758,2021-01-06T05:18:39.758Z,sell,1.33e-06,3945.0,0.00524685
RCN/BTC,1609910355734,2021-01-06T05:19:15.734Z,sell,1.33e-06,225.0,0.00029925
RCN/BTC,1609910396167,2021-01-06T05:19:56.167Z,sell,1.33e-06,5479.0,0.00728707
RCN/BTC,1609910455300,2021-01-06T05:20:55.300Z,sell,1.33e-06,172.0,0.00022876
RCN/BTC,1609910474978,2021-01-06T05:21:14.978Z,buy,1.34e-06,1358.0,0.0018197200000000001
RCN/BTC,1609910475811,2021-01-06T05:21:15.811Z,sell,1.33e-06,566.0,0.00075278
RCN/BTC,1609910544344,2021-01-06T05:22:24.344Z,sell,1.33e-06,568.0,0.00075544
RCN/BTC,1609910569019,2021-01-06T05:22:49.019Z,buy,1.34e-06,300.0,0.000402
RCN/BTC,1609910575190,2021-01-06T05:22:55.190Z,sell,1.32e-06,3192.0,0.004213440000000001
RCN/BTC,1609910585140,2021-01-06T05:23:05.140Z,sell,1.32e-06,986.0,0.00130152
RCN/BTC,1609910595292,2021-01-06T05:23:15.292Z,sell,1.32e-06,408.0,0.00053856
RCN/BTC,1609910595703,2021-01-06T05:23:15.703Z,buy,1.33e-06,258.0,0.00034313999999999997
RCN/BTC,1609910655912,2021-01-06T05:24:15.912Z,buy,1.33e-06,1361.0,0.0018101299999999999
RCN/BTC,1609910684351,2021-01-06T05:24:44.351Z,sell,1.32e-06,500.0,0.00066
RCN/BTC,1609910689496,2021-01-06T05:24:49.496Z,sell,1.32e-06,4125.0,0.005445
RCN/BTC,1609910693857,2021-01-06T05:24:53.857Z,buy,1.33e-06,238.0,0.00031654
RCN/BTC,1609910694712,2021-01-06T05:24:54.712Z,sell,1.31e-06,133.0,0.00017423
RCN/BTC,1609910757032,2021-01-06T05:25:57.032Z,sell,1.31e-06,725.0,0.00094975
RCN/BTC,1609910759748,2021-01-06T05:25:59.748Z,sell,1.31e-06,5870.0,0.0076897
RCN/BTC,1609910759748,2021-01-06T05:25:59.748Z,sell,1.3e-06,40005.0,0.052006500000000004
RCN/BTC,1609910775691,2021-01-06T05:26:15.691Z,buy,1.31e-06,119.0,0.00015589
RCN/BTC,1609910775691,2021-01-06T05:26:15.691Z,buy,1.32e-06,18.0,2.3760000000000003e-05
RCN/BTC,1609910834700,2021-01-06T05:27:14.700Z,buy,1.32e-06,1147.0,0.0015140400000000001
RCN/BTC,1609910838685,2021-01-06T05:27:18.685Z,sell,1.3e-06,323.0,0.0004199
RCN/BTC,1609910844550,2021-01-06T05:27:24.550Z,sell,1.31e-06,500.0,0.000655
RCN/BTC,1609910996522,2021-01-06T05:29:56.522Z,buy,1.31e-06,262.0,0.00034322
RCN/BTC,1609911046080,2021-01-06T05:30:46.080Z,buy,1.31e-06,22900.0,0.029998999999999998
RCN/BTC,1609911140143,2021-01-06T05:32:20.143Z,buy,1.31e-06,20262.0,0.02654322
RCN/BTC,1609911159063,2021-01-06T05:32:39.063Z,sell,1.3e-06,3111.0,0.0040443
RCN/BTC,1609911235791,2021-01-06T05:33:55.791Z,sell,1.3e-06,144.0,0.0001872
RCN/BTC,1609911493380,2021-01-06T05:38:13.380Z,sell,1.3e-06,132.0,0.0001716
RCN/BTC,1609911656739,2021-01-06T05:40:56.739Z,sell,1.3e-06,270.0,0.000351
RCN/BTC,1609911682079,2021-01-06T05:41:22.079Z,sell,1.3e-06,2632.0,0.0034216000000000003
RCN/BTC,1609911801090,2021-01-06T05:43:21.090Z,sell,1.3e-06,221.0,0.0002873
RCN/BTC,1609911931540,2021-01-06T05:45:31.540Z,buy,1.31e-06,10000.0,0.013099999999999999
RCN/BTC,1609912016164,2021-01-06T05:46:56.164Z,buy,1.31e-06,140.0,0.00018339999999999999
RCN/BTC,1609912076600,2021-01-06T05:47:56.600Z,sell,1.3e-06,224.0,0.00029120000000000003
RCN/BTC,1609912132279,2021-01-06T05:48:52.279Z,sell,1.3e-06,7766.0,0.0100958
RCN/BTC,1609912255995,2021-01-06T05:50:55.995Z,buy,1.31e-06,1427.0,0.00186937
RCN/BTC,1609912255995,2021-01-06T05:50:55.995Z,buy,1.31e-06,1427.0,0.00186937
RCN/BTC,1609912337024,2021-01-06T05:52:17.024Z,buy,1.31e-06,4433.0,0.00580723
RCN/BTC,1609912363234,2021-01-06T05:52:43.234Z,buy,1.31e-06,1560.0,0.0020436
RCN/BTC,1609912363439,2021-01-06T05:52:43.439Z,sell,1.3e-06,4539.0,0.0059007
RCN/BTC,1609912434256,2021-01-06T05:53:54.256Z,sell,1.3e-06,952.0,0.0012376
RCN/BTC,1609912538659,2021-01-06T05:55:38.659Z,sell,1.3e-06,1509.0,0.0019617000000000002
RCN/BTC,1609912555792,2021-01-06T05:55:55.792Z,sell,1.3e-06,169.0,0.0002197
RCN/BTC,1609912635001,2021-01-06T05:57:15.001Z,sell,1.3e-06,212.0,0.00027560000000000003
RCN/BTC,1609912676394,2021-01-06T05:57:56.394Z,sell,1.3e-06,3912.0,0.0050856
RCN/BTC,1609912696242,2021-01-06T05:58:16.242Z,buy,1.31e-06,5081.0,0.00665611
RCN/BTC,1609912795495,2021-01-06T05:59:55.495Z,buy,1.31e-06,6086.0,0.00797266
RCN/BTC,1609912795528,2021-01-06T05:59:55.528Z,buy,1.31e-06,4596.0,0.00602076
RCN/BTC,1609912795578,2021-01-06T05:59:55.578Z,buy,1.31e-06,572.0,0.0007493199999999999
RCN/BTC,1609912855449,2021-01-06T06:00:55.449Z,buy,1.32e-06,168.0,0.00022176000000000002
RCN/BTC,1609912875099,2021-01-06T06:01:15.099Z,buy,1.32e-06,280.0,0.00036960000000000004
RCN/BTC,1609912915342,2021-01-06T06:01:55.342Z,buy,1.32e-06,140.0,0.00018480000000000002
RCN/BTC,1609913154288,2021-01-06T06:05:54.288Z,sell,1.31e-06,629.0,0.0008239899999999999
RCN/BTC,1609913296535,2021-01-06T06:08:16.535Z,sell,1.31e-06,2937.0,0.00384747
RCN/BTC,1609913357342,2021-01-06T06:09:17.342Z,buy,1.32e-06,166.0,0.00021912
RCN/BTC,1609913454224,2021-01-06T06:10:54.224Z,sell,1.31e-06,346.0,0.00045326
RCN/BTC,1609913514270,2021-01-06T06:11:54.270Z,buy,1.32e-06,172.0,0.00022704000000000002
RCN/BTC,1609913668692,2021-01-06T06:14:28.692Z,buy,1.32e-06,564.0,0.0007444800000000001
RCN/BTC,1609913719600,2021-01-06T06:15:19.600Z,buy,1.32e-06,5511.0,0.0072745200000000005
RCN/BTC,1609913720358,2021-01-06T06:15:20.358Z,sell,1.32e-06,4673.0,0.00616836
RCN/BTC,1609913722229,2021-01-06T06:15:22.229Z,sell,1.32e-06,1413.0,0.00186516
RCN/BTC,1609913731459,2021-01-06T06:15:31.459Z,sell,1.32e-06,4933.0,0.0065115600000000004
RCN/BTC,1609913757070,2021-01-06T06:15:57.070Z,buy,1.33e-06,551.0,0.00073283
RCN/BTC,1609913757846,2021-01-06T06:15:57.846Z,sell,1.32e-06,1530.0,0.0020196000000000003
RCN/BTC,1609913775384,2021-01-06T06:16:15.384Z,buy,1.33e-06,2753.0,0.00366149
RCN/BTC,1609913816493,2021-01-06T06:16:56.493Z,sell,1.32e-06,643.0,0.00084876
RCN/BTC,1609913936024,2021-01-06T06:18:56.024Z,sell,1.32e-06,310.0,0.0004092
RCN/BTC,1609913955588,2021-01-06T06:19:15.588Z,sell,1.32e-06,11487.0,0.01516284
RCN/BTC,1609913997899,2021-01-06T06:19:57.899Z,buy,1.33e-06,531.0,0.00070623
RCN/BTC,1609914136106,2021-01-06T06:22:16.106Z,buy,1.33e-06,548.0,0.00072884
RCN/BTC,1609914174415,2021-01-06T06:22:54.415Z,buy,1.33e-06,411.0,0.00054663
RCN/BTC,1609914235507,2021-01-06T06:23:55.507Z,buy,1.33e-06,137.0,0.00018221
RCN/BTC,1609914295191,2021-01-06T06:24:55.191Z,buy,1.33e-06,186.0,0.00024738
RCN/BTC,1609914295899,2021-01-06T06:24:55.899Z,sell,1.32e-06,151.0,0.00019932
RCN/BTC,1609914415116,2021-01-06T06:26:55.116Z,sell,1.32e-06,803.0,0.00105996
RCN/BTC,1609914474135,2021-01-06T06:27:54.135Z,sell,1.32e-06,600.0,0.0007920000000000001
RCN/BTC,1609914659048,2021-01-06T06:30:59.048Z,sell,1.32e-06,1726.0,0.00227832
RCN/BTC,1609914669200,2021-01-06T06:31:09.200Z,buy,1.33e-06,312.0,0.00041495999999999997
RCN/BTC,1609914792923,2021-01-06T06:33:12.923Z,buy,1.33e-06,1300.0,0.001729
RCN/BTC,1609914814137,2021-01-06T06:33:34.137Z,sell,1.32e-06,191.0,0.00025212
RCN/BTC,1609914835631,2021-01-06T06:33:55.631Z,buy,1.33e-06,206.0,0.00027398
RCN/BTC,1609914835935,2021-01-06T06:33:55.935Z,sell,1.32e-06,126.0,0.00016632000000000002
RCN/BTC,1609914856955,2021-01-06T06:34:16.955Z,sell,1.32e-06,1695.0,0.0022374
RCN/BTC,1609914894242,2021-01-06T06:34:54.242Z,sell,1.32e-06,199.0,0.00026268
RCN/BTC,1609914955903,2021-01-06T06:35:55.903Z,sell,1.32e-06,531.0,0.0007009200000000001
RCN/BTC,1609914975221,2021-01-06T06:36:15.221Z,sell,1.32e-06,2000.0,0.00264
RCN/BTC,1609915014694,2021-01-06T06:36:54.694Z,sell,1.32e-06,794.0,0.00104808
RCN/BTC,1609915036378,2021-01-06T06:37:16.378Z,sell,1.32e-06,76.0,0.00010032
RCN/BTC,1609915091033,2021-01-06T06:38:11.033Z,buy,1.33e-06,1132.0,0.00150556
RCN/BTC,1609915095131,2021-01-06T06:38:15.131Z,sell,1.32e-06,530.0,0.0006996
RCN/BTC,1609915315939,2021-01-06T06:41:55.939Z,buy,1.33e-06,1430.0,0.0019019
RCN/BTC,1609915497693,2021-01-06T06:44:57.693Z,sell,1.32e-06,446.0,0.00058872
RCN/BTC,1609915614677,2021-01-06T06:46:54.677Z,sell,1.32e-06,329.0,0.00043428
RCN/BTC,1609915614870,2021-01-06T06:46:54.870Z,sell,1.32e-06,622.0,0.0008210400000000001
RCN/BTC,1609915756461,2021-01-06T06:49:16.461Z,buy,1.33e-06,137.0,0.00018221
RCN/BTC,1609915795621,2021-01-06T06:49:55.621Z,buy,1.33e-06,274.0,0.00036442
RCN/BTC,1609915815867,2021-01-06T06:50:15.867Z,sell,1.32e-06,1447.0,0.00191004
RCN/BTC,1609915815867,2021-01-06T06:50:15.867Z,sell,1.32e-06,1447.0,0.00191004
RCN/BTC,1609915915321,2021-01-06T06:51:55.321Z,buy,1.33e-06,184.0,0.00024472
RCN/BTC,1609915940571,2021-01-06T06:52:20.571Z,sell,1.32e-06,5000.0,0.0066
RCN/BTC,1609916033997,2021-01-06T06:53:53.997Z,buy,1.33e-06,123.0,0.00016359
RCN/BTC,1609916056199,2021-01-06T06:54:16.199Z,buy,1.33e-06,177.0,0.00023541
RCN/BTC,1609916136632,2021-01-06T06:55:36.632Z,buy,1.33e-06,995.0,0.00132335
RCN/BTC,1609916294424,2021-01-06T06:58:14.424Z,buy,1.33e-06,986.0,0.00131138
RCN/BTC,1609916395941,2021-01-06T06:59:55.941Z,sell,1.32e-06,236.0,0.00031152
RCN/BTC,1609916455929,2021-01-06T07:00:55.929Z,buy,1.33e-06,4612.0,0.00613396
RCN/BTC,1609916458559,2021-01-06T07:00:58.559Z,sell,1.32e-06,174.0,0.00022968
RCN/BTC,1609916516221,2021-01-06T07:01:56.221Z,buy,1.33e-06,320.0,0.0004256
RCN/BTC,1609916913623,2021-01-06T07:08:33.623Z,sell,1.32e-06,1000.0,0.00132
RCN/BTC,1609916995468,2021-01-06T07:09:55.468Z,sell,1.32e-06,113.0,0.00014916000000000002
RCN/BTC,1609917054569,2021-01-06T07:10:54.569Z,sell,1.32e-06,223.0,0.00029436
RCN/BTC,1609917223954,2021-01-06T07:13:43.954Z,sell,1.32e-06,17190.0,0.0226908
RCN/BTC,1609917227006,2021-01-06T07:13:47.006Z,buy,1.32e-06,8080.0,0.0106656
RCN/BTC,1609917233241,2021-01-06T07:13:53.241Z,sell,1.32e-06,2203.0,0.0029079600000000002
RCN/BTC,1609917233241,2021-01-06T07:13:53.241Z,sell,1.31e-06,48138.0,0.06306078
RCN/BTC,1609917235742,2021-01-06T07:13:55.742Z,buy,1.33e-06,4358.0,0.00579614
RCN/BTC,1609917378330,2021-01-06T07:16:18.330Z,buy,1.32e-06,3367.0,0.00444444
RCN/BTC,1609917379044,2021-01-06T07:16:19.044Z,sell,1.31e-06,8628.0,0.011302679999999999
RCN/BTC,1609917459096,2021-01-06T07:17:39.096Z,buy,1.32e-06,87.0,0.00011484
RCN/BTC,1609917495687,2021-01-06T07:18:15.687Z,buy,1.32e-06,578.0,0.00076296
RCN/BTC,1609917535343,2021-01-06T07:18:55.343Z,buy,1.32e-06,909.0,0.00119988
RCN/BTC,1609917582291,2021-01-06T07:19:42.291Z,buy,1.32e-06,559.0,0.00073788
RCN/BTC,1609917582291,2021-01-06T07:19:42.291Z,buy,1.33e-06,3763.0,0.00500479
RCN/BTC,1609917629593,2021-01-06T07:20:29.593Z,buy,1.33e-06,4233.0,0.00562989
RCN/BTC,1609917735172,2021-01-06T07:22:15.172Z,sell,1.32e-06,213.0,0.00028116
RCN/BTC,1609917774781,2021-01-06T07:22:54.781Z,buy,1.33e-06,126.0,0.00016758
RCN/BTC,1609917818556,2021-01-06T07:23:38.556Z,sell,1.32e-06,1905.0,0.0025146
RCN/BTC,1609917840945,2021-01-06T07:24:00.945Z,buy,1.33e-06,170.0,0.0002261
RCN/BTC,1609917948182,2021-01-06T07:25:48.182Z,sell,1.32e-06,1501.0,0.00198132
RCN/BTC,1609917955645,2021-01-06T07:25:55.645Z,sell,1.32e-06,114.0,0.00015048
RCN/BTC,1609918016192,2021-01-06T07:26:56.192Z,sell,1.32e-06,1241.0,0.00163812
RCN/BTC,1609918077678,2021-01-06T07:27:57.678Z,sell,1.32e-06,141.0,0.00018612000000000001
RCN/BTC,1609918193890,2021-01-06T07:29:53.890Z,buy,1.33e-06,739.0,0.00098287
RCN/BTC,1609918195830,2021-01-06T07:29:55.830Z,buy,1.33e-06,742.0,0.00098686
RCN/BTC,1609918195830,2021-01-06T07:29:55.830Z,buy,1.34e-06,624.0,0.0008361600000000001
RCN/BTC,1609918496225,2021-01-06T07:34:56.225Z,buy,1.33e-06,2375.0,0.00315875
RCN/BTC,1609918558534,2021-01-06T07:35:58.534Z,buy,1.33e-06,439.0,0.00058387
RCN/BTC,1609918575384,2021-01-06T07:36:15.384Z,sell,1.32e-06,485.0,0.0006402000000000001
RCN/BTC,1609918675902,2021-01-06T07:37:55.902Z,sell,1.32e-06,762.0,0.00100584
RCN/BTC,1609918678155,2021-01-06T07:37:58.155Z,buy,1.33e-06,2186.0,0.0029073799999999998
RCN/BTC,1609918695616,2021-01-06T07:38:15.616Z,buy,1.34e-06,824.0,0.00110416
RCN/BTC,1609918696084,2021-01-06T07:38:16.084Z,sell,1.33e-06,968.0,0.00128744
RCN/BTC,1609918711141,2021-01-06T07:38:31.141Z,sell,1.33e-06,975.0,0.00129675
RCN/BTC,1609918715536,2021-01-06T07:38:35.536Z,sell,1.33e-06,4106.0,0.00546098
RCN/BTC,1609918728191,2021-01-06T07:38:48.191Z,sell,1.33e-06,1765.0,0.00234745
RCN/BTC,1609918728191,2021-01-06T07:38:48.191Z,sell,1.32e-06,8442.0,0.011143440000000001
RCN/BTC,1609918761405,2021-01-06T07:39:21.405Z,buy,1.33e-06,1502.0,0.00199766
RCN/BTC,1609918927080,2021-01-06T07:42:07.080Z,buy,1.33e-06,891.0,0.00118503
RCN/BTC,1609918975510,2021-01-06T07:42:55.510Z,buy,1.33e-06,193.0,0.00025669
RCN/BTC,1609918995748,2021-01-06T07:43:15.748Z,buy,1.33e-06,138.0,0.00018354
RCN/BTC,1609918995880,2021-01-06T07:43:15.880Z,sell,1.32e-06,398.0,0.00052536
RCN/BTC,1609919035573,2021-01-06T07:43:55.573Z,sell,1.32e-06,306.0,0.00040392
RCN/BTC,1609919056702,2021-01-06T07:44:16.702Z,buy,1.33e-06,138.0,0.00018354
RCN/BTC,1609919058316,2021-01-06T07:44:18.316Z,sell,1.32e-06,7583.0,0.01000956
RCN/BTC,1609919058316,2021-01-06T07:44:18.316Z,sell,1.31e-06,8577.0,0.01123587
RCN/BTC,1609919094137,2021-01-06T07:44:54.137Z,buy,1.32e-06,138.0,0.00018216
RCN/BTC,1609919117893,2021-01-06T07:45:17.893Z,buy,1.32e-06,4000.0,0.00528
RCN/BTC,1609919410394,2021-01-06T07:50:10.394Z,buy,1.32e-06,79.0,0.00010428000000000001
RCN/BTC,1609919410394,2021-01-06T07:50:10.394Z,buy,1.32e-06,79.0,0.00010428000000000001
RCN/BTC,1609919421044,2021-01-06T07:50:21.044Z,sell,1.31e-06,390.0,0.0005109
RCN/BTC,1609919456367,2021-01-06T07:50:56.367Z,sell,1.31e-06,1407.0,0.0018431699999999999
RCN/BTC,1609919516843,2021-01-06T07:51:56.843Z,sell,1.31e-06,2807.0,0.00367717
RCN/BTC,1609919575247,2021-01-06T07:52:55.247Z,sell,1.31e-06,862.0,0.00112922
RCN/BTC,1609919636633,2021-01-06T07:53:56.633Z,buy,1.32e-06,503.0,0.00066396
RCN/BTC,1609919645373,2021-01-06T07:54:05.373Z,buy,1.32e-06,1513.0,0.00199716
RCN/BTC,1609919791209,2021-01-06T07:56:31.209Z,buy,1.32e-06,1000.0,0.00132
RCN/BTC,1609919935974,2021-01-06T07:58:55.974Z,sell,1.31e-06,357.0,0.00046767
RCN/BTC,1609919964176,2021-01-06T07:59:24.176Z,sell,1.31e-06,603.0,0.00078993
RCN/BTC,1609920015367,2021-01-06T08:00:15.367Z,buy,1.32e-06,530.0,0.0006996
RCN/BTC,1609920076255,2021-01-06T08:01:16.255Z,buy,1.32e-06,3788.0,0.00500016
RCN/BTC,1609920115746,2021-01-06T08:01:55.746Z,buy,1.32e-06,307.0,0.00040524
RCN/BTC,1609920183240,2021-01-06T08:03:03.240Z,sell,1.31e-06,28542.0,0.037390019999999996
RCN/BTC,1609920255353,2021-01-06T08:04:15.353Z,buy,1.32e-06,553.0,0.00072996
RCN/BTC,1609920284403,2021-01-06T08:04:44.403Z,sell,1.31e-06,16380.0,0.0214578
RCN/BTC,1609920284403,2021-01-06T08:04:44.403Z,sell,1.3e-06,55451.0,0.0720863
RCN/BTC,1609920358353,2021-01-06T08:05:58.353Z,buy,1.31e-06,98.0,0.00012838
RCN/BTC,1609920433461,2021-01-06T08:07:13.461Z,sell,1.3e-06,151758.0,0.1972854
RCN/BTC,1609920433461,2021-01-06T08:07:13.461Z,sell,1.29e-06,41614.0,0.05368206
RCN/BTC,1609920433461,2021-01-06T08:07:13.461Z,sell,1.29e-06,29967.0,0.03865743
RCN/BTC,1609920433461,2021-01-06T08:07:13.461Z,sell,1.28e-06,19011.0,0.02433408
RCN/BTC,1609920435732,2021-01-06T08:07:15.732Z,sell,1.28e-06,193429.0,0.24758912
RCN/BTC,1609920440087,2021-01-06T08:07:20.087Z,buy,1.29e-06,500.0,0.000645
RCN/BTC,1609920440087,2021-01-06T08:07:20.087Z,buy,1.3e-06,500.0,0.00065
RCN/BTC,1609920462501,2021-01-06T08:07:42.501Z,sell,1.29e-06,10500.0,0.013545
RCN/BTC,1609920462501,2021-01-06T08:07:42.501Z,sell,1.28e-06,74697.0,0.09561216
RCN/BTC,1609920462501,2021-01-06T08:07:42.501Z,sell,1.27e-06,5588.0,0.00709676
RCN/BTC,1609920462501,2021-01-06T08:07:42.501Z,sell,1.26e-06,102645.0,0.1293327
RCN/BTC,1609920462501,2021-01-06T08:07:42.501Z,sell,1.26e-06,4281.0,0.00539406
RCN/BTC,1609920462788,2021-01-06T08:07:42.788Z,buy,1.29e-06,1058.0,0.0013648199999999999
RCN/BTC,1609920462794,2021-01-06T08:07:42.794Z,buy,1.29e-06,1058.0,0.0013648199999999999
RCN/BTC,1609920462794,2021-01-06T08:07:42.794Z,buy,1.29e-06,1058.0,0.0013648199999999999
RCN/BTC,1609920462886,2021-01-06T08:07:42.886Z,buy,1.29e-06,852.0,0.00109908
RCN/BTC,1609920463105,2021-01-06T08:07:43.105Z,buy,1.29e-06,900.0,0.001161
RCN/BTC,1609920463694,2021-01-06T08:07:43.694Z,sell,1.28e-06,88.0,0.00011264
RCN/BTC,1609920463809,2021-01-06T08:07:43.809Z,buy,1.29e-06,2248.0,0.00289992
RCN/BTC,1609920463947,2021-01-06T08:07:43.947Z,buy,1.29e-06,2196.0,0.0028328399999999997
RCN/BTC,1609920463975,2021-01-06T08:07:43.975Z,buy,1.29e-06,2198.0,0.00283542
RCN/BTC,1609920464197,2021-01-06T08:07:44.197Z,buy,1.29e-06,4040.0,0.005211599999999999
RCN/BTC,1609920464561,2021-01-06T08:07:44.561Z,sell,1.29e-06,508.0,0.0006553199999999999
RCN/BTC,1609920464670,2021-01-06T08:07:44.670Z,buy,1.28e-06,1604.0,0.00205312
RCN/BTC,1609920473534,2021-01-06T08:07:53.534Z,buy,1.28e-06,500.0,0.00064
RCN/BTC,1609920473990,2021-01-06T08:07:53.990Z,sell,1.28e-06,500.0,0.00064
RCN/BTC,1609920479357,2021-01-06T08:07:59.357Z,buy,1.28e-06,1112.0,0.00142336
RCN/BTC,1609920490399,2021-01-06T08:08:10.399Z,buy,1.28e-06,2877.0,0.00368256
RCN/BTC,1609920493853,2021-01-06T08:08:13.853Z,buy,1.28e-06,1604.0,0.00205312
RCN/BTC,1609920494045,2021-01-06T08:08:14.045Z,buy,1.28e-06,2877.0,0.00368256
RCN/BTC,1609920495000,2021-01-06T08:08:15.000Z,buy,1.28e-06,6149.0,0.00787072
RCN/BTC,1609920525778,2021-01-06T08:08:45.778Z,sell,1.27e-06,7152.0,0.009083039999999999
RCN/BTC,1609920530360,2021-01-06T08:08:50.360Z,buy,1.29e-06,1162.0,0.00149898
RCN/BTC,1609920539655,2021-01-06T08:08:59.655Z,sell,1.28e-06,1558.0,0.00199424
RCN/BTC,1609920595914,2021-01-06T08:09:55.914Z,buy,1.29e-06,112.0,0.00014448
RCN/BTC,1609920654616,2021-01-06T08:10:54.616Z,sell,1.28e-06,150.0,0.000192
RCN/BTC,1609920853856,2021-01-06T08:14:13.856Z,sell,1.28e-06,316.0,0.00040448000000000003
RCN/BTC,1609920970796,2021-01-06T08:16:10.796Z,buy,1.29e-06,249.0,0.00032121
RCN/BTC,1609921004679,2021-01-06T08:16:44.679Z,buy,1.29e-06,1221.0,0.00157509
RCN/BTC,1609921123516,2021-01-06T08:18:43.516Z,buy,1.29e-06,176.0,0.00022704
RCN/BTC,1609921134706,2021-01-06T08:18:54.706Z,sell,1.28e-06,410.0,0.0005248
RCN/BTC,1609921182710,2021-01-06T08:19:42.710Z,buy,1.29e-06,186.0,0.00023993999999999998
RCN/BTC,1609921213933,2021-01-06T08:20:13.933Z,sell,1.28e-06,273.0,0.00034944
RCN/BTC,1609921237090,2021-01-06T08:20:37.090Z,buy,1.29e-06,186.0,0.00023993999999999998
RCN/BTC,1609921254784,2021-01-06T08:20:54.784Z,buy,1.29e-06,1480.0,0.0019092
RCN/BTC,1609921269993,2021-01-06T08:21:09.993Z,buy,1.29e-06,1119.0,0.0014435099999999998
RCN/BTC,1609921277760,2021-01-06T08:21:17.760Z,buy,1.29e-06,2019.0,0.00260451
RCN/BTC,1609921277760,2021-01-06T08:21:17.760Z,buy,1.3e-06,8646.0,0.011239800000000001
RCN/BTC,1609921292069,2021-01-06T08:21:32.069Z,buy,1.29e-06,500.0,0.000645
RCN/BTC,1609921616324,2021-01-06T08:26:56.324Z,sell,1.28e-06,300.0,0.000384
RCN/BTC,1609921653168,2021-01-06T08:27:33.168Z,sell,1.28e-06,4284.0,0.00548352
RCN/BTC,1609921718571,2021-01-06T08:28:38.571Z,sell,1.28e-06,350.0,0.000448
RCN/BTC,1609921795428,2021-01-06T08:29:55.428Z,buy,1.29e-06,319.0,0.00041150999999999997
RCN/BTC,1609921959618,2021-01-06T08:32:39.618Z,sell,1.28e-06,18357.0,0.02349696
RCN/BTC,1609922036604,2021-01-06T08:33:56.604Z,buy,1.29e-06,358.0,0.00046182
RCN/BTC,1609922036618,2021-01-06T08:33:56.618Z,sell,1.28e-06,1000.0,0.00128
RCN/BTC,1609922108172,2021-01-06T08:35:08.172Z,buy,1.29e-06,89.0,0.00011481
RCN/BTC,1609922294901,2021-01-06T08:38:14.901Z,buy,1.29e-06,3928.0,0.00506712
RCN/BTC,1609922483189,2021-01-06T08:41:23.189Z,buy,1.29e-06,10426.0,0.01344954
RCN/BTC,1609922485825,2021-01-06T08:41:25.825Z,sell,1.29e-06,900.0,0.001161
RCN/BTC,1609922485840,2021-01-06T08:41:25.840Z,sell,1.29e-06,852.0,0.00109908
RCN/BTC,1609922532365,2021-01-06T08:42:12.365Z,sell,1.29e-06,2308.0,0.00297732
RCN/BTC,1609922575824,2021-01-06T08:42:55.824Z,buy,1.3e-06,171.0,0.0002223
RCN/BTC,1609922612615,2021-01-06T08:43:32.615Z,buy,1.3e-06,4205.0,0.0054665
RCN/BTC,1609922718019,2021-01-06T08:45:18.019Z,buy,1.3e-06,7069.0,0.0091897
RCN/BTC,1609922874867,2021-01-06T08:47:54.867Z,sell,1.29e-06,307.0,0.00039602999999999996
RCN/BTC,1609922875464,2021-01-06T08:47:55.464Z,buy,1.3e-06,283.0,0.0003679
RCN/BTC,1609922934292,2021-01-06T08:48:54.292Z,sell,1.29e-06,309.0,0.00039861
RCN/BTC,1609922994693,2021-01-06T08:49:54.693Z,sell,1.29e-06,336.0,0.00043344
RCN/BTC,1609922994693,2021-01-06T08:49:54.693Z,sell,1.29e-06,336.0,0.00043344
RCN/BTC,1609923175355,2021-01-06T08:52:55.355Z,buy,1.3e-06,567.0,0.0007371
RCN/BTC,1609923593992,2021-01-06T08:59:53.992Z,buy,1.3e-06,15000.0,0.0195
RCN/BTC,1609923775600,2021-01-06T09:02:55.600Z,buy,1.3e-06,203.0,0.0002639
RCN/BTC,1609923860978,2021-01-06T09:04:20.978Z,buy,1.3e-06,5531.0,0.0071903
RCN/BTC,1609923895043,2021-01-06T09:04:55.043Z,buy,1.3e-06,709.0,0.0009217
RCN/BTC,1609924109954,2021-01-06T09:08:29.954Z,buy,1.3e-06,713.0,0.0009269
RCN/BTC,1609924135893,2021-01-06T09:08:55.893Z,sell,1.29e-06,718.0,0.00092622
RCN/BTC,1609924138316,2021-01-06T09:08:58.316Z,buy,1.3e-06,12000.0,0.015600000000000001
RCN/BTC,1609924138837,2021-01-06T09:08:58.837Z,buy,1.3e-06,5770.0,0.007501
RCN/BTC,1609924239267,2021-01-06T09:10:39.267Z,sell,1.3e-06,295.0,0.0003835
RCN/BTC,1609924262104,2021-01-06T09:11:02.104Z,sell,1.3e-06,991.0,0.0012883
RCN/BTC,1609924358890,2021-01-06T09:12:38.890Z,sell,1.3e-06,978.0,0.0012714
RCN/BTC,1609924440084,2021-01-06T09:14:00.084Z,sell,1.3e-06,2310.0,0.003003
RCN/BTC,1609924440915,2021-01-06T09:14:00.915Z,sell,1.3e-06,7692.0,0.0099996
RCN/BTC,1609924441643,2021-01-06T09:14:01.643Z,sell,1.3e-06,2307.0,0.0029991
RCN/BTC,1609924499418,2021-01-06T09:14:59.418Z,sell,1.3e-06,3778.0,0.0049114
RCN/BTC,1609924526798,2021-01-06T09:15:26.798Z,buy,1.31e-06,2263.0,0.00296453
RCN/BTC,1609924547548,2021-01-06T09:15:47.548Z,sell,1.3e-06,1788.0,0.0023244
RCN/BTC,1609924549006,2021-01-06T09:15:49.006Z,sell,1.3e-06,2636.0,0.0034268000000000002
RCN/BTC,1609924556637,2021-01-06T09:15:56.637Z,buy,1.31e-06,171.0,0.00022401
RCN/BTC,1609924584284,2021-01-06T09:16:24.284Z,sell,1.3e-06,333.0,0.0004329
RCN/BTC,1609924626868,2021-01-06T09:17:06.868Z,sell,1.3e-06,5144.0,0.0066872
RCN/BTC,1609924649497,2021-01-06T09:17:29.497Z,sell,1.3e-06,3248.0,0.0042224
RCN/BTC,1609924677956,2021-01-06T09:17:57.956Z,sell,1.3e-06,1752.0,0.0022776000000000003
RCN/BTC,1609924731415,2021-01-06T09:18:51.415Z,sell,1.3e-06,92804.0,0.12064520000000001
RCN/BTC,1609924731415,2021-01-06T09:18:51.415Z,sell,1.29e-06,152884.0,0.19722035999999998
RCN/BTC,1609924737375,2021-01-06T09:18:57.375Z,sell,1.29e-06,8902.0,0.01148358
RCN/BTC,1609924737375,2021-01-06T09:18:57.375Z,sell,1.28e-06,12542.0,0.01605376
RCN/BTC,1609924737375,2021-01-06T09:18:57.375Z,sell,1.27e-06,5500.0,0.006985
RCN/BTC,1609924737632,2021-01-06T09:18:57.632Z,buy,1.27e-06,78602.0,0.09982453999999999
RCN/BTC,1609924737974,2021-01-06T09:18:57.974Z,buy,1.27e-06,1507.0,0.00191389
RCN/BTC,1609924738065,2021-01-06T09:18:58.065Z,buy,1.27e-06,994.0,0.00126238
RCN/BTC,1609924738065,2021-01-06T09:18:58.065Z,buy,1.27e-06,2366.0,0.0030048199999999996
RCN/BTC,1609924738146,2021-01-06T09:18:58.146Z,buy,1.27e-06,994.0,0.00126238
RCN/BTC,1609924738176,2021-01-06T09:18:58.176Z,buy,1.27e-06,2366.0,0.0030048199999999996
RCN/BTC,1609924738184,2021-01-06T09:18:58.184Z,buy,1.27e-06,2366.0,0.0030048199999999996
RCN/BTC,1609924738895,2021-01-06T09:18:58.895Z,buy,1.27e-06,2526.0,0.00320802
RCN/BTC,1609924738920,2021-01-06T09:18:58.920Z,buy,1.27e-06,2321.0,0.00294767
RCN/BTC,1609924739054,2021-01-06T09:18:59.054Z,buy,1.27e-06,1858.0,0.00235966
RCN/BTC,1609924739960,2021-01-06T09:18:59.960Z,sell,1.26e-06,2526.0,0.00318276
RCN/BTC,1609924744689,2021-01-06T09:19:04.689Z,sell,1.27e-06,1750.0,0.0022224999999999996
RCN/BTC,1609924745761,2021-01-06T09:19:05.761Z,sell,1.27e-06,79.0,0.00010033
RCN/BTC,1609924805523,2021-01-06T09:20:05.523Z,sell,1.27e-06,3941.0,0.0050050699999999995
RCN/BTC,1609924825411,2021-01-06T09:20:25.411Z,sell,1.27e-06,2302.0,0.0029235399999999996
RCN/BTC,1609924922448,2021-01-06T09:22:02.448Z,buy,1.28e-06,553.0,0.00070784
RCN/BTC,1609925046397,2021-01-06T09:24:06.397Z,sell,1.27e-06,42008.0,0.053350159999999994
RCN/BTC,1609925156639,2021-01-06T09:25:56.639Z,sell,1.27e-06,40701.0,0.051690269999999996
RCN/BTC,1609925377170,2021-01-06T09:29:37.170Z,sell,1.27e-06,1858.0,0.00235966
RCN/BTC,1609925377580,2021-01-06T09:29:37.580Z,sell,1.27e-06,2437.0,0.0030949899999999997
RCN/BTC,1609925377745,2021-01-06T09:29:37.745Z,sell,1.27e-06,1582.0,0.00200914
RCN/BTC,1609925377937,2021-01-06T09:29:37.937Z,sell,1.27e-06,1582.0,0.00200914
RCN/BTC,1609925378016,2021-01-06T09:29:38.016Z,sell,1.27e-06,2541.0,0.00322707
RCN/BTC,1609925416754,2021-01-06T09:30:16.754Z,buy,1.28e-06,321.0,0.00041088
RCN/BTC,1609925443475,2021-01-06T09:30:43.475Z,buy,1.28e-06,12403.0,0.01587584
RCN/BTC,1609925590507,2021-01-06T09:33:10.507Z,buy,1.28e-06,1447.0,0.00185216
RCN/BTC,1609925593403,2021-01-06T09:33:13.403Z,buy,1.28e-06,1540.0,0.0019712
RCN/BTC,1609925638225,2021-01-06T09:33:58.225Z,sell,1.27e-06,2381.0,0.0030238699999999997
RCN/BTC,1609925762705,2021-01-06T09:36:02.705Z,sell,1.27e-06,63469.0,0.08060563
RCN/BTC,1609925927410,2021-01-06T09:38:47.410Z,buy,1.27e-06,21512.0,0.02732024
RCN/BTC,1609925998380,2021-01-06T09:39:58.380Z,sell,1.26e-06,441.0,0.00055566
RCN/BTC,1609926032432,2021-01-06T09:40:32.432Z,sell,1.26e-06,20901.0,0.02633526
RCN/BTC,1609926280094,2021-01-06T09:44:40.094Z,sell,1.26e-06,170.0,0.0002142
RCN/BTC,1609926364481,2021-01-06T09:46:04.481Z,sell,1.26e-06,1217.0,0.00153342
RCN/BTC,1609926376292,2021-01-06T09:46:16.292Z,buy,1.27e-06,218.0,0.00027686
RCN/BTC,1609926405993,2021-01-06T09:46:45.993Z,buy,1.27e-06,666.0,0.00084582
RCN/BTC,1609926474862,2021-01-06T09:47:54.862Z,buy,1.27e-06,8204.0,0.010419079999999999
RCN/BTC,1609926474862,2021-01-06T09:47:54.862Z,buy,1.27e-06,8204.0,0.010419079999999999
RCN/BTC,1609926607930,2021-01-06T09:50:07.930Z,sell,1.26e-06,35349.0,0.04453974
RCN/BTC,1609926656003,2021-01-06T09:50:56.003Z,buy,1.27e-06,590.0,0.0007492999999999999
RCN/BTC,1609926724103,2021-01-06T09:52:04.103Z,buy,1.27e-06,9712.0,0.01233424
RCN/BTC,1609926774594,2021-01-06T09:52:54.594Z,buy,1.27e-06,177.0,0.00022479
RCN/BTC,1609926794756,2021-01-06T09:53:14.756Z,buy,1.27e-06,147.0,0.00018669
RCN/BTC,1609926817744,2021-01-06T09:53:37.744Z,buy,1.27e-06,7874.0,0.009999979999999999
RCN/BTC,1609926884110,2021-01-06T09:54:44.110Z,buy,1.27e-06,9526.0,0.01209802
RCN/BTC,1609926943417,2021-01-06T09:55:43.417Z,sell,1.26e-06,9771.0,0.01231146
RCN/BTC,1609926961833,2021-01-06T09:56:01.833Z,sell,1.26e-06,250.0,0.000315
RCN/BTC,1609926981669,2021-01-06T09:56:21.669Z,sell,1.26e-06,5643.0,0.00711018
RCN/BTC,1609927019063,2021-01-06T09:56:59.063Z,sell,1.26e-06,14418.0,0.01816668
RCN/BTC,1609927077161,2021-01-06T09:57:57.161Z,buy,1.27e-06,191.0,0.00024256999999999998
RCN/BTC,1609927262751,2021-01-06T10:01:02.751Z,sell,1.26e-06,120.0,0.0001512
RCN/BTC,1609927433920,2021-01-06T10:03:53.920Z,sell,1.26e-06,304.0,0.00038304
RCN/BTC,1609927456235,2021-01-06T10:04:16.235Z,buy,1.27e-06,1471.0,0.00186817
RCN/BTC,1609927638611,2021-01-06T10:07:18.611Z,sell,1.26e-06,3363.0,0.00423738
RCN/BTC,1609927790740,2021-01-06T10:09:50.740Z,sell,1.26e-06,3575.0,0.0045045
RCN/BTC,1609927795873,2021-01-06T10:09:55.873Z,sell,1.26e-06,176.0,0.00022176
RCN/BTC,1609928200000,2021-01-06T10:16:40.000Z,buy,1.27e-06,254.0,0.00032258
RCN/BTC,1609928368397,2021-01-06T10:19:28.397Z,buy,1.27e-06,5152.0,0.00654304
RCN/BTC,1609928410087,2021-01-06T10:20:10.087Z,buy,1.27e-06,121.0,0.00015366999999999998
RCN/BTC,1609928516016,2021-01-06T10:21:56.016Z,sell,1.26e-06,134.0,0.00016884
RCN/BTC,1609928683634,2021-01-06T10:24:43.634Z,sell,1.26e-06,940.0,0.0011844
RCN/BTC,1609928755313,2021-01-06T10:25:55.313Z,buy,1.27e-06,304.0,0.00038607999999999996
RCN/BTC,1609928763049,2021-01-06T10:26:03.049Z,buy,1.27e-06,866.0,0.0010998199999999998
RCN/BTC,1609928914678,2021-01-06T10:28:34.678Z,sell,1.26e-06,1664.0,0.00209664
RCN/BTC,1609929194201,2021-01-06T10:33:14.201Z,sell,1.26e-06,9002.0,0.01134252
RCN/BTC,1609929207512,2021-01-06T10:33:27.512Z,sell,1.26e-06,500.0,0.00063
RCN/BTC,1609929223705,2021-01-06T10:33:43.705Z,sell,1.26e-06,6428.0,0.00809928
RCN/BTC,1609929308285,2021-01-06T10:35:08.285Z,buy,1.27e-06,89.0,0.00011303
RCN/BTC,1609929661134,2021-01-06T10:41:01.134Z,sell,1.26e-06,27764.0,0.03498264
RCN/BTC,1609929661134,2021-01-06T10:41:01.134Z,sell,1.25e-06,13500.0,0.016875
RCN/BTC,1609929661134,2021-01-06T10:41:01.134Z,sell,1.24e-06,3978.0,0.00493272
RCN/BTC,1609929661134,2021-01-06T10:41:01.134Z,sell,1.24e-06,3699.0,0.00458676
RCN/BTC,1609929661134,2021-01-06T10:41:01.134Z,sell,1.24e-06,3662.0,0.00454088
RCN/BTC,1609929662391,2021-01-06T10:41:02.391Z,buy,1.25e-06,6392.0,0.00799
RCN/BTC,1609929663485,2021-01-06T10:41:03.485Z,buy,1.25e-06,2661.0,0.00332625
RCN/BTC,1609929675253,2021-01-06T10:41:15.253Z,buy,1.25e-06,640.0,0.0008
RCN/BTC,1609929681896,2021-01-06T10:41:21.896Z,sell,1.24e-06,1498.0,0.0018575199999999999
RCN/BTC,1609929683995,2021-01-06T10:41:23.995Z,sell,1.24e-06,1509.0,0.00187116
RCN/BTC,1609929708290,2021-01-06T10:41:48.290Z,buy,1.25e-06,478.0,0.0005975
RCN/BTC,1609929787945,2021-01-06T10:43:07.945Z,buy,1.25e-06,80.0,0.0001
RCN/BTC,1609929792781,2021-01-06T10:43:12.781Z,sell,1.24e-06,335.0,0.0004154
RCN/BTC,1609929794524,2021-01-06T10:43:14.524Z,sell,1.24e-06,171.0,0.00021204
RCN/BTC,1609929798332,2021-01-06T10:43:18.332Z,sell,1.24e-06,169.0,0.00020956
RCN/BTC,1609929801279,2021-01-06T10:43:21.279Z,buy,1.25e-06,559.0,0.00069875
RCN/BTC,1609929837639,2021-01-06T10:43:57.639Z,buy,1.25e-06,192.0,0.00024000000000000003
RCN/BTC,1609929856012,2021-01-06T10:44:16.012Z,buy,1.25e-06,21882.0,0.027352500000000002
RCN/BTC,1609929856335,2021-01-06T10:44:16.335Z,buy,1.25e-06,148.0,0.00018500000000000002
RCN/BTC,1609929872359,2021-01-06T10:44:32.359Z,buy,1.25e-06,12247.0,0.015308750000000001
RCN/BTC,1609929872375,2021-01-06T10:44:32.375Z,buy,1.25e-06,9349.0,0.01168625
RCN/BTC,1609930028633,2021-01-06T10:47:08.633Z,buy,1.26e-06,2254.0,0.00284004
RCN/BTC,1609930028633,2021-01-06T10:47:08.633Z,buy,1.26e-06,2254.0,0.00284004
RCN/BTC,1609930159647,2021-01-06T10:49:19.647Z,buy,1.26e-06,4523.0,0.00569898
RCN/BTC,1609930160024,2021-01-06T10:49:20.024Z,sell,1.26e-06,2285.0,0.0028791
RCN/BTC,1609930160356,2021-01-06T10:49:20.356Z,sell,1.26e-06,1092.0,0.00137592
RCN/BTC,1609930196193,2021-01-06T10:49:56.193Z,buy,1.27e-06,337.0,0.00042798999999999995
RCN/BTC,1609930196193,2021-01-06T10:49:56.193Z,buy,1.27e-06,170.0,0.0002159
RCN/BTC,1609930367099,2021-01-06T10:52:47.099Z,buy,1.27e-06,501.0,0.00063627
RCN/BTC,1609930435189,2021-01-06T10:53:55.189Z,buy,1.27e-06,174.0,0.00022098
RCN/BTC,1609930549196,2021-01-06T10:55:49.196Z,sell,1.26e-06,1045.0,0.0013167
RCN/BTC,1609930549603,2021-01-06T10:55:49.603Z,sell,1.26e-06,951.0,0.00119826
RCN/BTC,1609930555810,2021-01-06T10:55:55.810Z,buy,1.27e-06,174.0,0.00022098
RCN/BTC,1609930611565,2021-01-06T10:56:51.565Z,sell,1.26e-06,5509.0,0.00694134
RCN/BTC,1609930663590,2021-01-06T10:57:43.590Z,sell,1.26e-06,5000.0,0.0063
RCN/BTC,1609930663954,2021-01-06T10:57:43.954Z,sell,1.26e-06,1571.0,0.00197946
RCN/BTC,1609930664092,2021-01-06T10:57:44.092Z,sell,1.26e-06,2619.0,0.00329994
RCN/BTC,1609931036869,2021-01-06T11:03:56.869Z,buy,1.27e-06,234.0,0.00029717999999999997
RCN/BTC,1609931144096,2021-01-06T11:05:44.096Z,buy,1.27e-06,9176.0,0.011653519999999999
RCN/BTC,1609931149778,2021-01-06T11:05:49.778Z,sell,1.26e-06,1156.0,0.00145656
RCN/BTC,1609931155861,2021-01-06T11:05:55.861Z,buy,1.27e-06,535.0,0.00067945
RCN/BTC,1609931356216,2021-01-06T11:09:16.216Z,buy,1.27e-06,119.0,0.00015113
RCN/BTC,1609931454980,2021-01-06T11:10:54.980Z,buy,1.27e-06,320.0,0.00040639999999999996
RCN/BTC,1609931455150,2021-01-06T11:10:55.150Z,sell,1.26e-06,2013.0,0.00253638
RCN/BTC,1609931514415,2021-01-06T11:11:54.415Z,sell,1.26e-06,2695.0,0.0033957
RCN/BTC,1609931535992,2021-01-06T11:12:15.992Z,sell,1.26e-06,99.0,0.00012474
RCN/BTC,1609931698545,2021-01-06T11:14:58.545Z,sell,1.26e-06,280.0,0.0003528
RCN/BTC,1609931786480,2021-01-06T11:16:26.480Z,sell,1.26e-06,2359.0,0.00297234
RCN/BTC,1609931924275,2021-01-06T11:18:44.275Z,buy,1.27e-06,134.0,0.00017018
RCN/BTC,1609932202585,2021-01-06T11:23:22.585Z,sell,1.26e-06,1300.0,0.001638
RCN/BTC,1609932276703,2021-01-06T11:24:36.703Z,sell,1.26e-06,1200.0,0.001512
RCN/BTC,1609932293900,2021-01-06T11:24:53.900Z,buy,1.27e-06,159.0,0.00020192999999999999
RCN/BTC,1609932415651,2021-01-06T11:26:55.651Z,buy,1.27e-06,1449.0,0.0018402299999999998
RCN/BTC,1609932433377,2021-01-06T11:27:13.377Z,sell,1.26e-06,1295.0,0.0016317
RCN/BTC,1609932661341,2021-01-06T11:31:01.341Z,sell,1.26e-06,5812.0,0.00732312
RCN/BTC,1609932661341,2021-01-06T11:31:01.341Z,sell,1.25e-06,3024.0,0.0037800000000000004
RCN/BTC,1609932674922,2021-01-06T11:31:14.922Z,sell,1.25e-06,595.0,0.00074375
RCN/BTC,1609932725058,2021-01-06T11:32:05.058Z,buy,1.26e-06,6777.0,0.00853902
RCN/BTC,1609932725058,2021-01-06T11:32:05.058Z,buy,1.27e-06,23.0,2.9209999999999996e-05
RCN/BTC,1609932745399,2021-01-06T11:32:25.399Z,buy,1.26e-06,7685.0,0.0096831
RCN/BTC,1609932745399,2021-01-06T11:32:25.399Z,buy,1.27e-06,115.0,0.00014605
RCN/BTC,1609932777687,2021-01-06T11:32:57.687Z,buy,1.26e-06,5539.0,0.00697914
RCN/BTC,1609932777687,2021-01-06T11:32:57.687Z,buy,1.27e-06,61.0,7.746999999999999e-05
RCN/BTC,1609932795247,2021-01-06T11:33:15.247Z,sell,1.26e-06,1175.0,0.0014805
RCN/BTC,1609932818181,2021-01-06T11:33:38.181Z,buy,1.27e-06,4667.0,0.0059270899999999994
RCN/BTC,1609932955107,2021-01-06T11:35:55.107Z,buy,1.27e-06,173.0,0.00021971
RCN/BTC,1609933180537,2021-01-06T11:39:40.537Z,sell,1.26e-06,6283.0,0.00791658
RCN/BTC,1609933180537,2021-01-06T11:39:40.537Z,sell,1.25e-06,3698.0,0.004622500000000001
RCN/BTC,1609933202704,2021-01-06T11:40:02.704Z,buy,1.26e-06,258.0,0.00032508
RCN/BTC,1609933319351,2021-01-06T11:41:59.351Z,sell,1.25e-06,6287.0,0.007858750000000001
RCN/BTC,1609933320205,2021-01-06T11:42:00.205Z,buy,1.25e-06,4673.0,0.00584125
RCN/BTC,1609933320568,2021-01-06T11:42:00.568Z,buy,1.25e-06,327.0,0.00040875000000000004
RCN/BTC,1609933338584,2021-01-06T11:42:18.584Z,buy,1.25e-06,8191.0,0.010238750000000001
RCN/BTC,1609933347598,2021-01-06T11:42:27.598Z,buy,1.25e-06,1352.0,0.00169
RCN/BTC,1609933356560,2021-01-06T11:42:36.560Z,buy,1.25e-06,5000.0,0.00625
RCN/BTC,1609933366044,2021-01-06T11:42:46.044Z,buy,1.25e-06,1358.0,0.0016975000000000002
RCN/BTC,1609933379424,2021-01-06T11:42:59.424Z,sell,1.24e-06,163.0,0.00020212
RCN/BTC,1609933381556,2021-01-06T11:43:01.556Z,sell,1.24e-06,1108.0,0.00137392
RCN/BTC,1609933411316,2021-01-06T11:43:31.316Z,sell,1.25e-06,600.0,0.00075
RCN/BTC,1609933478752,2021-01-06T11:44:38.752Z,sell,1.25e-06,4400.0,0.0055000000000000005
RCN/BTC,1609933478752,2021-01-06T11:44:38.752Z,sell,1.24e-06,46778.0,0.05800472
RCN/BTC,1609933478810,2021-01-06T11:44:38.810Z,buy,1.24e-06,49078.0,0.060856719999999996
RCN/BTC,1609933478830,2021-01-06T11:44:38.830Z,buy,1.24e-06,2992.0,0.00371008
RCN/BTC,1609933478836,2021-01-06T11:44:38.836Z,buy,1.24e-06,2008.0,0.00248992
RCN/BTC,1609933494678,2021-01-06T11:44:54.678Z,buy,1.25e-06,156.0,0.00019500000000000002
RCN/BTC,1609933506084,2021-01-06T11:45:06.084Z,buy,1.25e-06,2168.0,0.00271
RCN/BTC,1609933508817,2021-01-06T11:45:08.817Z,buy,1.25e-06,3176.0,0.0039700000000000004
RCN/BTC,1609933510489,2021-01-06T11:45:10.489Z,buy,1.26e-06,1248.0,0.00157248
RCN/BTC,1609933510489,2021-01-06T11:45:10.489Z,buy,1.26e-06,1248.0,0.00157248
RCN/BTC,1609933637830,2021-01-06T11:47:17.830Z,buy,1.26e-06,169.0,0.00021294
RCN/BTC,1609933677011,2021-01-06T11:47:57.011Z,sell,1.25e-06,1731.0,0.0021637500000000003
RCN/BTC,1609934060623,2021-01-06T11:54:20.623Z,sell,1.25e-06,5056.0,0.00632
RCN/BTC,1609934060623,2021-01-06T11:54:20.623Z,sell,1.24e-06,2211.0,0.00274164
RCN/BTC,1609934068922,2021-01-06T11:54:28.922Z,sell,1.25e-06,500.0,0.000625
RCN/BTC,1609934335593,2021-01-06T11:58:55.593Z,sell,1.25e-06,320.0,0.0004
RCN/BTC,1609934394243,2021-01-06T11:59:54.243Z,sell,1.25e-06,137.0,0.00017125000000000002
RCN/BTC,1609934412941,2021-01-06T12:00:12.941Z,sell,1.25e-06,11621.0,0.014526250000000001
RCN/BTC,1609934451402,2021-01-06T12:00:51.402Z,buy,1.26e-06,3175.0,0.0040005
RCN/BTC,1609934457709,2021-01-06T12:00:57.709Z,sell,1.25e-06,216.0,0.00027
RCN/BTC,1609934475902,2021-01-06T12:01:15.902Z,buy,1.26e-06,147.0,0.00018522
RCN/BTC,1609935139916,2021-01-06T12:12:19.916Z,buy,1.26e-06,146.0,0.00018396
RCN/BTC,1609935176948,2021-01-06T12:12:56.948Z,buy,1.26e-06,613.0,0.00077238
RCN/BTC,1609935257357,2021-01-06T12:14:17.357Z,sell,1.25e-06,612.0,0.0007650000000000001
RCN/BTC,1609935393544,2021-01-06T12:16:33.544Z,sell,1.25e-06,2359.0,0.0029487500000000004
RCN/BTC,1609935498722,2021-01-06T12:18:18.722Z,buy,1.26e-06,117.0,0.00014742
RCN/BTC,1609935535556,2021-01-06T12:18:55.556Z,sell,1.25e-06,153.0,0.00019125000000000001
RCN/BTC,1609935582350,2021-01-06T12:19:42.350Z,buy,1.26e-06,9755.0,0.0122913
RCN/BTC,1609935591734,2021-01-06T12:19:51.734Z,buy,1.27e-06,129.0,0.00016382999999999998
RCN/BTC,1609935620678,2021-01-06T12:20:20.678Z,sell,1.26e-06,5351.0,0.00674226
RCN/BTC,1609935714760,2021-01-06T12:21:54.760Z,buy,1.26e-06,9766.0,0.01230516
RCN/BTC,1609935782139,2021-01-06T12:23:02.139Z,sell,1.26e-06,167.0,0.00021042
RCN/BTC,1609935836307,2021-01-06T12:23:56.307Z,sell,1.26e-06,581.0,0.00073206
RCN/BTC,1609935982120,2021-01-06T12:26:22.120Z,sell,1.26e-06,246.0,0.00030996
RCN/BTC,1609936056626,2021-01-06T12:27:36.626Z,sell,1.26e-06,3809.0,0.00479934
RCN/BTC,1609936057748,2021-01-06T12:27:37.748Z,sell,1.26e-06,907.0,0.00114282
RCN/BTC,1609936121423,2021-01-06T12:28:41.423Z,sell,1.26e-06,1005.0,0.0012663
RCN/BTC,1609936141309,2021-01-06T12:29:01.309Z,buy,1.27e-06,288.0,0.00036575999999999997
RCN/BTC,1609936148327,2021-01-06T12:29:08.327Z,buy,1.27e-06,2487.0,0.00315849
RCN/BTC,1609936190194,2021-01-06T12:29:50.194Z,buy,1.27e-06,3150.0,0.0040005
RCN/BTC,1609936212293,2021-01-06T12:30:12.293Z,buy,1.27e-06,314.0,0.00039877999999999995
RCN/BTC,1609936215001,2021-01-06T12:30:15.001Z,sell,1.26e-06,210.0,0.0002646
RCN/BTC,1609936250760,2021-01-06T12:30:50.760Z,buy,1.27e-06,8751.0,0.011113769999999999
RCN/BTC,1609936251831,2021-01-06T12:30:51.831Z,sell,1.27e-06,2291.0,0.0029095699999999998
RCN/BTC,1609936252212,2021-01-06T12:30:52.212Z,sell,1.27e-06,2291.0,0.0029095699999999998
RCN/BTC,1609936253109,2021-01-06T12:30:53.109Z,sell,1.27e-06,2208.0,0.00280416
RCN/BTC,1609936254640,2021-01-06T12:30:54.640Z,buy,1.28e-06,1750.0,0.0022400000000000002
RCN/BTC,1609936574288,2021-01-06T12:36:14.288Z,sell,1.27e-06,5698.0,0.007236459999999999
RCN/BTC,1609936575764,2021-01-06T12:36:15.764Z,buy,1.27e-06,251.0,0.00031876999999999996
RCN/BTC,1609936615271,2021-01-06T12:36:55.271Z,sell,1.26e-06,183.0,0.00023058
RCN/BTC,1609936615834,2021-01-06T12:36:55.834Z,buy,1.27e-06,346.0,0.00043942
RCN/BTC,1609936642323,2021-01-06T12:37:22.323Z,buy,1.27e-06,5469.0,0.0069456299999999995
RCN/BTC,1609936674522,2021-01-06T12:37:54.522Z,sell,1.27e-06,450.0,0.0005715
RCN/BTC,1609936745332,2021-01-06T12:39:05.332Z,sell,1.27e-06,5102.0,0.00647954
RCN/BTC,1609937001768,2021-01-06T12:43:21.768Z,sell,1.26e-06,157.0,0.00019782
RCN/BTC,1609937037296,2021-01-06T12:43:57.296Z,sell,1.26e-06,627.0,0.00079002
RCN/BTC,1609937082838,2021-01-06T12:44:42.838Z,sell,1.26e-06,7409.0,0.00933534
RCN/BTC,1609937082838,2021-01-06T12:44:42.838Z,sell,1.26e-06,7409.0,0.00933534
RCN/BTC,1609937241076,2021-01-06T12:47:21.076Z,buy,1.27e-06,7579.0,0.00962533
RCN/BTC,1609937274527,2021-01-06T12:47:54.527Z,sell,1.27e-06,629.0,0.0007988299999999999
RCN/BTC,1609937343500,2021-01-06T12:49:03.500Z,buy,1.28e-06,307.0,0.00039296000000000003
RCN/BTC,1609937491716,2021-01-06T12:51:31.716Z,buy,1.28e-06,970.0,0.0012416
RCN/BTC,1609937619199,2021-01-06T12:53:39.199Z,sell,1.27e-06,1686.0,0.0021412199999999997
RCN/BTC,1609937655806,2021-01-06T12:54:15.806Z,sell,1.27e-06,522.0,0.00066294
RCN/BTC,1609937716316,2021-01-06T12:55:16.316Z,sell,1.27e-06,125.0,0.00015874999999999998
RCN/BTC,1609938086569,2021-01-06T13:01:26.569Z,sell,1.27e-06,1793.0,0.0022771099999999997
RCN/BTC,1609938089416,2021-01-06T13:01:29.416Z,sell,1.27e-06,1789.0,0.00227203
RCN/BTC,1609938173918,2021-01-06T13:02:53.918Z,buy,1.28e-06,192.0,0.00024576000000000003
RCN/BTC,1609938216995,2021-01-06T13:03:36.995Z,buy,1.28e-06,208.0,0.00026624
RCN/BTC,1609938236778,2021-01-06T13:03:56.778Z,sell,1.27e-06,113.0,0.00014350999999999999
RCN/BTC,1609938417290,2021-01-06T13:06:57.290Z,sell,1.27e-06,263.0,0.00033401
RCN/BTC,1609938434346,2021-01-06T13:07:14.346Z,sell,1.27e-06,384.0,0.00048768
RCN/BTC,1609938437753,2021-01-06T13:07:17.753Z,buy,1.28e-06,18569.0,0.02376832
RCN/BTC,1609938437753,2021-01-06T13:07:17.753Z,buy,1.29e-06,49271.0,0.06355959
RCN/BTC,1609938445367,2021-01-06T13:07:25.367Z,buy,1.3e-06,3077.0,0.0040001
RCN/BTC,1609938446679,2021-01-06T13:07:26.679Z,sell,1.28e-06,1240.0,0.0015872
RCN/BTC,1609938452999,2021-01-06T13:07:32.999Z,buy,1.29e-06,500.0,0.000645
RCN/BTC,1609938453500,2021-01-06T13:07:33.500Z,sell,1.28e-06,2520.0,0.0032256
RCN/BTC,1609938458497,2021-01-06T13:07:38.497Z,sell,1.28e-06,4475.0,0.0057280000000000005
RCN/BTC,1609938485123,2021-01-06T13:08:05.123Z,sell,1.27e-06,2589.0,0.00328803
RCN/BTC,1609938486842,2021-01-06T13:08:06.842Z,sell,1.27e-06,314.0,0.00039877999999999995
RCN/BTC,1609938530054,2021-01-06T13:08:50.054Z,sell,1.28e-06,1670.0,0.0021376
RCN/BTC,1609938679854,2021-01-06T13:11:19.854Z,buy,1.29e-06,576.0,0.0007430399999999999
RCN/BTC,1609938690526,2021-01-06T13:11:30.526Z,sell,1.27e-06,31496.0,0.039999919999999994
RCN/BTC,1609938701852,2021-01-06T13:11:41.852Z,sell,1.27e-06,575.0,0.00073025
RCN/BTC,1609938722595,2021-01-06T13:12:02.595Z,buy,1.28e-06,285.0,0.00036480000000000003
RCN/BTC,1609938845080,2021-01-06T13:14:05.080Z,buy,1.28e-06,6098.0,0.00780544
RCN/BTC,1609938847195,2021-01-06T13:14:07.195Z,sell,1.28e-06,2153.0,0.00275584
RCN/BTC,1609938849567,2021-01-06T13:14:09.567Z,sell,1.28e-06,2847.0,0.00364416
RCN/BTC,1609938858656,2021-01-06T13:14:18.656Z,sell,1.28e-06,5000.0,0.0064
RCN/BTC,1609938916114,2021-01-06T13:15:16.114Z,sell,1.28e-06,123.0,0.00015744
RCN/BTC,1609938956005,2021-01-06T13:15:56.005Z,buy,1.29e-06,345.0,0.00044505
RCN/BTC,1609939222649,2021-01-06T13:20:22.649Z,sell,1.28e-06,161.0,0.00020608
RCN/BTC,1609939382110,2021-01-06T13:23:02.110Z,sell,1.28e-06,5000.0,0.0064
RCN/BTC,1609939400173,2021-01-06T13:23:20.173Z,sell,1.28e-06,5000.0,0.0064
RCN/BTC,1609939454650,2021-01-06T13:24:14.650Z,sell,1.28e-06,318.0,0.00040704
RCN/BTC,1609939458309,2021-01-06T13:24:18.309Z,sell,1.28e-06,288.0,0.00036864
RCN/BTC,1609939466565,2021-01-06T13:24:26.565Z,sell,1.28e-06,890.0,0.0011392
RCN/BTC,1609939471498,2021-01-06T13:24:31.498Z,sell,1.28e-06,2764.0,0.00353792
RCN/BTC,1609939577190,2021-01-06T13:26:17.190Z,sell,1.28e-06,274.0,0.00035072
RCN/BTC,1609939616384,2021-01-06T13:26:56.384Z,sell,1.28e-06,13515.0,0.0172992
RCN/BTC,1609939736530,2021-01-06T13:28:56.530Z,buy,1.29e-06,114.0,0.00014706
RCN/BTC,1609939862775,2021-01-06T13:31:02.775Z,buy,1.29e-06,2164.0,0.00279156
RCN/BTC,1609939902913,2021-01-06T13:31:42.913Z,buy,1.29e-06,61.0,7.869e-05
RCN/BTC,1609939933497,2021-01-06T13:32:13.497Z,buy,1.29e-06,1008.0,0.00130032
RCN/BTC,1609940034209,2021-01-06T13:33:54.209Z,buy,1.29e-06,120.0,0.0001548
RCN/BTC,1609940055874,2021-01-06T13:34:15.874Z,buy,1.29e-06,168.0,0.00021672
RCN/BTC,1609940175212,2021-01-06T13:36:15.212Z,sell,1.28e-06,279.0,0.00035712
RCN/BTC,1609940209746,2021-01-06T13:36:49.746Z,buy,1.29e-06,1273.0,0.0016421699999999999
RCN/BTC,1609940294598,2021-01-06T13:38:14.598Z,sell,1.28e-06,2236.0,0.00286208
RCN/BTC,1609940409249,2021-01-06T13:40:09.249Z,buy,1.29e-06,1812.0,0.00233748
RCN/BTC,1609940434664,2021-01-06T13:40:34.664Z,sell,1.29e-06,2086.0,0.0026909399999999997
RCN/BTC,1609940461010,2021-01-06T13:41:01.010Z,sell,1.29e-06,11256.0,0.014520239999999998
RCN/BTC,1609940461028,2021-01-06T13:41:01.028Z,sell,1.29e-06,515.0,0.00066435
RCN/BTC,1609940635251,2021-01-06T13:43:55.251Z,sell,1.28e-06,146.0,0.00018688
RCN/BTC,1609940635251,2021-01-06T13:43:55.251Z,sell,1.28e-06,146.0,0.00018688
RCN/BTC,1609940695842,2021-01-06T13:44:55.842Z,buy,1.29e-06,4305.0,0.00555345
RCN/BTC,1609940884928,2021-01-06T13:48:04.928Z,buy,1.29e-06,849.0,0.0010952099999999999
RCN/BTC,1609940937906,2021-01-06T13:48:57.906Z,sell,1.28e-06,576.0,0.00073728
RCN/BTC,1609941056701,2021-01-06T13:50:56.701Z,sell,1.28e-06,614.0,0.0007859200000000001
RCN/BTC,1609941105263,2021-01-06T13:51:45.263Z,sell,1.28e-06,4619.0,0.00591232
RCN/BTC,1609941313291,2021-01-06T13:55:13.291Z,sell,1.28e-06,1132.0,0.00144896
RCN/BTC,1609941341038,2021-01-06T13:55:41.038Z,sell,1.28e-06,2098.0,0.00268544
RCN/BTC,1609941497710,2021-01-06T13:58:17.710Z,sell,1.28e-06,1543.0,0.00197504
RCN/BTC,1609941535024,2021-01-06T13:58:55.024Z,buy,1.29e-06,600.0,0.000774
RCN/BTC,1609941546948,2021-01-06T13:59:06.948Z,sell,1.28e-06,456.0,0.00058368
RCN/BTC,1609941838616,2021-01-06T14:03:58.616Z,sell,1.28e-06,1828.0,0.00233984
RCN/BTC,1609941863138,2021-01-06T14:04:23.138Z,buy,1.29e-06,743.0,0.0009584699999999999
RCN/BTC,1609941904394,2021-01-06T14:05:04.394Z,buy,1.29e-06,9392.0,0.01211568
RCN/BTC,1609941945775,2021-01-06T14:05:45.775Z,buy,1.29e-06,1331.0,0.0017169899999999998
RCN/BTC,1609941955891,2021-01-06T14:05:55.891Z,sell,1.28e-06,146.0,0.00018688
RCN/BTC,1609942034727,2021-01-06T14:07:14.727Z,buy,1.29e-06,823.0,0.00106167
RCN/BTC,1609942076266,2021-01-06T14:07:56.266Z,buy,1.29e-06,79.0,0.00010190999999999999
RCN/BTC,1609942135764,2021-01-06T14:08:55.764Z,sell,1.28e-06,428.0,0.00054784
RCN/BTC,1609942179945,2021-01-06T14:09:39.945Z,sell,1.28e-06,177.0,0.00022656
RCN/BTC,1609942310408,2021-01-06T14:11:50.408Z,sell,1.28e-06,4117.0,0.00526976
RCN/BTC,1609942439281,2021-01-06T14:13:59.281Z,sell,1.28e-06,685.0,0.0008768000000000001
RCN/BTC,1609942489675,2021-01-06T14:14:49.675Z,buy,1.29e-06,7751.0,0.009998789999999999
RCN/BTC,1609942577273,2021-01-06T14:16:17.273Z,buy,1.29e-06,1492.0,0.0019246799999999998
RCN/BTC,1609942621532,2021-01-06T14:17:01.532Z,buy,1.29e-06,8601.0,0.011095289999999999
RCN/BTC,1609942621557,2021-01-06T14:17:01.557Z,sell,1.29e-06,350.0,0.00045149999999999997
RCN/BTC,1609942815758,2021-01-06T14:20:15.758Z,sell,1.29e-06,624.0,0.00080496
RCN/BTC,1609942917685,2021-01-06T14:21:57.685Z,sell,1.29e-06,115.0,0.00014835
RCN/BTC,1609943080918,2021-01-06T14:24:40.918Z,sell,1.29e-06,4102.0,0.00529158
RCN/BTC,1609943081159,2021-01-06T14:24:41.159Z,sell,1.29e-06,159.0,0.00020511
RCN/BTC,1609943081916,2021-01-06T14:24:41.916Z,sell,1.28e-06,7001.0,0.00896128
RCN/BTC,1609943100936,2021-01-06T14:25:00.936Z,buy,1.3e-06,2009.0,0.0026117000000000002
RCN/BTC,1609943136754,2021-01-06T14:25:36.754Z,buy,1.3e-06,2244.0,0.0029172
RCN/BTC,1609943150332,2021-01-06T14:25:50.332Z,buy,1.3e-06,3076.0,0.0039988
RCN/BTC,1609943153385,2021-01-06T14:25:53.385Z,buy,1.3e-06,4484.0,0.0058292000000000005
RCN/BTC,1609943160403,2021-01-06T14:26:00.403Z,buy,1.3e-06,11168.0,0.0145184
RCN/BTC,1609943176708,2021-01-06T14:26:16.708Z,buy,1.3e-06,14592.0,0.0189696
RCN/BTC,1609943180550,2021-01-06T14:26:20.550Z,sell,1.29e-06,3000.0,0.0038699999999999997
RCN/BTC,1609943231724,2021-01-06T14:27:11.724Z,buy,1.3e-06,721.0,0.0009373000000000001
RCN/BTC,1609943236569,2021-01-06T14:27:16.569Z,buy,1.3e-06,347.0,0.0004511
RCN/BTC,1609943239372,2021-01-06T14:27:19.372Z,buy,1.3e-06,1930.0,0.002509
RCN/BTC,1609943239372,2021-01-06T14:27:19.372Z,buy,1.31e-06,2536.0,0.00332216
RCN/BTC,1609943256066,2021-01-06T14:27:36.066Z,buy,1.31e-06,5000.0,0.006549999999999999
RCN/BTC,1609943286765,2021-01-06T14:28:06.765Z,buy,1.31e-06,2871.0,0.00376101
RCN/BTC,1609943294688,2021-01-06T14:28:14.688Z,buy,1.31e-06,2687.0,0.00351997
RCN/BTC,1609943366688,2021-01-06T14:29:26.688Z,buy,1.31e-06,11034.0,0.01445454
RCN/BTC,1609943367637,2021-01-06T14:29:27.637Z,buy,1.31e-06,3329.0,0.0043609899999999995
RCN/BTC,1609943429624,2021-01-06T14:30:29.624Z,buy,1.31e-06,1652.0,0.00216412
RCN/BTC,1609943430218,2021-01-06T14:30:30.218Z,sell,1.31e-06,2224.0,0.0029134399999999998
RCN/BTC,1609943471726,2021-01-06T14:31:11.726Z,buy,1.32e-06,4500.0,0.00594
RCN/BTC,1609943480421,2021-01-06T14:31:20.421Z,buy,1.32e-06,14516.0,0.01916112
RCN/BTC,1609943482292,2021-01-06T14:31:22.292Z,buy,1.32e-06,59332.0,0.07831824
RCN/BTC,1609943487186,2021-01-06T14:31:27.186Z,buy,1.33e-06,2650.0,0.0035245
RCN/BTC,1609943506396,2021-01-06T14:31:46.396Z,buy,1.33e-06,214.0,0.00028461999999999997
RCN/BTC,1609943536292,2021-01-06T14:32:16.292Z,sell,1.32e-06,500.0,0.00066
RCN/BTC,1609943536292,2021-01-06T14:32:16.292Z,sell,1.32e-06,170.0,0.0002244
RCN/BTC,1609943537211,2021-01-06T14:32:17.211Z,sell,1.32e-06,753.0,0.0009939600000000001
RCN/BTC,1609943556529,2021-01-06T14:32:36.529Z,buy,1.33e-06,54614.0,0.07263662
RCN/BTC,1609943565375,2021-01-06T14:32:45.375Z,sell,1.32e-06,666.0,0.00087912
RCN/BTC,1609943572933,2021-01-06T14:32:52.933Z,sell,1.32e-06,1637.0,0.0021608400000000002
RCN/BTC,1609943582032,2021-01-06T14:33:02.032Z,sell,1.32e-06,5210.0,0.0068772
RCN/BTC,1609943582169,2021-01-06T14:33:02.169Z,sell,1.32e-06,3879.0,0.0051202800000000005
RCN/BTC,1609943622533,2021-01-06T14:33:42.533Z,buy,1.33e-06,1126.0,0.0014975799999999999
RCN/BTC,1609943654198,2021-01-06T14:34:14.198Z,buy,1.33e-06,2845.0,0.00378385
RCN/BTC,1609943659739,2021-01-06T14:34:19.739Z,buy,1.33e-06,2410.0,0.0032053
RCN/BTC,1609943666617,2021-01-06T14:34:26.617Z,sell,1.32e-06,1686.0,0.00222552
RCN/BTC,1609943672783,2021-01-06T14:34:32.783Z,buy,1.33e-06,77961.0,0.10368813
RCN/BTC,1609943708925,2021-01-06T14:35:08.925Z,sell,1.32e-06,138.0,0.00018216
RCN/BTC,1609943710433,2021-01-06T14:35:10.433Z,buy,1.33e-06,46745.0,0.06217085
RCN/BTC,1609943710433,2021-01-06T14:35:10.433Z,buy,1.34e-06,64412.0,0.08631208
RCN/BTC,1609943712519,2021-01-06T14:35:12.519Z,sell,1.34e-06,1211.0,0.0016227400000000001
RCN/BTC,1609943719425,2021-01-06T14:35:19.425Z,sell,1.34e-06,160.0,0.0002144
RCN/BTC,1609943726719,2021-01-06T14:35:26.719Z,buy,1.35e-06,13176.0,0.0177876
RCN/BTC,1609943728243,2021-01-06T14:35:28.243Z,sell,1.35e-06,3249.0,0.00438615
RCN/BTC,1609943735173,2021-01-06T14:35:35.173Z,sell,1.35e-06,1624.0,0.0021924
RCN/BTC,1609943740625,2021-01-06T14:35:40.625Z,sell,1.35e-06,1355.0,0.00182925
RCN/BTC,1609943742231,2021-01-06T14:35:42.231Z,sell,1.35e-06,1463.0,0.00197505
RCN/BTC,1609943776103,2021-01-06T14:36:16.103Z,sell,1.35e-06,3175.0,0.00428625
RCN/BTC,1609943777472,2021-01-06T14:36:17.472Z,sell,1.35e-06,165.0,0.00022275
RCN/BTC,1609943784982,2021-01-06T14:36:24.982Z,sell,1.35e-06,1502.0,0.0020277
RCN/BTC,1609943797745,2021-01-06T14:36:37.745Z,buy,1.36e-06,94617.0,0.12867911999999998
RCN/BTC,1609943816904,2021-01-06T14:36:56.904Z,sell,1.36e-06,1087.0,0.00147832
RCN/BTC,1609943845304,2021-01-06T14:37:25.304Z,sell,1.36e-06,1355.0,0.0018428
RCN/BTC,1609943849674,2021-01-06T14:37:29.674Z,buy,1.37e-06,14598.0,0.01999926
RCN/BTC,1609943859620,2021-01-06T14:37:39.620Z,sell,1.36e-06,4993.0,0.00679048
RCN/BTC,1609943869672,2021-01-06T14:37:49.672Z,buy,1.37e-06,7353.0,0.01007361
RCN/BTC,1609943917387,2021-01-06T14:38:37.387Z,buy,1.37e-06,634.0,0.00086858
RCN/BTC,1609943918605,2021-01-06T14:38:38.605Z,sell,1.36e-06,3788.0,0.00515168
RCN/BTC,1609943922033,2021-01-06T14:38:42.033Z,buy,1.37e-06,32401.0,0.04438937
RCN/BTC,1609943934370,2021-01-06T14:38:54.370Z,sell,1.37e-06,3853.0,0.00527861
RCN/BTC,1609943934826,2021-01-06T14:38:54.826Z,sell,1.37e-06,879.0,0.00120423
RCN/BTC,1609943947948,2021-01-06T14:39:07.948Z,sell,1.37e-06,76.0,0.00010412
RCN/BTC,1609943953466,2021-01-06T14:39:13.466Z,buy,1.38e-06,42613.0,0.058805939999999994
RCN/BTC,1609943996135,2021-01-06T14:39:56.135Z,sell,1.37e-06,173.0,0.00023701
RCN/BTC,1609944001038,2021-01-06T14:40:01.038Z,buy,1.38e-06,28516.0,0.03935208
RCN/BTC,1609944008753,2021-01-06T14:40:08.753Z,buy,1.39e-06,36160.0,0.0502624
RCN/BTC,1609944014330,2021-01-06T14:40:14.330Z,sell,1.39e-06,2678.0,0.00372242
RCN/BTC,1609944023707,2021-01-06T14:40:23.707Z,buy,1.4e-06,14285.0,0.019999
RCN/BTC,1609944023721,2021-01-06T14:40:23.721Z,buy,1.4e-06,1024.0,0.0014336
RCN/BTC,1609944031877,2021-01-06T14:40:31.877Z,buy,1.4e-06,929.0,0.0013005999999999998
RCN/BTC,1609944036729,2021-01-06T14:40:36.729Z,buy,1.4e-06,22335.0,0.031269
RCN/BTC,1609944059047,2021-01-06T14:40:59.047Z,buy,1.4e-06,14136.0,0.0197904
RCN/BTC,1609944073323,2021-01-06T14:41:13.323Z,buy,1.4e-06,5423.0,0.0075921999999999995
RCN/BTC,1609944086999,2021-01-06T14:41:26.999Z,sell,1.39e-06,5453.0,0.00757967
RCN/BTC,1609944087001,2021-01-06T14:41:27.001Z,buy,1.4e-06,46719.0,0.0654066
RCN/BTC,1609944088542,2021-01-06T14:41:28.542Z,buy,1.41e-06,628.0,0.00088548
RCN/BTC,1609944091551,2021-01-06T14:41:31.551Z,sell,1.4e-06,628.0,0.0008792
RCN/BTC,1609944091738,2021-01-06T14:41:31.738Z,sell,1.4e-06,500.0,0.0007
RCN/BTC,1609944099163,2021-01-06T14:41:39.163Z,sell,1.4e-06,394.0,0.0005516
RCN/BTC,1609944099745,2021-01-06T14:41:39.745Z,sell,1.4e-06,45100.0,0.06314
RCN/BTC,1609944099745,2021-01-06T14:41:39.745Z,sell,1.38e-06,1149.0,0.0015856199999999998
RCN/BTC,1609944099745,2021-01-06T14:41:39.745Z,sell,1.37e-06,332.0,0.00045484000000000003
RCN/BTC,1609944103557,2021-01-06T14:41:43.557Z,buy,1.37e-06,442.0,0.00060554
RCN/BTC,1609944103736,2021-01-06T14:41:43.736Z,buy,1.37e-06,500.0,0.000685
RCN/BTC,1609944104738,2021-01-06T14:41:44.738Z,buy,1.37e-06,500.0,0.000685
RCN/BTC,1609944114267,2021-01-06T14:41:54.267Z,sell,1.36e-06,1160.0,0.0015776
RCN/BTC,1609944115110,2021-01-06T14:41:55.110Z,sell,1.36e-06,121.0,0.00016455999999999998
RCN/BTC,1609944117535,2021-01-06T14:41:57.535Z,sell,1.36e-06,639.0,0.00086904
RCN/BTC,1609944122063,2021-01-06T14:42:02.063Z,buy,1.37e-06,6977.0,0.00955849
RCN/BTC,1609944122925,2021-01-06T14:42:02.925Z,sell,1.37e-06,318.0,0.00043566
RCN/BTC,1609944137623,2021-01-06T14:42:17.623Z,sell,1.37e-06,163.0,0.00022331
RCN/BTC,1609944142247,2021-01-06T14:42:22.247Z,buy,1.38e-06,6089.0,0.00840282
RCN/BTC,1609944144086,2021-01-06T14:42:24.086Z,buy,1.38e-06,435.0,0.0006003
RCN/BTC,1609944196088,2021-01-06T14:43:16.088Z,buy,1.38e-06,135.0,0.0001863
RCN/BTC,1609944196390,2021-01-06T14:43:16.390Z,sell,1.37e-06,265.0,0.00036305
RCN/BTC,1609944207767,2021-01-06T14:43:27.767Z,sell,1.37e-06,1201.0,0.00164537
RCN/BTC,1609944220351,2021-01-06T14:43:40.351Z,sell,1.37e-06,22312.0,0.03056744
RCN/BTC,1609944228929,2021-01-06T14:43:48.929Z,sell,1.37e-06,524.0,0.0007178800000000001
RCN/BTC,1609944228929,2021-01-06T14:43:48.929Z,sell,1.37e-06,524.0,0.0007178800000000001
RCN/BTC,1609944235774,2021-01-06T14:43:55.774Z,buy,1.38e-06,161.0,0.00022218
RCN/BTC,1609944260127,2021-01-06T14:44:20.127Z,sell,1.37e-06,2342.0,0.00320854
RCN/BTC,1609944274783,2021-01-06T14:44:34.783Z,sell,1.37e-06,214.0,0.00029318
RCN/BTC,1609944309978,2021-01-06T14:45:09.978Z,sell,1.37e-06,37787.0,0.05176819
RCN/BTC,1609944347285,2021-01-06T14:45:47.285Z,sell,1.37e-06,199.0,0.00027263
RCN/BTC,1609944362474,2021-01-06T14:46:02.474Z,sell,1.37e-06,113.0,0.00015481
RCN/BTC,1609944412642,2021-01-06T14:46:52.642Z,sell,1.37e-06,5525.0,0.0075692500000000005
RCN/BTC,1609944415986,2021-01-06T14:46:55.986Z,sell,1.37e-06,291.0,0.00039867
RCN/BTC,1609944430183,2021-01-06T14:47:10.183Z,buy,1.38e-06,5100.0,0.007038
RCN/BTC,1609944434999,2021-01-06T14:47:14.999Z,sell,1.37e-06,2825.0,0.00387025
RCN/BTC,1609944435343,2021-01-06T14:47:15.343Z,sell,1.37e-06,341.0,0.00046717
RCN/BTC,1609944435682,2021-01-06T14:47:15.682Z,sell,1.37e-06,184.0,0.00025208
RCN/BTC,1609944461491,2021-01-06T14:47:41.491Z,buy,1.38e-06,2310.0,0.0031877999999999997
RCN/BTC,1609944472005,2021-01-06T14:47:52.005Z,buy,1.38e-06,34866.0,0.04811508
RCN/BTC,1609944516079,2021-01-06T14:48:36.079Z,sell,1.38e-06,1605.0,0.0022148999999999997
RCN/BTC,1609944518920,2021-01-06T14:48:38.920Z,buy,1.39e-06,432.0,0.00060048
RCN/BTC,1609944522999,2021-01-06T14:48:42.999Z,sell,1.38e-06,1605.0,0.0022148999999999997
RCN/BTC,1609944529998,2021-01-06T14:48:49.998Z,sell,1.38e-06,1605.0,0.0022148999999999997
RCN/BTC,1609944534829,2021-01-06T14:48:54.829Z,sell,1.38e-06,733.0,0.00101154
RCN/BTC,1609944539379,2021-01-06T14:48:59.379Z,sell,1.38e-06,46672.0,0.06440736
RCN/BTC,1609944539388,2021-01-06T14:48:59.388Z,sell,1.38e-06,3702.0,0.0051087599999999995
RCN/BTC,1609944557500,2021-01-06T14:49:17.500Z,buy,1.38e-06,281.0,0.00038777999999999995
