symbol,timestamp,datetime,side,price,amount,btc_volume
RCN/BTC,1610125257478,2021-01-08T17:00:57.478Z,buy,1.17e-06,1390.0,0.0016263
RCN/BTC,1610125273228,2021-01-08T17:01:13.228Z,sell,1.16e-06,778.0,0.0009024799999999999
RCN/BTC,1610125274035,2021-01-08T17:01:14.035Z,buy,1.17e-06,1314.0,0.00153738
RCN/BTC,1610125317810,2021-01-08T17:01:57.810Z,buy,1.17e-06,1405.0,0.00164385
RCN/BTC,1610125359057,2021-01-08T17:02:39.057Z,buy,1.17e-06,1662.0,0.00194454
RCN/BTC,1610125379241,2021-01-08T17:02:59.241Z,sell,1.17e-06,1572.0,0.00183924
RCN/BTC,1610125422475,2021-01-08T17:03:42.475Z,buy,1.18e-06,2045.0,0.0024131
RCN/BTC,1610125426928,2021-01-08T17:03:46.928Z,sell,1.17e-06,488.0,0.00057096
RCN/BTC,1610125516599,2021-01-08T17:05:16.599Z,sell,1.17e-06,523.0,0.00061191
RCN/BTC,1610125538826,2021-01-08T17:05:38.826Z,sell,1.17e-06,4137.0,0.00484029
RCN/BTC,1610125558741,2021-01-08T17:05:58.741Z,buy,1.18e-06,1628.0,0.00192104
RCN/BTC,1610125644246,2021-01-08T17:07:24.246Z,buy,1.18e-06,86.0,0.00010148
RCN/BTC,1610125667652,2021-01-08T17:07:47.652Z,sell,1.17e-06,1661.0,0.00194337
RCN/BTC,1610125667963,2021-01-08T17:07:47.963Z,sell,1.17e-06,3130.0,0.0036621
RCN/BTC,1610125682587,2021-01-08T17:08:02.587Z,buy,1.18e-06,157.0,0.00018526
RCN/BTC,1610125687526,2021-01-08T17:08:07.526Z,sell,1.17e-06,1571.0,0.00183807
RCN/BTC,1610125701106,2021-01-08T17:08:21.106Z,sell,1.17e-06,940.0,0.0010998
RCN/BTC,1610125706952,2021-01-08T17:08:26.952Z,sell,1.17e-06,4325.0,0.0050602500000000005
RCN/BTC,1610125716675,2021-01-08T17:08:36.675Z,sell,1.17e-06,7079.0,0.00828243
RCN/BTC,1610125737442,2021-01-08T17:08:57.442Z,sell,1.17e-06,200.0,0.000234
RCN/BTC,1610125797108,2021-01-08T17:09:57.108Z,buy,1.18e-06,468.0,0.00055224
RCN/BTC,1610125814612,2021-01-08T17:10:14.612Z,sell,1.17e-06,2679.0,0.00313443
RCN/BTC,1610125832353,2021-01-08T17:10:32.353Z,sell,1.17e-06,30802.0,0.03603834
RCN/BTC,1610125864430,2021-01-08T17:11:04.430Z,buy,1.17e-06,2632.0,0.00307944
RCN/BTC,1610125903540,2021-01-08T17:11:43.540Z,buy,1.17e-06,103.0,0.00012051
RCN/BTC,1610126017776,2021-01-08T17:13:37.776Z,buy,1.17e-06,3343.0,0.00391131
RCN/BTC,1610126057686,2021-01-08T17:14:17.686Z,buy,1.17e-06,156.0,0.00018252
RCN/BTC,1610126156949,2021-01-08T17:15:56.949Z,buy,1.17e-06,962.0,0.00112554
RCN/BTC,1610126177741,2021-01-08T17:16:17.741Z,buy,1.17e-06,132.0,0.00015444
RCN/BTC,1610126236331,2021-01-08T17:17:16.331Z,buy,1.17e-06,309.0,0.00036153
RCN/BTC,1610126298826,2021-01-08T17:18:18.826Z,buy,1.17e-06,158.0,0.00018486000000000002
RCN/BTC,1610126299840,2021-01-08T17:18:19.840Z,sell,1.16e-06,1465.0,0.0016993999999999998
RCN/BTC,1610126338462,2021-01-08T17:18:58.462Z,buy,1.17e-06,149.0,0.00017433
RCN/BTC,1610126408740,2021-01-08T17:20:08.740Z,buy,1.17e-06,116.0,0.00013572
RCN/BTC,1610126419614,2021-01-08T17:20:19.614Z,sell,1.16e-06,4463.0,0.00517708
RCN/BTC,1610126458321,2021-01-08T17:20:58.321Z,buy,1.17e-06,132.0,0.00015444
RCN/BTC,1610126535618,2021-01-08T17:22:15.618Z,buy,1.17e-06,1565.0,0.00183105
RCN/BTC,1610126578665,2021-01-08T17:22:58.665Z,buy,1.17e-06,658.0,0.00076986
RCN/BTC,1610126634388,2021-01-08T17:23:54.388Z,buy,1.17e-06,3015.0,0.00352755
RCN/BTC,1610126696891,2021-01-08T17:24:56.891Z,buy,1.17e-06,279.0,0.00032643
RCN/BTC,1610126776710,2021-01-08T17:26:16.710Z,buy,1.17e-06,733.0,0.00085761
RCN/BTC,1610126817053,2021-01-08T17:26:57.053Z,buy,1.17e-06,247.0,0.00028899
RCN/BTC,1610126848409,2021-01-08T17:27:28.409Z,sell,1.16e-06,8743.0,0.010141879999999999
RCN/BTC,1610126939973,2021-01-08T17:28:59.973Z,buy,1.17e-06,5113.0,0.00598221
RCN/BTC,1610126939982,2021-01-08T17:28:59.982Z,buy,1.17e-06,725.0,0.00084825
RCN/BTC,1610126993837,2021-01-08T17:29:53.837Z,buy,1.18e-06,254.0,0.00029971999999999996
RCN/BTC,1610126996804,2021-01-08T17:29:56.804Z,buy,1.18e-06,290.0,0.00034219999999999997
RCN/BTC,1610127060575,2021-01-08T17:31:00.575Z,sell,1.17e-06,1041.0,0.00121797
RCN/BTC,1610127062427,2021-01-08T17:31:02.427Z,sell,1.17e-06,7007.0,0.00819819
RCN/BTC,1610127062984,2021-01-08T17:31:02.984Z,sell,1.17e-06,648.0,0.00075816
RCN/BTC,1610127077224,2021-01-08T17:31:17.224Z,buy,1.17e-06,131.0,0.00015327
RCN/BTC,1610127116123,2021-01-08T17:31:56.123Z,buy,1.17e-06,233.0,0.00027261
RCN/BTC,1610127237183,2021-01-08T17:33:57.183Z,sell,1.16e-06,233.0,0.00027027999999999997
RCN/BTC,1610127263602,2021-01-08T17:34:23.602Z,sell,1.16e-06,17737.0,0.02057492
RCN/BTC,1610127316868,2021-01-08T17:35:16.868Z,buy,1.17e-06,212.0,0.00024804
RCN/BTC,1610127319914,2021-01-08T17:35:19.914Z,buy,1.17e-06,235.0,0.00027495
RCN/BTC,1610127476651,2021-01-08T17:37:56.651Z,sell,1.16e-06,143.0,0.00016587999999999998
RCN/BTC,1610127515430,2021-01-08T17:38:35.430Z,buy,1.17e-06,12108.0,0.014166360000000001
RCN/BTC,1610127515430,2021-01-08T17:38:35.430Z,buy,1.18e-06,8299.0,0.009792819999999999
RCN/BTC,1610127538515,2021-01-08T17:38:58.515Z,buy,1.18e-06,127.0,0.00014985999999999998
RCN/BTC,1610127568747,2021-01-08T17:39:28.747Z,sell,1.16e-06,494.0,0.0005730399999999999
RCN/BTC,1610127597838,2021-01-08T17:39:57.838Z,buy,1.18e-06,158.0,0.00018643999999999998
RCN/BTC,1610127600167,2021-01-08T17:40:00.167Z,sell,1.16e-06,254.0,0.00029464
RCN/BTC,1610127673318,2021-01-08T17:41:13.318Z,buy,1.17e-06,256.0,0.00029952
RCN/BTC,1610127699966,2021-01-08T17:41:39.966Z,sell,1.16e-06,256.0,0.00029696
RCN/BTC,1610127856682,2021-01-08T17:44:16.682Z,buy,1.17e-06,127.0,0.00014859
RCN/BTC,1610127958294,2021-01-08T17:45:58.294Z,sell,1.16e-06,151.0,0.00017516
RCN/BTC,1610127978455,2021-01-08T17:46:18.455Z,buy,1.17e-06,133.0,0.00015561
RCN/BTC,1610128096421,2021-01-08T17:48:16.421Z,sell,1.16e-06,32609.0,0.037826439999999996
RCN/BTC,1610128096696,2021-01-08T17:48:16.696Z,buy,1.17e-06,2696.0,0.00315432
RCN/BTC,1610128105454,2021-01-08T17:48:25.454Z,sell,1.16e-06,10127.0,0.011747319999999999
RCN/BTC,1610128216336,2021-01-08T17:50:16.336Z,buy,1.17e-06,1851.0,0.00216567
RCN/BTC,1610128241281,2021-01-08T17:50:41.281Z,buy,1.17e-06,256.0,0.00029952
RCN/BTC,1610128256866,2021-01-08T17:50:56.866Z,buy,1.17e-06,1322.0,0.00154674
RCN/BTC,1610128272915,2021-01-08T17:51:12.915Z,sell,1.15e-06,255.0,0.00029325
RCN/BTC,1610128300198,2021-01-08T17:51:40.198Z,sell,1.16e-06,87.0,0.00010091999999999999
RCN/BTC,1610128319517,2021-01-08T17:51:59.517Z,buy,1.17e-06,133.0,0.00015561
RCN/BTC,1610128382738,2021-01-08T17:53:02.738Z,buy,1.17e-06,87.0,0.00010179
RCN/BTC,1610128382781,2021-01-08T17:53:02.781Z,buy,1.17e-06,12820.0,0.0149994
RCN/BTC,1610128385630,2021-01-08T17:53:05.630Z,buy,1.17e-06,1909.0,0.00223353
RCN/BTC,1610128437021,2021-01-08T17:53:57.021Z,buy,1.17e-06,526.0,0.00061542
RCN/BTC,1610128498423,2021-01-08T17:54:58.423Z,buy,1.17e-06,265.0,0.00031005000000000003
RCN/BTC,1610128518619,2021-01-08T17:55:18.619Z,buy,1.17e-06,265.0,0.00031005000000000003
RCN/BTC,1610128616578,2021-01-08T17:56:56.578Z,buy,1.17e-06,385.0,0.00045045
RCN/BTC,1610128639884,2021-01-08T17:57:19.884Z,sell,1.16e-06,1536.0,0.0017817599999999999
RCN/BTC,1610128679339,2021-01-08T17:57:59.339Z,buy,1.17e-06,279.0,0.00032643
RCN/BTC,1610128725602,2021-01-08T17:58:45.602Z,buy,1.17e-06,5722.0,0.00669474
RCN/BTC,1610128740008,2021-01-08T17:59:00.008Z,buy,1.17e-06,1880.0,0.0021996
RCN/BTC,1610128741474,2021-01-08T17:59:01.474Z,buy,1.17e-06,10596.0,0.01239732
RCN/BTC,1610128741474,2021-01-08T17:59:01.474Z,buy,1.17e-06,10596.0,0.01239732
RCN/BTC,1610128820559,2021-01-08T18:00:20.559Z,sell,1.17e-06,5000.0,0.00585
RCN/BTC,1610128825169,2021-01-08T18:00:25.169Z,sell,1.17e-06,2693.0,0.00315081
RCN/BTC,1610128825169,2021-01-08T18:00:25.169Z,sell,1.16e-06,17672.0,0.020499519999999997
RCN/BTC,1610128825169,2021-01-08T18:00:25.169Z,sell,1.15e-06,14705.0,0.01691075
RCN/BTC,1610128857648,2021-01-08T18:00:57.648Z,buy,1.17e-06,295.0,0.00034515
RCN/BTC,1610128879290,2021-01-08T18:01:19.290Z,buy,1.17e-06,263.0,0.00030771
RCN/BTC,1610128908260,2021-01-08T18:01:48.260Z,sell,1.16e-06,2690.0,0.0031203999999999997
RCN/BTC,1610128937409,2021-01-08T18:02:17.409Z,buy,1.17e-06,265.0,0.00031005000000000003
RCN/BTC,1610128982165,2021-01-08T18:03:02.165Z,buy,1.17e-06,216.0,0.00025272
RCN/BTC,1610128994698,2021-01-08T18:03:14.698Z,buy,1.17e-06,265.0,0.00031005000000000003
RCN/BTC,1610129154599,2021-01-08T18:05:54.599Z,buy,1.17e-06,195.0,0.00022815000000000002
RCN/BTC,1610129201566,2021-01-08T18:06:41.566Z,sell,1.16e-06,19019.0,0.022062039999999998
RCN/BTC,1610129202082,2021-01-08T18:06:42.082Z,sell,1.15e-06,1728.0,0.0019872
RCN/BTC,1610129203115,2021-01-08T18:06:43.115Z,sell,1.15e-06,3995.0,0.00459425
RCN/BTC,1610129232070,2021-01-08T18:07:12.070Z,sell,1.16e-06,87.0,0.00010091999999999999
RCN/BTC,1610129276811,2021-01-08T18:07:56.811Z,sell,1.16e-06,967.0,0.0011217199999999999
RCN/BTC,1610129277134,2021-01-08T18:07:57.134Z,buy,1.17e-06,597.0,0.00069849
RCN/BTC,1610129352181,2021-01-08T18:09:12.181Z,buy,1.17e-06,14723.0,0.01722591
RCN/BTC,1610129352181,2021-01-08T18:09:12.181Z,buy,1.18e-06,44827.0,0.052895859999999996
RCN/BTC,1610129354544,2021-01-08T18:09:14.544Z,sell,1.16e-06,163.0,0.00018907999999999997
RCN/BTC,1610129481037,2021-01-08T18:11:21.037Z,buy,1.18e-06,12488.0,0.014735839999999998
RCN/BTC,1610129502459,2021-01-08T18:11:42.459Z,sell,1.17e-06,1114.0,0.00130338
RCN/BTC,1610129507154,2021-01-08T18:11:47.154Z,sell,1.17e-06,1494.0,0.00174798
RCN/BTC,1610129510056,2021-01-08T18:11:50.056Z,sell,1.17e-06,395.0,0.00046215
RCN/BTC,1610129636570,2021-01-08T18:13:56.570Z,buy,1.18e-06,726.0,0.00085668
RCN/BTC,1610129683854,2021-01-08T18:14:43.854Z,buy,1.18e-06,12489.0,0.014737019999999998
RCN/BTC,1610129726104,2021-01-08T18:15:26.104Z,sell,1.17e-06,5319.0,0.00622323
RCN/BTC,1610129726104,2021-01-08T18:15:26.104Z,sell,1.16e-06,919.0,0.0010660399999999999
RCN/BTC,1610129756394,2021-01-08T18:15:56.394Z,buy,1.18e-06,291.0,0.00034337999999999995
RCN/BTC,1610129804488,2021-01-08T18:16:44.488Z,buy,1.18e-06,6250.0,0.007375
RCN/BTC,1610129821152,2021-01-08T18:17:01.152Z,buy,1.18e-06,1451.0,0.00171218
RCN/BTC,1610129918628,2021-01-08T18:18:38.628Z,buy,1.17e-06,1465.0,0.00171405
RCN/BTC,1610129919832,2021-01-08T18:18:39.832Z,buy,1.17e-06,5000.0,0.00585
RCN/BTC,1610129920092,2021-01-08T18:18:40.092Z,buy,1.18e-06,100.0,0.000118
RCN/BTC,1610129996377,2021-01-08T18:19:56.377Z,buy,1.18e-06,158.0,0.00018643999999999998
RCN/BTC,1610130061326,2021-01-08T18:21:01.326Z,buy,1.18e-06,3289.0,0.0038810199999999998
RCN/BTC,1610130116953,2021-01-08T18:21:56.953Z,buy,1.18e-06,133.0,0.00015694
RCN/BTC,1610130137263,2021-01-08T18:22:17.263Z,buy,1.18e-06,160.0,0.00018879999999999998
RCN/BTC,1610130158005,2021-01-08T18:22:38.005Z,sell,1.17e-06,938.0,0.00109746
RCN/BTC,1610130178987,2021-01-08T18:22:58.987Z,buy,1.18e-06,531.0,0.00062658
RCN/BTC,1610130228684,2021-01-08T18:23:48.684Z,buy,1.18e-06,258.0,0.00030444
RCN/BTC,1610130239129,2021-01-08T18:23:59.129Z,buy,1.18e-06,3200.0,0.003776
RCN/BTC,1610130252644,2021-01-08T18:24:12.644Z,sell,1.17e-06,258.0,0.00030186
RCN/BTC,1610130320001,2021-01-08T18:25:20.001Z,buy,1.18e-06,3529.0,0.00416422
RCN/BTC,1610130354516,2021-01-08T18:25:54.516Z,sell,1.17e-06,5798.0,0.00678366
RCN/BTC,1610130358457,2021-01-08T18:25:58.457Z,buy,1.18e-06,266.0,0.00031388
RCN/BTC,1610130416989,2021-01-08T18:26:56.989Z,buy,1.18e-06,558.0,0.0006584399999999999
RCN/BTC,1610130449876,2021-01-08T18:27:29.876Z,sell,1.17e-06,1034.0,0.00120978
RCN/BTC,1610130474927,2021-01-08T18:27:54.927Z,buy,1.18e-06,186.0,0.00021947999999999998
RCN/BTC,1610130656244,2021-01-08T18:30:56.244Z,buy,1.18e-06,369.0,0.00043541999999999995
RCN/BTC,1610130827892,2021-01-08T18:33:47.892Z,sell,1.17e-06,1700.0,0.001989
RCN/BTC,1610130879260,2021-01-08T18:34:39.260Z,buy,1.18e-06,1269.0,0.00149742
RCN/BTC,1610130955673,2021-01-08T18:35:55.673Z,buy,1.18e-06,675.0,0.0007964999999999999
RCN/BTC,1610130957385,2021-01-08T18:35:57.385Z,sell,1.17e-06,1092.0,0.00127764
RCN/BTC,1610130960754,2021-01-08T18:36:00.754Z,buy,1.18e-06,17190.0,0.0202842
RCN/BTC,1610130961204,2021-01-08T18:36:01.204Z,sell,1.18e-06,3103.0,0.0036615399999999996
RCN/BTC,1610130961204,2021-01-08T18:36:01.204Z,sell,1.17e-06,1089.0,0.00127413
RCN/BTC,1610130961862,2021-01-08T18:36:01.862Z,sell,1.17e-06,4166.0,0.00487422
RCN/BTC,1610131135737,2021-01-08T18:38:55.737Z,buy,1.19e-06,496.0,0.00059024
RCN/BTC,1610131168101,2021-01-08T18:39:28.101Z,sell,1.18e-06,5085.0,0.006000299999999999
RCN/BTC,1610131316090,2021-01-08T18:41:56.090Z,buy,1.19e-06,2694.0,0.00320586
RCN/BTC,1610131398469,2021-01-08T18:43:18.469Z,sell,1.18e-06,7642.0,0.009017559999999999
RCN/BTC,1610131615204,2021-01-08T18:46:55.204Z,buy,1.19e-06,548.0,0.0006521200000000001
RCN/BTC,1610131632962,2021-01-08T18:47:12.962Z,sell,1.17e-06,86.0,0.00010062
RCN/BTC,1610131675971,2021-01-08T18:47:55.971Z,sell,1.18e-06,10000.0,0.0118
RCN/BTC,1610131816895,2021-01-08T18:50:16.895Z,buy,1.19e-06,216.0,0.00025704
RCN/BTC,1610131945742,2021-01-08T18:52:25.742Z,sell,1.18e-06,42.0,4.956e-05
RCN/BTC,1610131945742,2021-01-08T18:52:25.742Z,sell,1.17e-06,2114.0,0.00247338
RCN/BTC,1610131959223,2021-01-08T18:52:39.223Z,buy,1.19e-06,1094.0,0.00130186
RCN/BTC,1610131971812,2021-01-08T18:52:51.812Z,sell,1.17e-06,1093.0,0.00127881
RCN/BTC,1610131991718,2021-01-08T18:53:11.718Z,buy,1.19e-06,500.0,0.000595
RCN/BTC,1610132047670,2021-01-08T18:54:07.670Z,buy,1.18e-06,885.0,0.0010443
RCN/BTC,1610132091326,2021-01-08T18:54:51.326Z,buy,1.18e-06,110.0,0.00012979999999999998
RCN/BTC,1610132093872,2021-01-08T18:54:53.872Z,buy,1.18e-06,1527.0,0.00180186
RCN/BTC,1610132227538,2021-01-08T18:57:07.538Z,buy,1.18e-06,11223.0,0.013243139999999999
RCN/BTC,1610132273578,2021-01-08T18:57:53.578Z,buy,1.19e-06,824.0,0.0009805600000000001
RCN/BTC,1610132334690,2021-01-08T18:58:54.690Z,buy,1.19e-06,1349.0,0.00160531
RCN/BTC,1610132334690,2021-01-08T18:58:54.690Z,buy,1.19e-06,1349.0,0.00160531
RCN/BTC,1610132668891,2021-01-08T19:04:28.891Z,sell,1.18e-06,114.0,0.00013451999999999998
RCN/BTC,1610132745455,2021-01-08T19:05:45.455Z,buy,1.19e-06,3074.0,0.0036580600000000003
RCN/BTC,1610132816279,2021-01-08T19:06:56.279Z,buy,1.19e-06,682.0,0.00081158
RCN/BTC,1610132844037,2021-01-08T19:07:24.037Z,buy,1.19e-06,101.0,0.00012019
RCN/BTC,1610132897742,2021-01-08T19:08:17.742Z,buy,1.19e-06,217.0,0.00025823
RCN/BTC,1610133031996,2021-01-08T19:10:31.996Z,sell,1.18e-06,129.0,0.00015222
RCN/BTC,1610133087104,2021-01-08T19:11:27.104Z,sell,1.18e-06,404.0,0.00047672
RCN/BTC,1610133138399,2021-01-08T19:12:18.399Z,buy,1.19e-06,23723.0,0.02823037
RCN/BTC,1610133138399,2021-01-08T19:12:18.399Z,buy,1.2e-06,19090.0,0.022907999999999998
RCN/BTC,1610133138487,2021-01-08T19:12:18.487Z,buy,1.2e-06,221.0,0.0002652
RCN/BTC,1610133157872,2021-01-08T19:12:37.872Z,sell,1.18e-06,12808.0,0.015113439999999999
RCN/BTC,1610133159806,2021-01-08T19:12:39.806Z,buy,1.19e-06,85.0,0.00010115
RCN/BTC,1610133239467,2021-01-08T19:13:59.467Z,sell,1.18e-06,20273.0,0.023922139999999998
RCN/BTC,1610133243412,2021-01-08T19:14:03.412Z,buy,1.19e-06,5095.0,0.00606305
RCN/BTC,1610133244029,2021-01-08T19:14:04.029Z,sell,1.19e-06,2080.0,0.0024752
RCN/BTC,1610133291492,2021-01-08T19:14:51.492Z,sell,1.19e-06,1042.0,0.0012399800000000001
RCN/BTC,1610133296061,2021-01-08T19:14:56.061Z,buy,1.2e-06,137.0,0.00016439999999999998
RCN/BTC,1610133300691,2021-01-08T19:15:00.691Z,sell,1.19e-06,8492.0,0.01010548
RCN/BTC,1610133318559,2021-01-08T19:15:18.559Z,sell,1.19e-06,160.0,0.00019040000000000002
RCN/BTC,1610133342940,2021-01-08T19:15:42.940Z,sell,1.19e-06,3692.0,0.00439348
RCN/BTC,1610133368622,2021-01-08T19:16:08.622Z,sell,1.19e-06,4434.0,0.00527646
RCN/BTC,1610133375594,2021-01-08T19:16:15.594Z,sell,1.19e-06,1247.0,0.00148393
RCN/BTC,1610133416260,2021-01-08T19:16:56.260Z,buy,1.2e-06,260.0,0.000312
RCN/BTC,1610133418443,2021-01-08T19:16:58.443Z,buy,1.2e-06,2002.0,0.0024024
RCN/BTC,1610133420728,2021-01-08T19:17:00.728Z,buy,1.2e-06,225.0,0.00027
RCN/BTC,1610133494043,2021-01-08T19:18:14.043Z,sell,1.19e-06,225.0,0.00026775000000000003
RCN/BTC,1610133535682,2021-01-08T19:18:55.682Z,buy,1.2e-06,4858.0,0.0058296
RCN/BTC,1610133604962,2021-01-08T19:20:04.962Z,sell,1.19e-06,93.0,0.00011067000000000001
RCN/BTC,1610133893727,2021-01-08T19:24:53.727Z,buy,1.2e-06,261.0,0.00031319999999999997
RCN/BTC,1610133901701,2021-01-08T19:25:01.701Z,sell,1.19e-06,1778.0,0.00211582
RCN/BTC,1610133903417,2021-01-08T19:25:03.417Z,sell,1.19e-06,2963.0,0.0035259700000000002
RCN/BTC,1610133977736,2021-01-08T19:26:17.736Z,sell,1.19e-06,508.0,0.00060452
RCN/BTC,1610133995864,2021-01-08T19:26:35.864Z,sell,1.19e-06,467.0,0.00055573
RCN/BTC,1610134016176,2021-01-08T19:26:56.176Z,buy,1.2e-06,131.0,0.0001572
RCN/BTC,1610134051529,2021-01-08T19:27:31.529Z,buy,1.2e-06,2025.0,0.00243
RCN/BTC,1610134264090,2021-01-08T19:31:04.090Z,sell,1.19e-06,392.0,0.00046648
RCN/BTC,1610134313609,2021-01-08T19:31:53.609Z,sell,1.19e-06,355.0,0.00042245
RCN/BTC,1610134316911,2021-01-08T19:31:56.911Z,buy,1.2e-06,342.0,0.0004104
RCN/BTC,1610134348977,2021-01-08T19:32:28.977Z,sell,1.19e-06,870.0,0.0010353
RCN/BTC,1610134497215,2021-01-08T19:34:57.215Z,buy,1.2e-06,19538.0,0.0234456
RCN/BTC,1610134539435,2021-01-08T19:35:39.435Z,sell,1.19e-06,5722.0,0.006809180000000001
RCN/BTC,1610134556194,2021-01-08T19:35:56.194Z,buy,1.2e-06,209.0,0.00025079999999999997
RCN/BTC,1610134644102,2021-01-08T19:37:24.102Z,buy,1.2e-06,131.0,0.0001572
RCN/BTC,1610134675886,2021-01-08T19:37:55.886Z,buy,1.2e-06,131.0,0.0001572
RCN/BTC,1610134799087,2021-01-08T19:39:59.087Z,buy,1.2e-06,468.0,0.0005616
RCN/BTC,1610134820072,2021-01-08T19:40:20.072Z,buy,1.2e-06,833.0,0.0009996
RCN/BTC,1610134859647,2021-01-08T19:40:59.647Z,buy,1.2e-06,130.0,0.000156
RCN/BTC,1610134864275,2021-01-08T19:41:04.275Z,sell,1.19e-06,1340.0,0.0015946
RCN/BTC,1610134921631,2021-01-08T19:42:01.631Z,sell,1.19e-06,5623.0,0.00669137
RCN/BTC,1610134921631,2021-01-08T19:42:01.631Z,sell,1.18e-06,4506.0,0.00531708
RCN/BTC,1610134936567,2021-01-08T19:42:16.567Z,buy,1.2e-06,260.0,0.000312
RCN/BTC,1610134937275,2021-01-08T19:42:17.275Z,sell,1.18e-06,1704.0,0.0020107199999999997
RCN/BTC,1610134960040,2021-01-08T19:42:40.040Z,buy,1.2e-06,1113.0,0.0013356
RCN/BTC,1610134976646,2021-01-08T19:42:56.646Z,buy,1.2e-06,338.0,0.0004056
RCN/BTC,1610135123876,2021-01-08T19:45:23.876Z,buy,1.2e-06,261.0,0.00031319999999999997
RCN/BTC,1610135156877,2021-01-08T19:45:56.877Z,buy,1.2e-06,157.0,0.0001884
RCN/BTC,1610135157011,2021-01-08T19:45:57.011Z,buy,1.2e-06,3980.0,0.004776
RCN/BTC,1610135216741,2021-01-08T19:46:56.741Z,sell,1.19e-06,194.0,0.00023086
RCN/BTC,1610135276236,2021-01-08T19:47:56.236Z,buy,1.2e-06,157.0,0.0001884
RCN/BTC,1610135483382,2021-01-08T19:51:23.382Z,sell,1.19e-06,5470.0,0.0065093
RCN/BTC,1610135487802,2021-01-08T19:51:27.802Z,sell,1.18e-06,16085.0,0.0189803
RCN/BTC,1610135487802,2021-01-08T19:51:27.802Z,sell,1.17e-06,6314.0,0.00738738
RCN/BTC,1610135487802,2021-01-08T19:51:27.802Z,sell,1.16e-06,20371.0,0.02363036
RCN/BTC,1610135496980,2021-01-08T19:51:36.980Z,buy,1.17e-06,87.0,0.00010179
RCN/BTC,1610135514113,2021-01-08T19:51:54.113Z,sell,1.17e-06,862.0,0.00100854
RCN/BTC,1610135579774,2021-01-08T19:52:59.774Z,buy,1.18e-06,2610.0,0.0030797999999999997
RCN/BTC,1610135613895,2021-01-08T19:53:33.895Z,buy,1.18e-06,20055.0,0.0236649
RCN/BTC,1610135816616,2021-01-08T19:56:56.616Z,buy,1.18e-06,160.0,0.00018879999999999998
RCN/BTC,1610135879064,2021-01-08T19:57:59.064Z,buy,1.18e-06,5311.0,0.006266979999999999
RCN/BTC,1610135929306,2021-01-08T19:58:49.306Z,sell,1.17e-06,4225.0,0.00494325
RCN/BTC,1610135929306,2021-01-08T19:58:49.306Z,sell,1.17e-06,4225.0,0.00494325
RCN/BTC,1610135989115,2021-01-08T19:59:49.115Z,buy,1.17e-06,5000.0,0.00585
RCN/BTC,1610135997364,2021-01-08T19:59:57.364Z,sell,1.16e-06,21771.0,0.025254359999999997
RCN/BTC,1610136048046,2021-01-08T20:00:48.046Z,sell,1.16e-06,4591.0,0.005325559999999999
RCN/BTC,1610136101377,2021-01-08T20:01:41.377Z,buy,1.17e-06,1247.0,0.00145899
RCN/BTC,1610136118649,2021-01-08T20:01:58.649Z,buy,1.17e-06,1660.0,0.0019422
RCN/BTC,1610136176399,2021-01-08T20:02:56.399Z,buy,1.17e-06,12974.0,0.01517958
RCN/BTC,1610136316091,2021-01-08T20:05:16.091Z,sell,1.16e-06,207.0,0.00024011999999999997
RCN/BTC,1610136348049,2021-01-08T20:05:48.049Z,sell,1.16e-06,3084.0,0.00357744
RCN/BTC,1610136355814,2021-01-08T20:05:55.814Z,buy,1.17e-06,9722.0,0.01137474
RCN/BTC,1610136356831,2021-01-08T20:05:56.831Z,buy,1.17e-06,4781.0,0.0055937700000000005
RCN/BTC,1610136574253,2021-01-08T20:09:34.253Z,buy,1.18e-06,8475.0,0.010000499999999999
RCN/BTC,1610136603456,2021-01-08T20:10:03.456Z,buy,1.17e-06,269.0,0.00031473
RCN/BTC,1610136639494,2021-01-08T20:10:39.494Z,buy,1.18e-06,113.0,0.00013334
RCN/BTC,1610136657523,2021-01-08T20:10:57.523Z,buy,1.18e-06,187.0,0.00022066
RCN/BTC,1610136661621,2021-01-08T20:11:01.621Z,buy,1.18e-06,266.0,0.00031388
RCN/BTC,1610136708099,2021-01-08T20:11:48.099Z,buy,1.18e-06,1100.0,0.001298
RCN/BTC,1610136737421,2021-01-08T20:12:17.421Z,buy,1.18e-06,153.0,0.00018053999999999998
RCN/BTC,1610136811739,2021-01-08T20:13:31.739Z,buy,1.18e-06,110.0,0.00012979999999999998
RCN/BTC,1610136855674,2021-01-08T20:14:15.674Z,buy,1.18e-06,188.0,0.00022183999999999998
RCN/BTC,1610137009824,2021-01-08T20:16:49.824Z,buy,1.18e-06,372.0,0.00043895999999999996
RCN/BTC,1610137058874,2021-01-08T20:17:38.874Z,buy,1.18e-06,744.0,0.0008779199999999999
RCN/BTC,1610137101557,2021-01-08T20:18:21.557Z,buy,1.18e-06,1269.0,0.00149742
RCN/BTC,1610137102757,2021-01-08T20:18:22.757Z,buy,1.18e-06,367.0,0.00043306
RCN/BTC,1610137104284,2021-01-08T20:18:24.284Z,buy,1.18e-06,1142.0,0.0013475599999999998
RCN/BTC,1610137109067,2021-01-08T20:18:29.067Z,buy,1.18e-06,15917.0,0.01878206
RCN/BTC,1610137109067,2021-01-08T20:18:29.067Z,buy,1.19e-06,14937.0,0.01777503
RCN/BTC,1610137116315,2021-01-08T20:18:36.315Z,buy,1.18e-06,2033.0,0.00239894
RCN/BTC,1610137123828,2021-01-08T20:18:43.828Z,buy,1.18e-06,85.0,0.0001003
RCN/BTC,1610137206110,2021-01-08T20:20:06.110Z,buy,1.18e-06,2882.0,0.0034007599999999996
RCN/BTC,1610137215330,2021-01-08T20:20:15.330Z,buy,1.19e-06,1668.0,0.0019849200000000003
RCN/BTC,1610137219598,2021-01-08T20:20:19.598Z,buy,1.19e-06,4129.0,0.00491351
RCN/BTC,1610137219960,2021-01-08T20:20:19.960Z,buy,1.19e-06,2064.0,0.00245616
RCN/BTC,1610137346048,2021-01-08T20:22:26.048Z,sell,1.18e-06,2294.0,0.00270692
RCN/BTC,1610137452291,2021-01-08T20:24:12.291Z,buy,1.19e-06,5012.0,0.005964280000000001
RCN/BTC,1610137476552,2021-01-08T20:24:36.552Z,sell,1.18e-06,5339.0,0.00630002
RCN/BTC,1610137476552,2021-01-08T20:24:36.552Z,sell,1.17e-06,9200.0,0.010764000000000001
RCN/BTC,1610137613963,2021-01-08T20:26:53.963Z,sell,1.17e-06,8744.0,0.01023048
RCN/BTC,1610137691713,2021-01-08T20:28:11.713Z,buy,1.19e-06,531.0,0.00063189
RCN/BTC,1610137809375,2021-01-08T20:30:09.375Z,buy,1.19e-06,757.0,0.00090083
RCN/BTC,1610137829517,2021-01-08T20:30:29.517Z,buy,1.19e-06,84.0,9.996e-05
RCN/BTC,1610137884194,2021-01-08T20:31:24.194Z,buy,1.19e-06,1116.0,0.00132804
RCN/BTC,1610137896792,2021-01-08T20:31:36.792Z,buy,1.19e-06,527.0,0.00062713
RCN/BTC,1610137914098,2021-01-08T20:31:54.098Z,sell,1.18e-06,5085.0,0.006000299999999999
RCN/BTC,1610137931685,2021-01-08T20:32:11.685Z,buy,1.18e-06,450.0,0.000531
RCN/BTC,1610137985735,2021-01-08T20:33:05.735Z,buy,1.18e-06,9274.0,0.01094332
RCN/BTC,1610138011640,2021-01-08T20:33:31.640Z,buy,1.18e-06,316.0,0.00037287999999999997
RCN/BTC,1610138045802,2021-01-08T20:34:05.802Z,buy,1.18e-06,591.0,0.0006973799999999999
RCN/BTC,1610138055932,2021-01-08T20:34:15.932Z,buy,1.19e-06,127.0,0.00015113
RCN/BTC,1610138064551,2021-01-08T20:34:24.551Z,buy,1.19e-06,27596.0,0.03283924
RCN/BTC,1610138156388,2021-01-08T20:35:56.388Z,buy,1.19e-06,1403.0,0.00166957
RCN/BTC,1610138339815,2021-01-08T20:38:59.815Z,sell,1.18e-06,4549.0,0.00536782
RCN/BTC,1610138415561,2021-01-08T20:40:15.561Z,buy,1.19e-06,4622.0,0.00550018
RCN/BTC,1610138451091,2021-01-08T20:40:51.091Z,buy,1.19e-06,10029.0,0.01193451
RCN/BTC,1610138548404,2021-01-08T20:42:28.404Z,sell,1.18e-06,3604.0,0.00425272
RCN/BTC,1610138559583,2021-01-08T20:42:39.583Z,buy,1.18e-06,390.0,0.00046019999999999996
RCN/BTC,1610138628305,2021-01-08T20:43:48.305Z,buy,1.18e-06,3785.0,0.0044662999999999994
RCN/BTC,1610138636885,2021-01-08T20:43:56.885Z,sell,1.17e-06,1177.0,0.00137709
RCN/BTC,1610138684834,2021-01-08T20:44:44.834Z,buy,1.18e-06,2146.0,0.00253228
RCN/BTC,1610138689665,2021-01-08T20:44:49.665Z,sell,1.17e-06,2495.0,0.00291915
RCN/BTC,1610138810164,2021-01-08T20:46:50.164Z,buy,1.18e-06,400.0,0.000472
RCN/BTC,1610138835428,2021-01-08T20:47:15.428Z,buy,1.18e-06,4851.0,0.00572418
RCN/BTC,1610138870012,2021-01-08T20:47:50.012Z,sell,1.17e-06,784.0,0.00091728
RCN/BTC,1610138878008,2021-01-08T20:47:58.008Z,sell,1.17e-06,149.0,0.00017433
RCN/BTC,1610138911514,2021-01-08T20:48:31.514Z,buy,1.18e-06,21641.0,0.025536379999999997
RCN/BTC,1610138934492,2021-01-08T20:48:54.492Z,buy,1.19e-06,477.0,0.0005676300000000001
RCN/BTC,1610139053969,2021-01-08T20:50:53.969Z,buy,1.19e-06,136.0,0.00016184
RCN/BTC,1610139115499,2021-01-08T20:51:55.499Z,buy,1.19e-06,136.0,0.00016184
RCN/BTC,1610139240129,2021-01-08T20:54:00.129Z,buy,1.19e-06,250979.0,0.29866501
RCN/BTC,1610139297769,2021-01-08T20:54:57.769Z,sell,1.19e-06,43591.0,0.05187329
RCN/BTC,1610139405603,2021-01-08T20:56:45.603Z,buy,1.2e-06,3267.0,0.0039204
RCN/BTC,1610139414718,2021-01-08T20:56:54.718Z,buy,1.2e-06,957.0,0.0011484
RCN/BTC,1610139489639,2021-01-08T20:58:09.639Z,buy,1.2e-06,2335.0,0.002802
RCN/BTC,1610139497547,2021-01-08T20:58:17.547Z,sell,1.19e-06,463.0,0.00055097
RCN/BTC,1610139521121,2021-01-08T20:58:41.121Z,buy,1.2e-06,113.0,0.0001356
RCN/BTC,1610139528714,2021-01-08T20:58:48.714Z,buy,1.2e-06,68525.0,0.08223
RCN/BTC,1610139528714,2021-01-08T20:58:48.714Z,buy,1.2e-06,68525.0,0.08223
RCN/BTC,1610139545850,2021-01-08T20:59:05.850Z,sell,1.19e-06,1491.0,0.00177429
RCN/BTC,1610139642869,2021-01-08T21:00:42.869Z,buy,1.2e-06,83.0,9.96e-05
RCN/BTC,1610139727827,2021-01-08T21:02:07.827Z,buy,1.2e-06,1000.0,0.0012
RCN/BTC,1610139731385,2021-01-08T21:02:11.385Z,buy,1.2e-06,94.0,0.00011279999999999999
RCN/BTC,1610139795336,2021-01-08T21:03:15.336Z,buy,1.2e-06,625.0,0.00075
RCN/BTC,1610139896473,2021-01-08T21:04:56.473Z,buy,1.2e-06,140.0,0.000168
RCN/BTC,1610139925991,2021-01-08T21:05:25.991Z,buy,1.2e-06,348.0,0.00041759999999999996
RCN/BTC,1610139951531,2021-01-08T21:05:51.531Z,sell,1.19e-06,110.0,0.0001309
RCN/BTC,1610140155454,2021-01-08T21:09:15.454Z,buy,1.2e-06,1353.0,0.0016236
RCN/BTC,1610140257104,2021-01-08T21:10:57.104Z,buy,1.2e-06,2711.0,0.0032532
RCN/BTC,1610140267910,2021-01-08T21:11:07.910Z,sell,1.19e-06,507.0,0.00060333
RCN/BTC,1610140270212,2021-01-08T21:11:10.212Z,sell,1.19e-06,347.0,0.00041293
RCN/BTC,1610140377357,2021-01-08T21:12:57.357Z,buy,1.2e-06,94.0,0.00011279999999999999
RCN/BTC,1610140485404,2021-01-08T21:14:45.404Z,buy,1.2e-06,166500.0,0.19979999999999998
RCN/BTC,1610140541241,2021-01-08T21:15:41.241Z,sell,1.19e-06,2639.0,0.00314041
RCN/BTC,1610140550223,2021-01-08T21:15:50.223Z,buy,1.2e-06,200.0,0.00023999999999999998
RCN/BTC,1610140617561,2021-01-08T21:16:57.561Z,buy,1.2e-06,133.0,0.0001596
RCN/BTC,1610140636578,2021-01-08T21:17:16.578Z,buy,1.2e-06,264.0,0.0003168
RCN/BTC,1610140736041,2021-01-08T21:18:56.041Z,buy,1.2e-06,6622.0,0.0079464
RCN/BTC,1610140814625,2021-01-08T21:20:14.625Z,buy,1.2e-06,373.0,0.0004476
RCN/BTC,1610140843234,2021-01-08T21:20:43.234Z,buy,1.2e-06,250.0,0.0003
RCN/BTC,1610140933778,2021-01-08T21:22:13.778Z,buy,1.2e-06,998.0,0.0011976
RCN/BTC,1610141081976,2021-01-08T21:24:41.976Z,buy,1.2e-06,28380.0,0.034055999999999996
RCN/BTC,1610141173614,2021-01-08T21:26:13.614Z,buy,1.2e-06,180.0,0.000216
RCN/BTC,1610141455065,2021-01-08T21:30:55.065Z,buy,1.2e-06,2366.0,0.0028392
RCN/BTC,1610141542354,2021-01-08T21:32:22.354Z,buy,1.2e-06,125.0,0.00015
RCN/BTC,1610141576158,2021-01-08T21:32:56.158Z,buy,1.2e-06,2657.0,0.0031883999999999997
RCN/BTC,1610141636011,2021-01-08T21:33:56.011Z,buy,1.2e-06,658.0,0.0007896
RCN/BTC,1610141792810,2021-01-08T21:36:32.810Z,sell,1.19e-06,1583.0,0.00188377
RCN/BTC,1610141814090,2021-01-08T21:36:54.090Z,buy,1.2e-06,2796.0,0.0033552
RCN/BTC,1610142028826,2021-01-08T21:40:28.826Z,sell,1.19e-06,1247.0,0.00148393
RCN/BTC,1610142055914,2021-01-08T21:40:55.914Z,sell,1.19e-06,244.0,0.00029036000000000003
RCN/BTC,1610142134231,2021-01-08T21:42:14.231Z,sell,1.19e-06,354.0,0.00042126
RCN/BTC,1610142213125,2021-01-08T21:43:33.125Z,buy,1.2e-06,17210.0,0.020652
RCN/BTC,1610142221678,2021-01-08T21:43:41.678Z,buy,1.2e-06,7096.0,0.008515199999999999
RCN/BTC,1610142236092,2021-01-08T21:43:56.092Z,buy,1.2e-06,2629.0,0.0031547999999999997
RCN/BTC,1610142492728,2021-01-08T21:48:12.728Z,buy,1.2e-06,12110.0,0.014532
RCN/BTC,1610142776381,2021-01-08T21:52:56.381Z,sell,1.19e-06,103.0,0.00012257000000000001
RCN/BTC,1610142795844,2021-01-08T21:53:15.844Z,sell,1.19e-06,681.0,0.00081039
RCN/BTC,1610142795863,2021-01-08T21:53:15.863Z,buy,1.2e-06,1250.0,0.0015
RCN/BTC,1610142835742,2021-01-08T21:53:55.742Z,buy,1.2e-06,264.0,0.0003168
RCN/BTC,1610142835742,2021-01-08T21:53:55.742Z,buy,1.2e-06,264.0,0.0003168
RCN/BTC,1610143696646,2021-01-08T22:08:16.646Z,buy,1.2e-06,1337.0,0.0016044
RCN/BTC,1610143718737,2021-01-08T22:08:38.737Z,sell,1.19e-06,4000.0,0.00476
RCN/BTC,1610143724802,2021-01-08T22:08:44.802Z,sell,1.19e-06,3823.0,0.0045493700000000005
RCN/BTC,1610143759184,2021-01-08T22:09:19.184Z,sell,1.19e-06,1185.0,0.00141015
RCN/BTC,1610143772649,2021-01-08T22:09:32.649Z,buy,1.19e-06,2006.0,0.0023871400000000003
RCN/BTC,1610143794566,2021-01-08T22:09:54.566Z,sell,1.18e-06,980.0,0.0011564
RCN/BTC,1610143802129,2021-01-08T22:10:02.129Z,sell,1.18e-06,3308.0,0.0039034399999999998
RCN/BTC,1610143880848,2021-01-08T22:11:20.848Z,sell,1.18e-06,6073.0,0.00716614
RCN/BTC,1610144058090,2021-01-08T22:14:18.090Z,sell,1.18e-06,10437.0,0.012315659999999999
RCN/BTC,1610144058090,2021-01-08T22:14:18.090Z,sell,1.17e-06,15937.0,0.01864629
RCN/BTC,1610144058090,2021-01-08T22:14:18.090Z,sell,1.16e-06,38232.0,0.04434912
RCN/BTC,1610144058090,2021-01-08T22:14:18.090Z,sell,1.15e-06,41724.0,0.0479826
RCN/BTC,1610144059078,2021-01-08T22:14:19.078Z,buy,1.17e-06,2021.0,0.00236457
RCN/BTC,1610144059665,2021-01-08T22:14:19.665Z,buy,1.17e-06,3056.0,0.00357552
RCN/BTC,1610144060266,2021-01-08T22:14:20.266Z,buy,1.17e-06,1128.0,0.0013197600000000001
RCN/BTC,1610144060601,2021-01-08T22:14:20.601Z,buy,1.17e-06,1037.0,0.0012132900000000001
RCN/BTC,1610144061049,2021-01-08T22:14:21.049Z,buy,1.17e-06,4230.0,0.0049491
RCN/BTC,1610144061136,2021-01-08T22:14:21.136Z,buy,1.17e-06,1128.0,0.0013197600000000001
RCN/BTC,1610144061248,2021-01-08T22:14:21.248Z,buy,1.17e-06,576.0,0.00067392
RCN/BTC,1610144061248,2021-01-08T22:14:21.248Z,buy,1.18e-06,167.0,0.00019706
RCN/BTC,1610144061351,2021-01-08T22:14:21.351Z,sell,1.18e-06,1372.0,0.0016189599999999998
RCN/BTC,1610144076078,2021-01-08T22:14:36.078Z,sell,1.17e-06,87.0,0.00010179
RCN/BTC,1610144076987,2021-01-08T22:14:36.987Z,sell,1.17e-06,87.0,0.00010179
RCN/BTC,1610144080602,2021-01-08T22:14:40.602Z,buy,1.18e-06,932.0,0.00109976
RCN/BTC,1610144081317,2021-01-08T22:14:41.317Z,buy,1.18e-06,1571.0,0.00185378
RCN/BTC,1610144158671,2021-01-08T22:15:58.671Z,buy,1.18e-06,2584.0,0.0030491199999999998
RCN/BTC,1610144173922,2021-01-08T22:16:13.922Z,buy,1.19e-06,268.0,0.00031892
RCN/BTC,1610144316288,2021-01-08T22:18:36.288Z,buy,1.19e-06,2861.0,0.0034045900000000003
RCN/BTC,1610144352571,2021-01-08T22:19:12.571Z,buy,1.19e-06,3471.0,0.0041304900000000005
RCN/BTC,1610144501636,2021-01-08T22:21:41.636Z,buy,1.19e-06,11883.0,0.01414077
RCN/BTC,1610144636812,2021-01-08T22:23:56.812Z,buy,1.19e-06,160.0,0.00019040000000000002
RCN/BTC,1610144753539,2021-01-08T22:25:53.539Z,buy,1.19e-06,36331.0,0.043233890000000004
RCN/BTC,1610144842182,2021-01-08T22:27:22.182Z,buy,1.2e-06,768.0,0.0009216
RCN/BTC,1610144965345,2021-01-08T22:29:25.345Z,sell,1.19e-06,76622.0,0.09118018
RCN/BTC,1610144991160,2021-01-08T22:29:51.160Z,sell,1.18e-06,15711.0,0.01853898
RCN/BTC,1610144991160,2021-01-08T22:29:51.160Z,sell,1.17e-06,8623.0,0.01008891
RCN/BTC,1610144992745,2021-01-08T22:29:52.745Z,buy,1.17e-06,689.0,0.0008061300000000001
RCN/BTC,1610144992907,2021-01-08T22:29:52.907Z,buy,1.17e-06,6259.0,0.00732303
RCN/BTC,1610145004690,2021-01-08T22:30:04.690Z,sell,1.16e-06,16598.0,0.01925368
RCN/BTC,1610145012791,2021-01-08T22:30:12.791Z,buy,1.16e-06,2291.0,0.00265756
RCN/BTC,1610145016652,2021-01-08T22:30:16.652Z,buy,1.16e-06,382.0,0.00044311999999999997
RCN/BTC,1610145019969,2021-01-08T22:30:19.969Z,buy,1.16e-06,2586.0,0.0029997599999999998
RCN/BTC,1610145020899,2021-01-08T22:30:20.899Z,sell,1.15e-06,20005.0,0.02300575
RCN/BTC,1610145036490,2021-01-08T22:30:36.490Z,sell,1.15e-06,1699.0,0.00195385
RCN/BTC,1610145039578,2021-01-08T22:30:39.578Z,buy,1.16e-06,1429.0,0.00165764
RCN/BTC,1610145127896,2021-01-08T22:32:07.896Z,buy,1.16e-06,87.0,0.00010091999999999999
RCN/BTC,1610145168397,2021-01-08T22:32:48.397Z,sell,1.15e-06,13169.0,0.01514435
RCN/BTC,1610145172388,2021-01-08T22:32:52.388Z,buy,1.16e-06,604.0,0.00070064
RCN/BTC,1610145233822,2021-01-08T22:33:53.822Z,buy,1.17e-06,282.0,0.00032994000000000003
RCN/BTC,1610145234257,2021-01-08T22:33:54.257Z,buy,1.17e-06,136.0,0.00015912
RCN/BTC,1610145244842,2021-01-08T22:34:04.842Z,sell,1.16e-06,17135.0,0.019876599999999998
RCN/BTC,1610145291923,2021-01-08T22:34:51.923Z,sell,1.16e-06,3529.0,0.00409364
RCN/BTC,1610145396252,2021-01-08T22:36:36.252Z,buy,1.17e-06,256.0,0.00029952
RCN/BTC,1610145578677,2021-01-08T22:39:38.677Z,sell,1.16e-06,1708.0,0.0019812799999999998
RCN/BTC,1610145595351,2021-01-08T22:39:55.351Z,buy,1.17e-06,533.0,0.00062361
RCN/BTC,1610145776554,2021-01-08T22:42:56.554Z,buy,1.17e-06,160.0,0.0001872
RCN/BTC,1610145934747,2021-01-08T22:45:34.747Z,sell,1.16e-06,131.0,0.00015195999999999997
RCN/BTC,1610145937194,2021-01-08T22:45:37.194Z,buy,1.17e-06,5895.0,0.00689715
RCN/BTC,1610145937194,2021-01-08T22:45:37.194Z,buy,1.18e-06,48253.0,0.056938539999999996
RCN/BTC,1610145945466,2021-01-08T22:45:45.466Z,sell,1.17e-06,89.0,0.00010413000000000001
RCN/BTC,1610146036359,2021-01-08T22:47:16.359Z,buy,1.18e-06,134.0,0.00015811999999999998
RCN/BTC,1610146066493,2021-01-08T22:47:46.493Z,sell,1.17e-06,200.0,0.000234
RCN/BTC,1610146171653,2021-01-08T22:49:31.653Z,sell,1.17e-06,269.0,0.00031473
RCN/BTC,1610146317549,2021-01-08T22:51:57.549Z,buy,1.18e-06,292.0,0.00034456
RCN/BTC,1610146363234,2021-01-08T22:52:43.234Z,sell,1.17e-06,256.0,0.00029952
RCN/BTC,1610146367123,2021-01-08T22:52:47.123Z,sell,1.17e-06,289.0,0.00033813
RCN/BTC,1610146367123,2021-01-08T22:52:47.123Z,sell,1.17e-06,289.0,0.00033813
RCN/BTC,1610146857027,2021-01-08T23:00:57.027Z,buy,1.18e-06,635.0,0.0007492999999999999
RCN/BTC,1610146857708,2021-01-08T23:00:57.708Z,buy,1.18e-06,158.0,0.00018643999999999998
RCN/BTC,1610146866046,2021-01-08T23:01:06.046Z,sell,1.17e-06,396.0,0.00046332000000000003
RCN/BTC,1610146873133,2021-01-08T23:01:13.133Z,sell,1.17e-06,396.0,0.00046332000000000003
RCN/BTC,1610147035946,2021-01-08T23:03:55.946Z,buy,1.18e-06,1611.0,0.0019009799999999998
RCN/BTC,1610147154904,2021-01-08T23:05:54.904Z,buy,1.18e-06,2673.0,0.0031541399999999997
RCN/BTC,1610147248430,2021-01-08T23:07:28.430Z,buy,1.18e-06,5200.0,0.006136
RCN/BTC,1610147394372,2021-01-08T23:09:54.372Z,buy,1.18e-06,1347.0,0.00158946
RCN/BTC,1610147420255,2021-01-08T23:10:20.255Z,buy,1.18e-06,86.0,0.00010148
RCN/BTC,1610147455939,2021-01-08T23:10:55.939Z,buy,1.18e-06,2640.0,0.0031152
RCN/BTC,1610147634701,2021-01-08T23:13:54.701Z,buy,1.18e-06,9039.0,0.01066602
RCN/BTC,1610147792052,2021-01-08T23:16:32.052Z,sell,1.18e-06,1000.0,0.0011799999999999998
RCN/BTC,1610147994251,2021-01-08T23:19:54.251Z,sell,1.18e-06,2557.0,0.00301726
RCN/BTC,1610147994625,2021-01-08T23:19:54.625Z,sell,1.18e-06,1128.0,0.00133104
RCN/BTC,1610147996224,2021-01-08T23:19:56.224Z,sell,1.18e-06,1722.0,0.0020319599999999998
RCN/BTC,1610148089547,2021-01-08T23:21:29.547Z,sell,1.18e-06,428.0,0.00050504
RCN/BTC,1610148102167,2021-01-08T23:21:42.167Z,sell,1.18e-06,588.0,0.0006938399999999999
RCN/BTC,1610148119811,2021-01-08T23:21:59.811Z,sell,1.18e-06,1571.0,0.00185378
RCN/BTC,1610148119967,2021-01-08T23:21:59.967Z,sell,1.18e-06,1795.0,0.0021181
RCN/BTC,1610148435962,2021-01-08T23:27:15.962Z,buy,1.19e-06,186.0,0.00022134000000000002
RCN/BTC,1610148535629,2021-01-08T23:28:55.629Z,buy,1.19e-06,794.0,0.0009448600000000001
RCN/BTC,1610148538694,2021-01-08T23:28:58.694Z,sell,1.18e-06,3103.0,0.0036615399999999996
RCN/BTC,1610148660449,2021-01-08T23:31:00.449Z,sell,1.18e-06,7000.0,0.00826
RCN/BTC,1610148671869,2021-01-08T23:31:11.869Z,sell,1.18e-06,126.0,0.00014868
RCN/BTC,1610149005632,2021-01-08T23:36:45.632Z,buy,1.19e-06,2700.0,0.003213
RCN/BTC,1610149025407,2021-01-08T23:37:05.407Z,sell,1.18e-06,11000.0,0.012979999999999998
RCN/BTC,1610149237479,2021-01-08T23:40:37.479Z,sell,1.18e-06,2391.0,0.0028213799999999996
RCN/BTC,1610149337492,2021-01-08T23:42:17.492Z,sell,1.18e-06,651.0,0.0007681799999999999
RCN/BTC,1610149375492,2021-01-08T23:42:55.492Z,buy,1.19e-06,157.0,0.00018683
RCN/BTC,1610149393027,2021-01-08T23:43:13.027Z,sell,1.18e-06,1563.0,0.0018443399999999999
RCN/BTC,1610149615170,2021-01-08T23:46:55.170Z,buy,1.19e-06,574.0,0.00068306
RCN/BTC,1610149735382,2021-01-08T23:48:55.382Z,buy,1.19e-06,1149.0,0.00136731
RCN/BTC,1610149914904,2021-01-08T23:51:54.904Z,buy,1.19e-06,131.0,0.00015589
RCN/BTC,1610149914904,2021-01-08T23:51:54.904Z,buy,1.19e-06,131.0,0.00015589
RCN/BTC,1610150039918,2021-01-08T23:53:59.918Z,buy,1.19e-06,16107.0,0.01916733
RCN/BTC,1610150156875,2021-01-08T23:55:56.875Z,buy,1.19e-06,339.0,0.00040341
RCN/BTC,1610150176702,2021-01-08T23:56:16.702Z,buy,1.19e-06,131.0,0.00015589
RCN/BTC,1610150324627,2021-01-08T23:58:44.627Z,sell,1.18e-06,15000.0,0.0177
RCN/BTC,1610150333522,2021-01-08T23:58:53.522Z,buy,1.19e-06,131.0,0.00015589
RCN/BTC,1610150333758,2021-01-08T23:58:53.758Z,sell,1.18e-06,900.0,0.001062
RCN/BTC,1610150347877,2021-01-08T23:59:07.877Z,buy,1.19e-06,3125.0,0.0037187500000000003
RCN/BTC,1610150427479,2021-01-09T00:00:27.479Z,buy,1.19e-06,85.0,0.00010115
RCN/BTC,1610150473670,2021-01-09T00:01:13.670Z,buy,1.19e-06,2773.0,0.0032998700000000003
RCN/BTC,1610150481595,2021-01-09T00:01:21.595Z,sell,1.18e-06,2544.0,0.00300192
RCN/BTC,1610150516186,2021-01-09T00:01:56.186Z,buy,1.19e-06,4344.0,0.0051693600000000004
RCN/BTC,1610150553918,2021-01-09T00:02:33.918Z,buy,1.19e-06,3362.0,0.00400078
RCN/BTC,1610150634791,2021-01-09T00:03:54.791Z,sell,1.18e-06,2818.0,0.0033252399999999997
RCN/BTC,1610150723548,2021-01-09T00:05:23.548Z,sell,1.18e-06,8475.0,0.010000499999999999
RCN/BTC,1610150841788,2021-01-09T00:07:21.788Z,sell,1.18e-06,1527.0,0.00180186
RCN/BTC,1610150885436,2021-01-09T00:08:05.436Z,sell,1.18e-06,2073.0,0.00244614
RCN/BTC,1610150886315,2021-01-09T00:08:06.315Z,sell,1.18e-06,1191.0,0.00140538
RCN/BTC,1610150961511,2021-01-09T00:09:21.511Z,buy,1.19e-06,306.0,0.00036414
RCN/BTC,1610150962063,2021-01-09T00:09:22.063Z,buy,1.19e-06,1680.0,0.0019992
RCN/BTC,1610150987380,2021-01-09T00:09:47.380Z,sell,1.18e-06,1762.0,0.00207916
RCN/BTC,1610151006473,2021-01-09T00:10:06.473Z,buy,1.19e-06,333.0,0.00039627
RCN/BTC,1610151016389,2021-01-09T00:10:16.389Z,sell,1.18e-06,4805.0,0.005669899999999999
RCN/BTC,1610151080985,2021-01-09T00:11:20.985Z,buy,1.19e-06,1000.0,0.00119
RCN/BTC,1610151175963,2021-01-09T00:12:55.963Z,buy,1.19e-06,1305.0,0.00155295
RCN/BTC,1610151316294,2021-01-09T00:15:16.294Z,buy,1.19e-06,261.0,0.00031059
RCN/BTC,1610151359576,2021-01-09T00:15:59.576Z,sell,1.18e-06,4733.0,0.00558494
RCN/BTC,1610151361057,2021-01-09T00:16:01.057Z,sell,1.17e-06,4769.0,0.00557973
RCN/BTC,1610151561231,2021-01-09T00:19:21.231Z,buy,1.19e-06,1097.0,0.00130543
RCN/BTC,1610151685562,2021-01-09T00:21:25.562Z,sell,1.17e-06,339.0,0.00039663000000000003
RCN/BTC,1610151750929,2021-01-09T00:22:30.929Z,buy,1.18e-06,336.0,0.00039648
RCN/BTC,1610151827673,2021-01-09T00:23:47.673Z,sell,1.17e-06,336.0,0.00039312
RCN/BTC,1610151956152,2021-01-09T00:25:56.152Z,buy,1.18e-06,2129.0,0.00251222
RCN/BTC,1610152096636,2021-01-09T00:28:16.636Z,sell,1.17e-06,167.0,0.00019539
RCN/BTC,1610152297261,2021-01-09T00:31:37.261Z,sell,1.17e-06,7856.0,0.00919152
RCN/BTC,1610152297487,2021-01-09T00:31:37.487Z,buy,1.17e-06,2734.0,0.00319878
RCN/BTC,1610152298485,2021-01-09T00:31:38.485Z,buy,1.17e-06,2266.0,0.00265122
RCN/BTC,1610152298646,2021-01-09T00:31:38.646Z,buy,1.17e-06,940.0,0.0010998
RCN/BTC,1610152299366,2021-01-09T00:31:39.366Z,buy,1.17e-06,6614.0,0.00773838
RCN/BTC,1610152300713,2021-01-09T00:31:40.713Z,buy,1.17e-06,1571.0,0.00183807
RCN/BTC,1610152307376,2021-01-09T00:31:47.376Z,buy,1.17e-06,1054.0,0.00123318
RCN/BTC,1610152312179,2021-01-09T00:31:52.179Z,buy,1.17e-06,5000.0,0.00585
RCN/BTC,1610152312888,2021-01-09T00:31:52.888Z,buy,1.17e-06,4994.0,0.00584298
RCN/BTC,1610152318337,2021-01-09T00:31:58.337Z,buy,1.17e-06,79696.0,0.09324432
RCN/BTC,1610152318337,2021-01-09T00:31:58.337Z,buy,1.18e-06,25659.0,0.030277619999999998
RCN/BTC,1610152375003,2021-01-09T00:32:55.003Z,sell,1.16e-06,527.0,0.0006113199999999999
RCN/BTC,1610152393386,2021-01-09T00:33:13.386Z,buy,1.17e-06,90.0,0.0001053
RCN/BTC,1610152491042,2021-01-09T00:34:51.042Z,buy,1.18e-06,933.0,0.00110094
RCN/BTC,1610152510611,2021-01-09T00:35:10.611Z,buy,1.18e-06,105.0,0.0001239
RCN/BTC,1610152538829,2021-01-09T00:35:38.829Z,buy,1.18e-06,27994.0,0.03303292
RCN/BTC,1610152554215,2021-01-09T00:35:54.215Z,buy,1.19e-06,2185.0,0.0026001500000000003
RCN/BTC,1610152557834,2021-01-09T00:35:57.834Z,buy,1.19e-06,333.0,0.00039627
RCN/BTC,1610152579410,2021-01-09T00:36:19.410Z,sell,1.18e-06,498.0,0.00058764
RCN/BTC,1610152625497,2021-01-09T00:37:05.497Z,sell,1.18e-06,333.0,0.00039294
RCN/BTC,1610152634678,2021-01-09T00:37:14.678Z,buy,1.19e-06,156.0,0.00018564000000000002
RCN/BTC,1610152652149,2021-01-09T00:37:32.149Z,buy,1.19e-06,197.0,0.00023443000000000002
RCN/BTC,1610152748718,2021-01-09T00:39:08.718Z,buy,1.19e-06,333.0,0.00039627
RCN/BTC,1610153396129,2021-01-09T00:49:56.129Z,buy,1.19e-06,288.0,0.00034272
RCN/BTC,1610153456307,2021-01-09T00:50:56.307Z,sell,1.18e-06,136.0,0.00016047999999999998
RCN/BTC,1610153456307,2021-01-09T00:50:56.307Z,sell,1.18e-06,136.0,0.00016047999999999998
RCN/BTC,1610153551440,2021-01-09T00:52:31.440Z,sell,1.18e-06,7182.0,0.00847476
RCN/BTC,1610153551440,2021-01-09T00:52:31.440Z,sell,1.17e-06,5091.0,0.00595647
RCN/BTC,1610153551440,2021-01-09T00:52:31.440Z,sell,1.16e-06,14192.0,0.01646272
RCN/BTC,1610153551440,2021-01-09T00:52:31.440Z,sell,1.15e-06,49534.0,0.0569641
RCN/BTC,1610153551440,2021-01-09T00:52:31.440Z,sell,1.14e-06,8958.0,0.010212120000000002
RCN/BTC,1610153551440,2021-01-09T00:52:31.440Z,sell,1.13e-06,64509.0,0.07289517
RCN/BTC,1610153551440,2021-01-09T00:52:31.440Z,sell,1.13e-06,2980.0,0.0033674
RCN/BTC,1610153551440,2021-01-09T00:52:31.440Z,sell,1.12e-06,3259.0,0.0036500800000000004
RCN/BTC,1610153553234,2021-01-09T00:52:33.234Z,buy,1.15e-06,869.0,0.00099935
RCN/BTC,1610153554315,2021-01-09T00:52:34.315Z,sell,1.16e-06,517.0,0.00059972
RCN/BTC,1610153566622,2021-01-09T00:52:46.622Z,sell,1.16e-06,860.0,0.0009976
RCN/BTC,1610153574387,2021-01-09T00:52:54.387Z,buy,1.16e-06,262.0,0.00030391999999999995
RCN/BTC,1610153601555,2021-01-09T00:53:21.555Z,sell,1.15e-06,11108.0,0.0127742
RCN/BTC,1610153637277,2021-01-09T00:53:57.277Z,sell,1.15e-06,88.0,0.0001012
RCN/BTC,1610153657833,2021-01-09T00:54:17.833Z,buy,1.16e-06,1013.0,0.00117508
RCN/BTC,1610153671486,2021-01-09T00:54:31.486Z,sell,1.15e-06,36927.0,0.04246605
RCN/BTC,1610153698226,2021-01-09T00:54:58.226Z,buy,1.16e-06,534.0,0.00061944
RCN/BTC,1610153862119,2021-01-09T00:57:42.119Z,buy,1.16e-06,2955.0,0.0034277999999999995
RCN/BTC,1610153936117,2021-01-09T00:58:56.117Z,buy,1.16e-06,161.0,0.00018675999999999998
RCN/BTC,1610153947891,2021-01-09T00:59:07.891Z,buy,1.16e-06,87.0,0.00010091999999999999
RCN/BTC,1610154016813,2021-01-09T01:00:16.813Z,buy,1.16e-06,268.0,0.00031088
RCN/BTC,1610154116476,2021-01-09T01:01:56.476Z,sell,1.15e-06,2615.0,0.00300725
RCN/BTC,1610154116640,2021-01-09T01:01:56.640Z,buy,1.16e-06,294.0,0.00034104
RCN/BTC,1610154134786,2021-01-09T01:02:14.786Z,sell,1.15e-06,6906.0,0.0079419
RCN/BTC,1610154234355,2021-01-09T01:03:54.355Z,buy,1.16e-06,664.0,0.0007702399999999999
RCN/BTC,1610154235316,2021-01-09T01:03:55.316Z,sell,1.15e-06,308.0,0.0003542
RCN/BTC,1610154597182,2021-01-09T01:09:57.182Z,buy,1.16e-06,198.0,0.00022967999999999998
RCN/BTC,1610154615857,2021-01-09T01:10:15.857Z,buy,1.16e-06,2916.0,0.0033825599999999997
RCN/BTC,1610154790818,2021-01-09T01:13:10.818Z,buy,1.16e-06,1677.0,0.00194532
RCN/BTC,1610154793412,2021-01-09T01:13:13.412Z,buy,1.16e-06,161.0,0.00018675999999999998
RCN/BTC,1610154854396,2021-01-09T01:14:14.396Z,buy,1.16e-06,2703.0,0.00313548
RCN/BTC,1610154855637,2021-01-09T01:14:15.637Z,buy,1.16e-06,2069.0,0.00240004
RCN/BTC,1610154896108,2021-01-09T01:14:56.108Z,buy,1.16e-06,1629.0,0.00188964
RCN/BTC,1610155097262,2021-01-09T01:18:17.262Z,buy,1.16e-06,615.0,0.0007134
RCN/BTC,1610155177038,2021-01-09T01:19:37.038Z,buy,1.16e-06,1915.0,0.0022213999999999997
RCN/BTC,1610155195551,2021-01-09T01:19:55.551Z,sell,1.15e-06,692.0,0.0007958
RCN/BTC,1610155208689,2021-01-09T01:20:08.689Z,buy,1.16e-06,112.0,0.00012992
RCN/BTC,1610155215299,2021-01-09T01:20:15.299Z,buy,1.16e-06,268.0,0.00031088
RCN/BTC,1610155316623,2021-01-09T01:21:56.623Z,buy,1.16e-06,294.0,0.00034104
RCN/BTC,1610155455686,2021-01-09T01:24:15.686Z,buy,1.16e-06,359.0,0.00041643999999999996
RCN/BTC,1610155455706,2021-01-09T01:24:15.706Z,buy,1.16e-06,156.0,0.00018095999999999998
RCN/BTC,1610155514048,2021-01-09T01:25:14.048Z,sell,1.15e-06,5188.0,0.0059662
RCN/BTC,1610155577856,2021-01-09T01:26:17.856Z,buy,1.16e-06,134.0,0.00015544
RCN/BTC,1610155637194,2021-01-09T01:27:17.194Z,sell,1.15e-06,619.0,0.00071185
RCN/BTC,1610155677097,2021-01-09T01:27:57.097Z,buy,1.16e-06,269.0,0.00031204
RCN/BTC,1610155698395,2021-01-09T01:28:18.395Z,buy,1.16e-06,5144.0,0.00596704
RCN/BTC,1610155977409,2021-01-09T01:32:57.409Z,buy,1.16e-06,295.0,0.00034219999999999997
RCN/BTC,1610155988129,2021-01-09T01:33:08.129Z,buy,1.16e-06,4388.0,0.005090079999999999
RCN/BTC,1610156011935,2021-01-09T01:33:31.935Z,buy,1.17e-06,513.0,0.00060021
RCN/BTC,1610156036387,2021-01-09T01:33:56.387Z,buy,1.17e-06,141.0,0.00016497000000000001
RCN/BTC,1610156052066,2021-01-09T01:34:12.066Z,sell,1.16e-06,4388.0,0.005090079999999999
RCN/BTC,1610156086964,2021-01-09T01:34:46.964Z,sell,1.16e-06,250.0,0.00029
RCN/BTC,1610156174130,2021-01-09T01:36:14.130Z,buy,1.17e-06,479.0,0.00056043
RCN/BTC,1610156216092,2021-01-09T01:36:56.092Z,sell,1.16e-06,454.0,0.00052664
RCN/BTC,1610156327601,2021-01-09T01:38:47.601Z,buy,1.16e-06,258.0,0.00029927999999999997
RCN/BTC,1610156372733,2021-01-09T01:39:32.733Z,sell,1.15e-06,258.0,0.0002967
RCN/BTC,1610156537027,2021-01-09T01:42:17.027Z,sell,1.15e-06,34392.0,0.0395508
RCN/BTC,1610156703802,2021-01-09T01:45:03.802Z,buy,1.16e-06,1989.0,0.00230724
RCN/BTC,1610156723760,2021-01-09T01:45:23.760Z,sell,1.15e-06,4468.0,0.0051382
RCN/BTC,1610156785512,2021-01-09T01:46:25.512Z,sell,1.15e-06,624.0,0.0007176
RCN/BTC,1610156801820,2021-01-09T01:46:41.820Z,sell,1.15e-06,2413.0,0.00277495
RCN/BTC,1610156876099,2021-01-09T01:47:56.099Z,buy,1.16e-06,1603.0,0.00185948
RCN/BTC,1610156936030,2021-01-09T01:48:56.030Z,sell,1.15e-06,31149.0,0.03582135
RCN/BTC,1610156955512,2021-01-09T01:49:15.512Z,buy,1.16e-06,466.0,0.0005405599999999999
RCN/BTC,1610156995449,2021-01-09T01:49:55.449Z,buy,1.16e-06,190.0,0.0002204
RCN/BTC,1610156995449,2021-01-09T01:49:55.449Z,buy,1.16e-06,190.0,0.0002204
RCN/BTC,1610157075922,2021-01-09T01:51:15.922Z,buy,1.16e-06,996.0,0.0011553599999999998
RCN/BTC,1610157090953,2021-01-09T01:51:30.953Z,buy,1.16e-06,996.0,0.0011553599999999998
RCN/BTC,1610157147138,2021-01-09T01:52:27.138Z,buy,1.16e-06,841.0,0.0009755599999999999
RCN/BTC,1610157175665,2021-01-09T01:52:55.665Z,buy,1.17e-06,1295.0,0.00151515
RCN/BTC,1610157256807,2021-01-09T01:54:16.807Z,buy,1.17e-06,590.0,0.0006903
RCN/BTC,1610157293948,2021-01-09T01:54:53.948Z,buy,1.17e-06,134.0,0.00015678
RCN/BTC,1610157376599,2021-01-09T01:56:16.599Z,buy,1.17e-06,1337.0,0.00156429
RCN/BTC,1610157417007,2021-01-09T01:56:57.007Z,buy,1.17e-06,268.0,0.00031356
RCN/BTC,1610157437965,2021-01-09T01:57:17.965Z,buy,1.17e-06,274.0,0.00032058
RCN/BTC,1610157493066,2021-01-09T01:58:13.066Z,sell,1.15e-06,466.0,0.0005359
RCN/BTC,1610157723650,2021-01-09T02:02:03.650Z,buy,1.17e-06,268.0,0.00031356
RCN/BTC,1610157805192,2021-01-09T02:03:25.192Z,buy,1.17e-06,200.0,0.000234
RCN/BTC,1610157919729,2021-01-09T02:05:19.729Z,buy,1.17e-06,559.0,0.00065403
RCN/BTC,1610157920238,2021-01-09T02:05:20.238Z,sell,1.16e-06,3178.0,0.00368648
RCN/BTC,1610157920493,2021-01-09T02:05:20.493Z,sell,1.16e-06,2042.0,0.00236872
RCN/BTC,1610158016846,2021-01-09T02:06:56.846Z,buy,1.16e-06,293.0,0.00033988
RCN/BTC,1610158019118,2021-01-09T02:06:59.118Z,buy,1.16e-06,1068.0,0.00123888
RCN/BTC,1610158074073,2021-01-09T02:07:54.073Z,buy,1.16e-06,1075.0,0.0012469999999999998
RCN/BTC,1610158074158,2021-01-09T02:07:54.158Z,sell,1.15e-06,3650.0,0.0041975
RCN/BTC,1610158156238,2021-01-09T02:09:16.238Z,sell,1.15e-06,247.0,0.00028405
RCN/BTC,1610158215066,2021-01-09T02:10:15.066Z,buy,1.16e-06,269.0,0.00031204
RCN/BTC,1610158225066,2021-01-09T02:10:25.066Z,sell,1.15e-06,3859.0,0.00443785
RCN/BTC,1610158256294,2021-01-09T02:10:56.294Z,buy,1.17e-06,300.0,0.000351
RCN/BTC,1610158277997,2021-01-09T02:11:17.997Z,buy,1.17e-06,402.0,0.00047034
RCN/BTC,1610158315301,2021-01-09T02:11:55.301Z,buy,1.17e-06,1340.0,0.0015678
RCN/BTC,1610158315604,2021-01-09T02:11:55.604Z,sell,1.15e-06,2747.0,0.00315905
RCN/BTC,1610158396511,2021-01-09T02:13:16.511Z,buy,1.17e-06,2681.0,0.00313677
RCN/BTC,1610158414164,2021-01-09T02:13:34.164Z,sell,1.16e-06,948.0,0.00109968
RCN/BTC,1610158415225,2021-01-09T02:13:35.225Z,sell,1.16e-06,2620.0,0.0030391999999999997
RCN/BTC,1610158415632,2021-01-09T02:13:35.632Z,sell,1.16e-06,1525.0,0.001769
RCN/BTC,1610158429617,2021-01-09T02:13:49.617Z,sell,1.15e-06,994.0,0.0011431
RCN/BTC,1610158495891,2021-01-09T02:14:55.891Z,buy,1.17e-06,1327.0,0.00155259
RCN/BTC,1610158558689,2021-01-09T02:15:58.689Z,buy,1.17e-06,133.0,0.00015561
RCN/BTC,1610158568467,2021-01-09T02:16:08.467Z,sell,1.16e-06,4258.0,0.00493928
RCN/BTC,1610158571280,2021-01-09T02:16:11.280Z,sell,1.16e-06,2022.0,0.00234552
RCN/BTC,1610158572130,2021-01-09T02:16:12.130Z,sell,1.16e-06,5002.0,0.00580232
RCN/BTC,1610158572252,2021-01-09T02:16:12.252Z,sell,1.16e-06,4891.0,0.005673559999999999
RCN/BTC,1610158638163,2021-01-09T02:17:18.163Z,buy,1.17e-06,531.0,0.00062127
RCN/BTC,1610158669314,2021-01-09T02:17:49.314Z,sell,1.16e-06,94.0,0.00010903999999999999
RCN/BTC,1610158679094,2021-01-09T02:17:59.094Z,buy,1.17e-06,1592.0,0.00186264
RCN/BTC,1610158700619,2021-01-09T02:18:20.619Z,buy,1.17e-06,1327.0,0.00155259
RCN/BTC,1610158798927,2021-01-09T02:19:58.927Z,buy,1.17e-06,133.0,0.00015561
RCN/BTC,1610158916727,2021-01-09T02:21:56.727Z,buy,1.17e-06,678.0,0.0007932600000000001
RCN/BTC,1610159095943,2021-01-09T02:24:55.943Z,buy,1.17e-06,589.0,0.00068913
RCN/BTC,1610159108379,2021-01-09T02:25:08.379Z,buy,1.17e-06,158.0,0.00018486000000000002
RCN/BTC,1610159158447,2021-01-09T02:25:58.447Z,buy,1.17e-06,184.0,0.00021528
RCN/BTC,1610159162947,2021-01-09T02:26:02.947Z,buy,1.17e-06,238.0,0.00027846
RCN/BTC,1610159226432,2021-01-09T02:27:06.432Z,buy,1.17e-06,466.0,0.00054522
RCN/BTC,1610159291318,2021-01-09T02:28:11.318Z,buy,1.17e-06,395.0,0.00046215
RCN/BTC,1610159337476,2021-01-09T02:28:57.476Z,buy,1.17e-06,282.0,0.00032994000000000003
RCN/BTC,1610159357045,2021-01-09T02:29:17.045Z,buy,1.17e-06,835.0,0.00097695
RCN/BTC,1610159377268,2021-01-09T02:29:37.268Z,buy,1.17e-06,474.0,0.00055458
RCN/BTC,1610159397692,2021-01-09T02:29:57.692Z,buy,1.17e-06,187.0,0.00021879
RCN/BTC,1610159520826,2021-01-09T02:32:00.826Z,buy,1.17e-06,7261.0,0.00849537
RCN/BTC,1610159588009,2021-01-09T02:33:08.009Z,sell,1.16e-06,3421.0,0.00396836
RCN/BTC,1610159708538,2021-01-09T02:35:08.538Z,buy,1.17e-06,268.0,0.00031356
RCN/BTC,1610159748841,2021-01-09T02:35:48.841Z,sell,1.16e-06,500.0,0.00058
RCN/BTC,1610159838472,2021-01-09T02:37:18.472Z,buy,1.17e-06,161.0,0.00018837000000000001
RCN/BTC,1610159877903,2021-01-09T02:37:57.903Z,buy,1.17e-06,2195.0,0.00256815
RCN/BTC,1610159894798,2021-01-09T02:38:14.798Z,buy,1.17e-06,962.0,0.00112554
RCN/BTC,1610160160018,2021-01-09T02:42:40.018Z,sell,1.16e-06,199.0,0.00023083999999999998
RCN/BTC,1610160162392,2021-01-09T02:42:42.392Z,buy,1.17e-06,1568.0,0.00183456
RCN/BTC,1610160258552,2021-01-09T02:44:18.552Z,buy,1.17e-06,857.0,0.00100269
RCN/BTC,1610160316680,2021-01-09T02:45:16.680Z,buy,1.17e-06,428.0,0.00050076
RCN/BTC,1610160329603,2021-01-09T02:45:29.603Z,buy,1.17e-06,160.0,0.0001872
RCN/BTC,1610160393133,2021-01-09T02:46:33.133Z,buy,1.17e-06,100.0,0.000117
RCN/BTC,1610160421071,2021-01-09T02:47:01.071Z,buy,1.17e-06,135.0,0.00015795
RCN/BTC,1610160438301,2021-01-09T02:47:18.301Z,sell,1.16e-06,100.0,0.00011599999999999999
RCN/BTC,1610160438760,2021-01-09T02:47:18.760Z,buy,1.17e-06,112.0,0.00013104
RCN/BTC,1610160482830,2021-01-09T02:48:02.830Z,buy,1.17e-06,100.0,0.000117
RCN/BTC,1610160492110,2021-01-09T02:48:12.110Z,sell,1.16e-06,100.0,0.00011599999999999999
RCN/BTC,1610160525614,2021-01-09T02:48:45.614Z,buy,1.17e-06,100.0,0.000117
RCN/BTC,1610160532134,2021-01-09T02:48:52.134Z,sell,1.16e-06,100.0,0.00011599999999999999
RCN/BTC,1610160535231,2021-01-09T02:48:55.231Z,buy,1.17e-06,540.0,0.0006318
RCN/BTC,1610160541481,2021-01-09T02:49:01.481Z,buy,1.17e-06,100.0,0.000117
RCN/BTC,1610160547713,2021-01-09T02:49:07.713Z,sell,1.16e-06,100.0,0.00011599999999999999
RCN/BTC,1610160555386,2021-01-09T02:49:15.386Z,buy,1.17e-06,540.0,0.0006318
RCN/BTC,1610160557069,2021-01-09T02:49:17.069Z,buy,1.17e-06,100.0,0.000117
RCN/BTC,1610160572999,2021-01-09T02:49:32.999Z,sell,1.16e-06,100.0,0.00011599999999999999
RCN/BTC,1610160589220,2021-01-09T02:49:49.220Z,buy,1.17e-06,100.0,0.000117
RCN/BTC,1610160589220,2021-01-09T02:49:49.220Z,buy,1.17e-06,100.0,0.000117
RCN/BTC,1610160596694,2021-01-09T02:49:56.694Z,sell,1.16e-06,362.0,0.00041991999999999995
RCN/BTC,1610160597406,2021-01-09T02:49:57.406Z,sell,1.16e-06,100.0,0.00011599999999999999
RCN/BTC,1610160603129,2021-01-09T02:50:03.129Z,buy,1.17e-06,1368.0,0.00160056
RCN/BTC,1610160611421,2021-01-09T02:50:11.421Z,buy,1.17e-06,9344.0,0.01093248
RCN/BTC,1610160622275,2021-01-09T02:50:22.275Z,buy,1.17e-06,100.0,0.000117
RCN/BTC,1610160625069,2021-01-09T02:50:25.069Z,sell,1.16e-06,100.0,0.00011599999999999999
RCN/BTC,1610160635692,2021-01-09T02:50:35.692Z,buy,1.17e-06,281.0,0.00032877
RCN/BTC,1610160715856,2021-01-09T02:51:55.856Z,buy,1.17e-06,162.0,0.00018954
RCN/BTC,1610160751994,2021-01-09T02:52:31.994Z,buy,1.17e-06,1072.0,0.00125424
RCN/BTC,1610160752119,2021-01-09T02:52:32.119Z,buy,1.17e-06,5097.0,0.00596349
RCN/BTC,1610160957122,2021-01-09T02:55:57.122Z,buy,1.17e-06,4000.0,0.00468
RCN/BTC,1610160976342,2021-01-09T02:56:16.342Z,buy,1.17e-06,351.0,0.00041067
RCN/BTC,1610160976461,2021-01-09T02:56:16.461Z,sell,1.16e-06,155.0,0.00017979999999999998
RCN/BTC,1610161110749,2021-01-09T02:58:30.749Z,buy,1.17e-06,2142.0,0.00250614
RCN/BTC,1610161128233,2021-01-09T02:58:48.233Z,buy,1.17e-06,2000.0,0.00234
RCN/BTC,1610161217407,2021-01-09T03:00:17.407Z,buy,1.17e-06,162.0,0.00018954
RCN/BTC,1610161255465,2021-01-09T03:00:55.465Z,buy,1.17e-06,671.0,0.00078507
RCN/BTC,1610161271125,2021-01-09T03:01:11.125Z,buy,1.17e-06,2221.0,0.00259857
RCN/BTC,1610161315489,2021-01-09T03:01:55.489Z,buy,1.17e-06,402.0,0.00047034
RCN/BTC,1610161317411,2021-01-09T03:01:57.411Z,sell,1.16e-06,346.0,0.00040135999999999997
RCN/BTC,1610161317582,2021-01-09T03:01:57.582Z,buy,1.17e-06,564.0,0.0006598800000000001
RCN/BTC,1610161337186,2021-01-09T03:02:17.186Z,buy,1.17e-06,1343.0,0.00157131
RCN/BTC,1610161377184,2021-01-09T03:02:57.184Z,buy,1.17e-06,100.0,0.000117
RCN/BTC,1610161433293,2021-01-09T03:03:53.293Z,sell,1.16e-06,261.0,0.00030275999999999995
RCN/BTC,1610161434994,2021-01-09T03:03:54.994Z,buy,1.17e-06,135.0,0.00015795
RCN/BTC,1610161456363,2021-01-09T03:04:16.363Z,buy,1.17e-06,537.0,0.00062829
RCN/BTC,1610161485798,2021-01-09T03:04:45.798Z,sell,1.16e-06,14718.0,0.01707288
RCN/BTC,1610161518028,2021-01-09T03:05:18.028Z,sell,1.16e-06,128.0,0.00014848
RCN/BTC,1610161577122,2021-01-09T03:06:17.122Z,buy,1.17e-06,1342.0,0.00157014
RCN/BTC,1610161577618,2021-01-09T03:06:17.618Z,sell,1.16e-06,170.0,0.0001972
RCN/BTC,1610161613836,2021-01-09T03:06:53.836Z,buy,1.17e-06,1365.0,0.00159705
RCN/BTC,1610161646963,2021-01-09T03:07:26.963Z,buy,1.17e-06,87.0,0.00010179
RCN/BTC,1610161662412,2021-01-09T03:07:42.412Z,buy,1.17e-06,1667.0,0.00195039
RCN/BTC,1610161802598,2021-01-09T03:10:02.598Z,buy,1.17e-06,162.0,0.00018954
RCN/BTC,1610161853844,2021-01-09T03:10:53.844Z,sell,1.16e-06,300.0,0.00034799999999999995
RCN/BTC,1610161948070,2021-01-09T03:12:28.070Z,buy,1.17e-06,1676.0,0.00196092
RCN/BTC,1610161986464,2021-01-09T03:13:06.464Z,buy,1.17e-06,482.0,0.00056394
RCN/BTC,1610162038878,2021-01-09T03:13:58.878Z,sell,1.16e-06,186.0,0.00021575999999999998
RCN/BTC,1610162041645,2021-01-09T03:14:01.645Z,buy,1.17e-06,135.0,0.00015795
RCN/BTC,1610162118701,2021-01-09T03:15:18.701Z,buy,1.17e-06,682.0,0.00079794
RCN/BTC,1610162179966,2021-01-09T03:16:19.966Z,buy,1.17e-06,309.0,0.00036153
RCN/BTC,1610162222812,2021-01-09T03:17:02.812Z,buy,1.17e-06,655.0,0.0007663500000000001
RCN/BTC,1610162276422,2021-01-09T03:17:56.422Z,buy,1.17e-06,699.0,0.00081783
RCN/BTC,1610162290636,2021-01-09T03:18:10.636Z,buy,1.17e-06,9309.0,0.01089153
RCN/BTC,1610162293727,2021-01-09T03:18:13.727Z,buy,1.17e-06,456.0,0.00053352
RCN/BTC,1610162358479,2021-01-09T03:19:18.479Z,buy,1.17e-06,2875.0,0.00336375
RCN/BTC,1610162399633,2021-01-09T03:19:59.633Z,sell,1.16e-06,245.0,0.00028419999999999997
RCN/BTC,1610162417608,2021-01-09T03:20:17.608Z,sell,1.16e-06,5252.0,0.006092319999999999
RCN/BTC,1610162423130,2021-01-09T03:20:23.130Z,buy,1.17e-06,785.0,0.00091845
RCN/BTC,1610162522744,2021-01-09T03:22:02.744Z,sell,1.16e-06,42937.0,0.04980692
RCN/BTC,1610162537509,2021-01-09T03:22:17.509Z,sell,1.16e-06,171.0,0.00019836
RCN/BTC,1610162577188,2021-01-09T03:22:57.188Z,buy,1.17e-06,459.0,0.00053703
RCN/BTC,1610162581168,2021-01-09T03:23:01.168Z,sell,1.16e-06,125.0,0.000145
RCN/BTC,1610162588281,2021-01-09T03:23:08.281Z,buy,1.17e-06,355.0,0.00041535
RCN/BTC,1610162604799,2021-01-09T03:23:24.799Z,buy,1.17e-06,1597.0,0.00186849
RCN/BTC,1610162632480,2021-01-09T03:23:52.480Z,buy,1.17e-06,317.0,0.00037089
RCN/BTC,1610162646770,2021-01-09T03:24:06.770Z,buy,1.18e-06,1741.0,0.0020543799999999997
RCN/BTC,1610162648796,2021-01-09T03:24:08.796Z,buy,1.18e-06,16243.0,0.019166739999999998
RCN/BTC,1610162656995,2021-01-09T03:24:16.995Z,sell,1.18e-06,1290.0,0.0015221999999999998
RCN/BTC,1610162702765,2021-01-09T03:25:02.765Z,buy,1.19e-06,1784.0,0.00212296
RCN/BTC,1610162703101,2021-01-09T03:25:03.101Z,sell,1.18e-06,87.0,0.00010266
RCN/BTC,1610162705443,2021-01-09T03:25:05.443Z,sell,1.18e-06,4622.0,0.00545396
RCN/BTC,1610162714563,2021-01-09T03:25:14.563Z,buy,1.19e-06,216.0,0.00025704
RCN/BTC,1610162758272,2021-01-09T03:25:58.272Z,buy,1.19e-06,212.0,0.00025228
RCN/BTC,1610162777136,2021-01-09T03:26:17.136Z,buy,1.19e-06,1322.0,0.00157318
RCN/BTC,1610162816810,2021-01-09T03:26:56.810Z,buy,1.19e-06,579.0,0.00068901
RCN/BTC,1610162877895,2021-01-09T03:27:57.895Z,sell,1.18e-06,391.0,0.00046137999999999995
RCN/BTC,1610162878304,2021-01-09T03:27:58.304Z,buy,1.19e-06,846.0,0.0010067400000000001
RCN/BTC,1610162924732,2021-01-09T03:28:44.732Z,buy,1.19e-06,1560.0,0.0018564
RCN/BTC,1610162937173,2021-01-09T03:28:57.173Z,buy,1.19e-06,298.0,0.00035462
RCN/BTC,1610162996696,2021-01-09T03:29:56.696Z,buy,1.19e-06,371.0,0.00044149
RCN/BTC,1610163019284,2021-01-09T03:30:19.284Z,buy,1.19e-06,133.0,0.00015827000000000001
RCN/BTC,1610163056946,2021-01-09T03:30:56.946Z,buy,1.19e-06,232.0,0.00027608
RCN/BTC,1610163117697,2021-01-09T03:31:57.697Z,buy,1.19e-06,5442.0,0.00647598
RCN/BTC,1610163121092,2021-01-09T03:32:01.092Z,sell,1.18e-06,478.0,0.0005640399999999999
RCN/BTC,1610163176224,2021-01-09T03:32:56.224Z,buy,1.19e-06,507.0,0.00060333
RCN/BTC,1610163239894,2021-01-09T03:33:59.894Z,buy,1.19e-06,264.0,0.00031416
RCN/BTC,1610163256508,2021-01-09T03:34:16.508Z,sell,1.18e-06,230.0,0.0002714
RCN/BTC,1610163315687,2021-01-09T03:35:15.687Z,buy,1.19e-06,132.0,0.00015708
RCN/BTC,1610163355957,2021-01-09T03:35:55.957Z,buy,1.19e-06,338.0,0.00040222
RCN/BTC,1610163487932,2021-01-09T03:38:07.932Z,buy,1.19e-06,556.0,0.00066164
RCN/BTC,1610163515011,2021-01-09T03:38:35.011Z,buy,1.19e-06,618.0,0.00073542
RCN/BTC,1610163537478,2021-01-09T03:38:57.478Z,buy,1.19e-06,306.0,0.00036414
RCN/BTC,1610163588401,2021-01-09T03:39:48.401Z,buy,1.19e-06,214.0,0.00025466000000000003
RCN/BTC,1610163596623,2021-01-09T03:39:56.623Z,buy,1.19e-06,4846.0,0.00576674
RCN/BTC,1610163617273,2021-01-09T03:40:17.273Z,buy,1.19e-06,159.0,0.00018921
RCN/BTC,1610163635820,2021-01-09T03:40:35.820Z,sell,1.18e-06,1786.0,0.0021074799999999997
RCN/BTC,1610163687836,2021-01-09T03:41:27.836Z,sell,1.18e-06,551.0,0.00065018
RCN/BTC,1610163713533,2021-01-09T03:41:53.533Z,sell,1.18e-06,158.0,0.00018643999999999998
RCN/BTC,1610163713568,2021-01-09T03:41:53.568Z,buy,1.19e-06,1264.0,0.00150416
RCN/BTC,1610163733032,2021-01-09T03:42:13.032Z,buy,1.19e-06,85.0,0.00010115
RCN/BTC,1610163766133,2021-01-09T03:42:46.133Z,buy,1.19e-06,9973.0,0.01186787
RCN/BTC,1610163766133,2021-01-09T03:42:46.133Z,buy,1.2e-06,120867.0,0.14504039999999999
RCN/BTC,1610163766133,2021-01-09T03:42:46.133Z,buy,1.21e-06,23232.0,0.028110720000000002
RCN/BTC,1610163776505,2021-01-09T03:42:56.505Z,buy,1.21e-06,6567.0,0.007946070000000001
RCN/BTC,1610163787736,2021-01-09T03:43:07.736Z,sell,1.19e-06,2092.0,0.00248948
RCN/BTC,1610163788244,2021-01-09T03:43:08.244Z,sell,1.19e-06,2548.0,0.00303212
RCN/BTC,1610163802438,2021-01-09T03:43:22.438Z,sell,1.19e-06,448.0,0.00053312
RCN/BTC,1610163804282,2021-01-09T03:43:24.282Z,sell,1.18e-06,1013.0,0.00119534
RCN/BTC,1610163808453,2021-01-09T03:43:28.453Z,buy,1.2e-06,5175.0,0.006209999999999999
RCN/BTC,1610163808453,2021-01-09T03:43:28.453Z,buy,1.21e-06,10128.0,0.012254880000000001
RCN/BTC,1610163812733,2021-01-09T03:43:32.733Z,sell,1.18e-06,3496.0,0.004125279999999999
RCN/BTC,1610163822321,2021-01-09T03:43:42.321Z,sell,1.2e-06,2054.0,0.0024648
RCN/BTC,1610163823128,2021-01-09T03:43:43.128Z,sell,1.2e-06,3032.0,0.0036384
RCN/BTC,1610163823128,2021-01-09T03:43:43.128Z,sell,1.19e-06,1127.0,0.00134113
RCN/BTC,1610163825175,2021-01-09T03:43:45.175Z,sell,1.19e-06,1211.0,0.0014410900000000001
RCN/BTC,1610163825178,2021-01-09T03:43:45.178Z,sell,1.19e-06,1987.0,0.00236453
RCN/BTC,1610163825224,2021-01-09T03:43:45.224Z,sell,1.19e-06,156.0,0.00018564000000000002
RCN/BTC,1610163825242,2021-01-09T03:43:45.242Z,sell,1.19e-06,608.0,0.0007235200000000001
RCN/BTC,1610163825242,2021-01-09T03:43:45.242Z,sell,1.18e-06,4536.0,0.00535248
RCN/BTC,1610163825262,2021-01-09T03:43:45.262Z,sell,1.18e-06,86.0,0.00010148
RCN/BTC,1610163825279,2021-01-09T03:43:45.279Z,sell,1.18e-06,311.0,0.00036698
RCN/BTC,1610163825279,2021-01-09T03:43:45.279Z,sell,1.18e-06,2183.0,0.0025759399999999997
RCN/BTC,1610163825320,2021-01-09T03:43:45.320Z,sell,1.18e-06,359.0,0.00042362
RCN/BTC,1610163827302,2021-01-09T03:43:47.302Z,sell,1.18e-06,498.0,0.00058764
RCN/BTC,1610163827695,2021-01-09T03:43:47.695Z,buy,1.19e-06,84.0,9.996e-05
RCN/BTC,1610163850398,2021-01-09T03:44:10.398Z,sell,1.18e-06,6588.0,0.00777384
RCN/BTC,1610163850398,2021-01-09T03:44:10.398Z,sell,1.17e-06,1947.0,0.00227799
RCN/BTC,1610163850746,2021-01-09T03:44:10.746Z,sell,1.17e-06,802.0,0.00093834
RCN/BTC,1610163862764,2021-01-09T03:44:22.764Z,sell,1.17e-06,624.0,0.00073008
RCN/BTC,1610163886792,2021-01-09T03:44:46.792Z,buy,1.18e-06,5092.0,0.00600856
RCN/BTC,1610163886792,2021-01-09T03:44:46.792Z,buy,1.19e-06,9003.0,0.01071357
RCN/BTC,1610163886792,2021-01-09T03:44:46.792Z,buy,1.2e-06,45412.0,0.0544944
RCN/BTC,1610163886792,2021-01-09T03:44:46.792Z,buy,1.21e-06,76066.0,0.09203986
RCN/BTC,1610163903807,2021-01-09T03:45:03.807Z,sell,1.2e-06,4150.0,0.00498
RCN/BTC,1610163904629,2021-01-09T03:45:04.629Z,sell,1.2e-06,937.0,0.0011244
RCN/BTC,1610163904629,2021-01-09T03:45:04.629Z,sell,1.19e-06,3213.0,0.0038234700000000003
RCN/BTC,1610163920088,2021-01-09T03:45:20.088Z,sell,1.19e-06,160.0,0.00019040000000000002
RCN/BTC,1610163945752,2021-01-09T03:45:45.752Z,sell,1.19e-06,1717.0,0.00204323
RCN/BTC,1610163945752,2021-01-09T03:45:45.752Z,sell,1.18e-06,5088.0,0.00600384
RCN/BTC,1610163945752,2021-01-09T03:45:45.752Z,sell,1.17e-06,5253.0,0.00614601
RCN/BTC,1610163945752,2021-01-09T03:45:45.752Z,sell,1.16e-06,7904.0,0.009168639999999999
RCN/BTC,1610163952277,2021-01-09T03:45:52.277Z,sell,1.17e-06,160.0,0.0001872
RCN/BTC,1610163958073,2021-01-09T03:45:58.073Z,buy,1.18e-06,93.0,0.00010973999999999999
RCN/BTC,1610163958073,2021-01-09T03:45:58.073Z,buy,1.19e-06,1325.0,0.00157675
RCN/BTC,1610164022454,2021-01-09T03:47:02.454Z,buy,1.19e-06,618.0,0.00073542
RCN/BTC,1610164036093,2021-01-09T03:47:16.093Z,sell,1.18e-06,138.0,0.00016283999999999998
RCN/BTC,1610164036093,2021-01-09T03:47:16.093Z,sell,1.18e-06,138.0,0.00016283999999999998
RCN/BTC,1610164255411,2021-01-09T03:50:55.411Z,buy,1.19e-06,2199.0,0.0026168100000000002
RCN/BTC,1610164272168,2021-01-09T03:51:12.168Z,buy,1.19e-06,1374.0,0.00163506
RCN/BTC,1610164274831,2021-01-09T03:51:14.831Z,buy,1.2e-06,291.0,0.0003492
RCN/BTC,1610164315418,2021-01-09T03:51:55.418Z,buy,1.2e-06,242.0,0.0002904
RCN/BTC,1610164328837,2021-01-09T03:52:08.837Z,buy,1.2e-06,10052.0,0.0120624
RCN/BTC,1610164338350,2021-01-09T03:52:18.350Z,buy,1.2e-06,132.0,0.0001584
RCN/BTC,1610164394655,2021-01-09T03:53:14.655Z,buy,1.2e-06,1494.0,0.0017928
RCN/BTC,1610164423174,2021-01-09T03:53:43.174Z,sell,1.19e-06,556.0,0.00066164
RCN/BTC,1610164435887,2021-01-09T03:53:55.887Z,buy,1.2e-06,6955.0,0.008346
RCN/BTC,1610164454110,2021-01-09T03:54:14.110Z,buy,1.2e-06,649.0,0.0007788
RCN/BTC,1610164497959,2021-01-09T03:54:57.959Z,buy,1.2e-06,155.0,0.000186
RCN/BTC,1610164562747,2021-01-09T03:56:02.747Z,buy,1.2e-06,203.0,0.00024359999999999999
RCN/BTC,1610164586132,2021-01-09T03:56:26.132Z,buy,1.2e-06,241.0,0.0002892
RCN/BTC,1610164637727,2021-01-09T03:57:17.727Z,buy,1.2e-06,3163.0,0.0037955999999999997
RCN/BTC,1610164675470,2021-01-09T03:57:55.470Z,buy,1.2e-06,522.0,0.0006263999999999999
RCN/BTC,1610164696605,2021-01-09T03:58:16.605Z,buy,1.2e-06,6317.0,0.007580399999999999
RCN/BTC,1610164696605,2021-01-09T03:58:16.605Z,buy,1.21e-06,1638.0,0.00198198
RCN/BTC,1610164745839,2021-01-09T03:59:05.839Z,buy,1.21e-06,1984.0,0.0024006400000000003
RCN/BTC,1610164749885,2021-01-09T03:59:09.885Z,sell,1.2e-06,4147.0,0.0049764
RCN/BTC,1610164750711,2021-01-09T03:59:10.711Z,sell,1.2e-06,2074.0,0.0024887999999999998
RCN/BTC,1610164756730,2021-01-09T03:59:16.730Z,buy,1.21e-06,184.0,0.00022264000000000002
RCN/BTC,1610164806013,2021-01-09T04:00:06.013Z,buy,1.21e-06,15691.0,0.01898611
RCN/BTC,1610164808853,2021-01-09T04:00:08.853Z,buy,1.21e-06,3414.0,0.0041309400000000005
RCN/BTC,1610164877399,2021-01-09T04:01:17.399Z,sell,1.2e-06,256.0,0.0003072
RCN/BTC,1610164948560,2021-01-09T04:02:28.560Z,sell,1.2e-06,1414.0,0.0016967999999999998
RCN/BTC,1610165035821,2021-01-09T04:03:55.821Z,buy,1.21e-06,259.0,0.00031339000000000003
RCN/BTC,1610165051217,2021-01-09T04:04:11.217Z,buy,1.21e-06,13897.0,0.01681537
RCN/BTC,1610165100548,2021-01-09T04:05:00.548Z,buy,1.21e-06,260.0,0.0003146
RCN/BTC,1610165142796,2021-01-09T04:05:42.796Z,buy,1.21e-06,2283.0,0.00276243
RCN/BTC,1610165164990,2021-01-09T04:06:04.990Z,buy,1.21e-06,586.0,0.0007090600000000001
RCN/BTC,1610165177284,2021-01-09T04:06:17.284Z,buy,1.21e-06,130.0,0.0001573
RCN/BTC,1610165245286,2021-01-09T04:07:25.286Z,buy,1.21e-06,96808.0,0.11713768000000001
RCN/BTC,1610165248352,2021-01-09T04:07:28.352Z,buy,1.21e-06,50508.0,0.061114680000000005
RCN/BTC,1610165267415,2021-01-09T04:07:47.415Z,buy,1.21e-06,50508.0,0.061114680000000005
RCN/BTC,1610165277705,2021-01-09T04:07:57.705Z,buy,1.21e-06,415.0,0.00050215
RCN/BTC,1610165535847,2021-01-09T04:12:15.847Z,sell,1.2e-06,378.0,0.00045359999999999997
RCN/BTC,1610165536380,2021-01-09T04:12:16.380Z,buy,1.21e-06,259.0,0.00031339000000000003
RCN/BTC,1610165537081,2021-01-09T04:12:17.081Z,buy,1.21e-06,6559.0,0.00793639
RCN/BTC,1610165558444,2021-01-09T04:12:38.444Z,sell,1.2e-06,1198.0,0.0014376
RCN/BTC,1610165560493,2021-01-09T04:12:40.493Z,buy,1.21e-06,3280.0,0.003968800000000001
RCN/BTC,1610165644367,2021-01-09T04:14:04.367Z,buy,1.21e-06,702.0,0.00084942
RCN/BTC,1610165699984,2021-01-09T04:14:59.984Z,sell,1.2e-06,249.0,0.0002988
RCN/BTC,1610165764614,2021-01-09T04:16:04.614Z,buy,1.21e-06,227.0,0.00027467
RCN/BTC,1610165837955,2021-01-09T04:17:17.955Z,buy,1.21e-06,167.0,0.00020207000000000002
RCN/BTC,1610166008112,2021-01-09T04:20:08.112Z,sell,1.2e-06,140.0,0.000168
RCN/BTC,1610166116319,2021-01-09T04:21:56.319Z,buy,1.21e-06,601.0,0.00072721
RCN/BTC,1610166160101,2021-01-09T04:22:40.101Z,sell,1.2e-06,567.0,0.0006804
RCN/BTC,1610166256273,2021-01-09T04:24:16.273Z,buy,1.21e-06,154.0,0.00018634
RCN/BTC,1610166297598,2021-01-09T04:24:57.598Z,buy,1.21e-06,1293.0,0.0015645300000000002
RCN/BTC,1610166356717,2021-01-09T04:25:56.717Z,buy,1.21e-06,1346.0,0.00162866
RCN/BTC,1610166474064,2021-01-09T04:27:54.064Z,sell,1.2e-06,193.0,0.0002316
RCN/BTC,1610166474523,2021-01-09T04:27:54.523Z,buy,1.21e-06,156.0,0.00018876
RCN/BTC,1610166494566,2021-01-09T04:28:14.566Z,buy,1.21e-06,776.0,0.0009389600000000001
RCN/BTC,1610166536913,2021-01-09T04:28:56.913Z,buy,1.21e-06,4928.0,0.00596288
RCN/BTC,1610166674710,2021-01-09T04:31:14.710Z,buy,1.21e-06,414.0,0.0005009400000000001
RCN/BTC,1610166738569,2021-01-09T04:32:18.569Z,buy,1.21e-06,130.0,0.0001573
RCN/BTC,1610166774370,2021-01-09T04:32:54.370Z,buy,1.21e-06,130.0,0.0001573
RCN/BTC,1610166798910,2021-01-09T04:33:18.910Z,buy,1.21e-06,130.0,0.0001573
RCN/BTC,1610166837916,2021-01-09T04:33:57.916Z,buy,1.21e-06,259.0,0.00031339000000000003
RCN/BTC,1610166848855,2021-01-09T04:34:08.855Z,buy,1.21e-06,1496.0,0.0018101600000000001
RCN/BTC,1610166903992,2021-01-09T04:35:03.992Z,buy,1.21e-06,285.0,0.00034485
RCN/BTC,1610166937567,2021-01-09T04:35:37.567Z,buy,1.21e-06,546.0,0.00066066
RCN/BTC,1610166979859,2021-01-09T04:36:19.859Z,buy,1.21e-06,3880.0,0.0046948
RCN/BTC,1610167020596,2021-01-09T04:37:00.596Z,buy,1.21e-06,751.0,0.0009087100000000001
RCN/BTC,1610167037629,2021-01-09T04:37:17.629Z,buy,1.21e-06,149.0,0.00018029
RCN/BTC,1610167277262,2021-01-09T04:41:17.262Z,buy,1.21e-06,1358.0,0.0016431800000000002
RCN/BTC,1610167316868,2021-01-09T04:41:56.868Z,buy,1.21e-06,517.0,0.00062557
RCN/BTC,1610167397565,2021-01-09T04:43:17.565Z,buy,1.21e-06,2033.0,0.00245993
RCN/BTC,1610167440263,2021-01-09T04:44:00.263Z,sell,1.2e-06,806.0,0.0009672
RCN/BTC,1610167440588,2021-01-09T04:44:00.588Z,sell,1.19e-06,163.0,0.00019397000000000001
RCN/BTC,1610167615304,2021-01-09T04:46:55.304Z,buy,1.21e-06,456.0,0.00055176
RCN/BTC,1610167615304,2021-01-09T04:46:55.304Z,buy,1.21e-06,456.0,0.00055176
RCN/BTC,1610167638036,2021-01-09T04:47:18.036Z,buy,1.21e-06,254.0,0.00030734
RCN/BTC,1610167699241,2021-01-09T04:48:19.241Z,buy,1.21e-06,259.0,0.00031339000000000003
RCN/BTC,1610167738742,2021-01-09T04:48:58.742Z,buy,1.21e-06,259.0,0.00031339000000000003
RCN/BTC,1610167755407,2021-01-09T04:49:15.407Z,sell,1.2e-06,6003.0,0.0072036
RCN/BTC,1610167755760,2021-01-09T04:49:15.760Z,sell,1.19e-06,4270.0,0.0050813
RCN/BTC,1610167860878,2021-01-09T04:51:00.878Z,buy,1.21e-06,155.0,0.00018755
RCN/BTC,1610167976535,2021-01-09T04:52:56.535Z,buy,1.21e-06,339.0,0.00041019
RCN/BTC,1610168038027,2021-01-09T04:53:58.027Z,sell,1.19e-06,161.0,0.00019159
RCN/BTC,1610168038561,2021-01-09T04:53:58.561Z,buy,1.21e-06,573.0,0.00069333
RCN/BTC,1610168156659,2021-01-09T04:55:56.659Z,buy,1.2e-06,207.0,0.00024839999999999997
RCN/BTC,1610168197252,2021-01-09T04:56:37.252Z,sell,1.19e-06,389.0,0.00046291
RCN/BTC,1610168215539,2021-01-09T04:56:55.539Z,buy,1.2e-06,199.0,0.00023879999999999998
RCN/BTC,1610168335634,2021-01-09T04:58:55.634Z,sell,1.19e-06,502.0,0.00059738
RCN/BTC,1610168335775,2021-01-09T04:58:55.775Z,buy,1.2e-06,346.0,0.00041519999999999995
RCN/BTC,1610168396357,2021-01-09T04:59:56.357Z,sell,1.19e-06,1150.0,0.0013685000000000001
RCN/BTC,1610168458577,2021-01-09T05:00:58.577Z,buy,1.2e-06,1481.0,0.0017771999999999998
RCN/BTC,1610168535384,2021-01-09T05:02:15.384Z,buy,1.2e-06,118.0,0.0001416
RCN/BTC,1610168596258,2021-01-09T05:03:16.258Z,sell,1.19e-06,1264.0,0.00150416
RCN/BTC,1610168637195,2021-01-09T05:03:57.195Z,buy,1.2e-06,212.0,0.0002544
RCN/BTC,1610168695945,2021-01-09T05:04:55.945Z,buy,1.2e-06,183.0,0.0002196
RCN/BTC,1610168818532,2021-01-09T05:06:58.532Z,buy,1.2e-06,783.0,0.0009396
RCN/BTC,1610168838192,2021-01-09T05:07:18.192Z,buy,1.2e-06,261.0,0.00031319999999999997
RCN/BTC,1610168895366,2021-01-09T05:08:15.366Z,buy,1.2e-06,340.0,0.000408
RCN/BTC,1610168919132,2021-01-09T05:08:39.132Z,buy,1.2e-06,9718.0,0.0116616
RCN/BTC,1610168937420,2021-01-09T05:08:57.420Z,sell,1.2e-06,207.0,0.00024839999999999997
RCN/BTC,1610168958788,2021-01-09T05:09:18.788Z,sell,1.2e-06,849.0,0.0010188
RCN/BTC,1610169077869,2021-01-09T05:11:17.869Z,buy,1.21e-06,259.0,0.00031339000000000003
RCN/BTC,1610169256863,2021-01-09T05:14:16.863Z,buy,1.21e-06,1505.0,0.00182105
RCN/BTC,1610169293681,2021-01-09T05:14:53.681Z,buy,1.21e-06,822.0,0.00099462
RCN/BTC,1610169355885,2021-01-09T05:15:55.885Z,sell,1.2e-06,1359.0,0.0016308
RCN/BTC,1610169376320,2021-01-09T05:16:16.320Z,buy,1.21e-06,707.0,0.00085547
RCN/BTC,1610169423914,2021-01-09T05:17:03.914Z,buy,1.21e-06,130.0,0.0001573
RCN/BTC,1610169538658,2021-01-09T05:18:58.658Z,buy,1.21e-06,950.0,0.0011495000000000001
RCN/BTC,1610169596194,2021-01-09T05:19:56.194Z,buy,1.21e-06,415.0,0.00050215
RCN/BTC,1610169640122,2021-01-09T05:20:40.122Z,sell,1.2e-06,9133.0,0.0109596
RCN/BTC,1610169676406,2021-01-09T05:21:16.406Z,sell,1.2e-06,149.0,0.00017879999999999998
RCN/BTC,1610169677311,2021-01-09T05:21:17.311Z,buy,1.21e-06,519.0,0.00062799
RCN/BTC,1610169735918,2021-01-09T05:22:15.918Z,buy,1.21e-06,1000.0,0.0012100000000000001
RCN/BTC,1610169834210,2021-01-09T05:23:54.210Z,sell,1.2e-06,707.0,0.0008483999999999999
RCN/BTC,1610169838065,2021-01-09T05:23:58.065Z,sell,1.2e-06,418.0,0.0005015999999999999
RCN/BTC,1610169850547,2021-01-09T05:24:10.547Z,buy,1.21e-06,2291.0,0.00277211
RCN/BTC,1610169855102,2021-01-09T05:24:15.102Z,sell,1.2e-06,1483.0,0.0017795999999999999
RCN/BTC,1610170001861,2021-01-09T05:26:41.861Z,buy,1.21e-06,100.0,0.000121
RCN/BTC,1610170075552,2021-01-09T05:27:55.552Z,buy,1.21e-06,1300.0,0.0015730000000000002
RCN/BTC,1610170135510,2021-01-09T05:28:55.510Z,buy,1.21e-06,286.0,0.00034606000000000003
RCN/BTC,1610170190387,2021-01-09T05:29:50.387Z,sell,1.2e-06,1600.0,0.0019199999999999998
RCN/BTC,1610170195826,2021-01-09T05:29:55.826Z,buy,1.21e-06,220.0,0.0002662
RCN/BTC,1610170257413,2021-01-09T05:30:57.413Z,buy,1.21e-06,910.0,0.0011011
RCN/BTC,1610170317053,2021-01-09T05:31:57.053Z,buy,1.21e-06,209.0,0.00025289
RCN/BTC,1610170555867,2021-01-09T05:35:55.867Z,buy,1.21e-06,382.0,0.00046222
RCN/BTC,1610170637238,2021-01-09T05:37:17.238Z,buy,1.21e-06,1150.0,0.0013915000000000002
RCN/BTC,1610170637322,2021-01-09T05:37:17.322Z,sell,1.2e-06,561.0,0.0006732
RCN/BTC,1610170861657,2021-01-09T05:41:01.657Z,buy,1.21e-06,2471.0,0.00298991
RCN/BTC,1610170878502,2021-01-09T05:41:18.502Z,buy,1.21e-06,298.0,0.00036058
RCN/BTC,1610171058375,2021-01-09T05:44:18.375Z,buy,1.21e-06,161.0,0.00019481
RCN/BTC,1610171118018,2021-01-09T05:45:18.018Z,sell,1.2e-06,205.0,0.00024599999999999996
RCN/BTC,1610171132895,2021-01-09T05:45:32.895Z,buy,1.21e-06,3000.0,0.00363
RCN/BTC,1610171156473,2021-01-09T05:45:56.473Z,buy,1.21e-06,131.0,0.00015851
RCN/BTC,1610171156905,2021-01-09T05:45:56.905Z,sell,1.2e-06,1833.0,0.0021996
RCN/BTC,1610171156905,2021-01-09T05:45:56.905Z,sell,1.2e-06,1833.0,0.0021996
RCN/BTC,1610171277714,2021-01-09T05:47:57.714Z,sell,1.2e-06,167.0,0.0002004
RCN/BTC,1610171322634,2021-01-09T05:48:42.634Z,sell,1.2e-06,2042.0,0.0024503999999999997
RCN/BTC,1610171477519,2021-01-09T05:51:17.519Z,sell,1.2e-06,308.0,0.0003696
RCN/BTC,1610171517012,2021-01-09T05:51:57.012Z,buy,1.21e-06,1201.0,0.0014532100000000001
RCN/BTC,1610171653157,2021-01-09T05:54:13.157Z,buy,1.21e-06,140.0,0.0001694
RCN/BTC,1610171696068,2021-01-09T05:54:56.068Z,sell,1.2e-06,2671.0,0.0032052
RCN/BTC,1610171696864,2021-01-09T05:54:56.864Z,buy,1.21e-06,1596.0,0.0019311600000000001
RCN/BTC,1610171758843,2021-01-09T05:55:58.843Z,buy,1.21e-06,263.0,0.00031823
RCN/BTC,1610171919225,2021-01-09T05:58:39.225Z,sell,1.2e-06,1564.0,0.0018767999999999999
RCN/BTC,1610171939395,2021-01-09T05:58:59.395Z,buy,1.21e-06,6540.0,0.007913400000000001
RCN/BTC,1610171994361,2021-01-09T05:59:54.361Z,buy,1.21e-06,431.0,0.00052151
RCN/BTC,1610171997362,2021-01-09T05:59:57.362Z,buy,1.21e-06,430.0,0.0005203
RCN/BTC,1610172177628,2021-01-09T06:02:57.628Z,buy,1.21e-06,632.0,0.0007647200000000001
RCN/BTC,1610172276839,2021-01-09T06:04:36.839Z,buy,1.21e-06,273.0,0.00033033
RCN/BTC,1610172297928,2021-01-09T06:04:57.928Z,buy,1.21e-06,273.0,0.00033033
RCN/BTC,1610172378887,2021-01-09T06:06:18.887Z,buy,1.21e-06,186.0,0.00022506000000000002
RCN/BTC,1610172430299,2021-01-09T06:07:10.299Z,buy,1.21e-06,311.0,0.00037631000000000003
RCN/BTC,1610172482022,2021-01-09T06:08:02.022Z,buy,1.21e-06,9218.0,0.01115378
RCN/BTC,1610172484665,2021-01-09T06:08:04.665Z,buy,1.21e-06,4129.0,0.00499609
RCN/BTC,1610172500312,2021-01-09T06:08:20.312Z,buy,1.21e-06,1017.0,0.00123057
RCN/BTC,1610172537807,2021-01-09T06:08:57.807Z,buy,1.21e-06,204.0,0.00024684
RCN/BTC,1610172539705,2021-01-09T06:08:59.705Z,sell,1.2e-06,130.0,0.000156
RCN/BTC,1610172557296,2021-01-09T06:09:17.296Z,buy,1.21e-06,181.0,0.00021901
RCN/BTC,1610172602520,2021-01-09T06:10:02.520Z,buy,1.21e-06,132.0,0.00015972
RCN/BTC,1610172667925,2021-01-09T06:11:07.925Z,buy,1.21e-06,36485.0,0.04414685
RCN/BTC,1610172716624,2021-01-09T06:11:56.624Z,buy,1.21e-06,132.0,0.00015972
RCN/BTC,1610172742769,2021-01-09T06:12:22.769Z,sell,1.2e-06,10000.0,0.012
RCN/BTC,1610172837600,2021-01-09T06:13:57.600Z,buy,1.21e-06,131.0,0.00015851
RCN/BTC,1610172898468,2021-01-09T06:14:58.468Z,buy,1.21e-06,262.0,0.00031702
RCN/BTC,1610172956700,2021-01-09T06:15:56.700Z,buy,1.21e-06,1889.0,0.00228569
RCN/BTC,1610173143529,2021-01-09T06:19:03.529Z,buy,1.21e-06,4005.0,0.00484605
RCN/BTC,1610173159208,2021-01-09T06:19:19.208Z,buy,1.21e-06,3000.0,0.00363
RCN/BTC,1610173306001,2021-01-09T06:21:46.001Z,buy,1.21e-06,648.0,0.00078408
RCN/BTC,1610173317647,2021-01-09T06:21:57.647Z,buy,1.21e-06,1652.0,0.00199892
RCN/BTC,1610173322277,2021-01-09T06:22:02.277Z,buy,1.21e-06,8761.0,0.01060081
RCN/BTC,1610173436197,2021-01-09T06:23:56.197Z,buy,1.21e-06,185.0,0.00022385000000000002
RCN/BTC,1610173636910,2021-01-09T06:27:16.910Z,sell,1.2e-06,228.0,0.0002736
RCN/BTC,1610173755355,2021-01-09T06:29:15.355Z,buy,1.21e-06,746.0,0.00090266
RCN/BTC,1610173797496,2021-01-09T06:29:57.496Z,buy,1.21e-06,306.0,0.00037026
RCN/BTC,1610173805913,2021-01-09T06:30:05.913Z,buy,1.21e-06,13688.0,0.01656248
RCN/BTC,1610173857784,2021-01-09T06:30:57.784Z,buy,1.21e-06,408.0,0.00049368
RCN/BTC,1610173940001,2021-01-09T06:32:20.001Z,buy,1.21e-06,132.0,0.00015972
RCN/BTC,1610173953047,2021-01-09T06:32:33.047Z,sell,1.2e-06,204.0,0.0002448
RCN/BTC,1610173974950,2021-01-09T06:32:54.950Z,buy,1.21e-06,211.0,0.00025531
RCN/BTC,1610174036986,2021-01-09T06:33:56.986Z,buy,1.21e-06,4434.0,0.00536514
RCN/BTC,1610174098216,2021-01-09T06:34:58.216Z,sell,1.2e-06,9413.0,0.0112956
RCN/BTC,1610174099345,2021-01-09T06:34:59.345Z,buy,1.21e-06,454.0,0.00054934
RCN/BTC,1610174177532,2021-01-09T06:36:17.532Z,buy,1.21e-06,159.0,0.00019239000000000002
RCN/BTC,1610174277619,2021-01-09T06:37:57.619Z,buy,1.21e-06,593.0,0.0007175300000000001
RCN/BTC,1610174357869,2021-01-09T06:39:17.869Z,buy,1.21e-06,159.0,0.00019239000000000002
RCN/BTC,1610174461621,2021-01-09T06:41:01.621Z,buy,1.21e-06,1317.0,0.00159357
RCN/BTC,1610174598010,2021-01-09T06:43:18.010Z,buy,1.21e-06,158.0,0.00019118000000000002
RCN/BTC,1610174601362,2021-01-09T06:43:21.362Z,buy,1.21e-06,158.0,0.00019118000000000002
RCN/BTC,1610174601362,2021-01-09T06:43:21.362Z,buy,1.21e-06,158.0,0.00019118000000000002
RCN/BTC,1610174813700,2021-01-09T06:46:53.700Z,buy,1.21e-06,1107.0,0.0013394700000000002
RCN/BTC,1610174878220,2021-01-09T06:47:58.220Z,buy,1.21e-06,1321.0,0.00159841
RCN/BTC,1610174881010,2021-01-09T06:48:01.010Z,sell,1.2e-06,147.0,0.0001764
RCN/BTC,1610174965137,2021-01-09T06:49:25.137Z,buy,1.21e-06,793.0,0.00095953
RCN/BTC,1610175059763,2021-01-09T06:50:59.763Z,buy,1.21e-06,1295.0,0.0015669500000000001
RCN/BTC,1610175083095,2021-01-09T06:51:23.095Z,buy,1.21e-06,19264.0,0.02330944
RCN/BTC,1610175134822,2021-01-09T06:52:14.822Z,sell,1.2e-06,6325.0,0.0075899999999999995
RCN/BTC,1610175141096,2021-01-09T06:52:21.096Z,buy,1.21e-06,2631.0,0.00318351
RCN/BTC,1610175477132,2021-01-09T06:57:57.132Z,buy,1.21e-06,239.0,0.00028919000000000004
RCN/BTC,1610175557321,2021-01-09T06:59:17.321Z,buy,1.21e-06,291.0,0.00035211000000000004
RCN/BTC,1610175658715,2021-01-09T07:00:58.715Z,buy,1.21e-06,159.0,0.00019239000000000002
RCN/BTC,1610175676682,2021-01-09T07:01:16.682Z,buy,1.21e-06,160.0,0.00019360000000000002
RCN/BTC,1610175737640,2021-01-09T07:02:17.640Z,buy,1.21e-06,557.0,0.0006739700000000001
RCN/BTC,1610175777961,2021-01-09T07:02:57.961Z,buy,1.21e-06,398.0,0.00048158
RCN/BTC,1610175868279,2021-01-09T07:04:28.279Z,buy,1.21e-06,642.0,0.00077682
RCN/BTC,1610175880180,2021-01-09T07:04:40.180Z,sell,1.2e-06,875.0,0.00105
RCN/BTC,1610175956419,2021-01-09T07:05:56.419Z,buy,1.21e-06,188.0,0.00022748
RCN/BTC,1610176078231,2021-01-09T07:07:58.231Z,buy,1.21e-06,375.0,0.00045375
RCN/BTC,1610176142099,2021-01-09T07:09:02.099Z,sell,1.2e-06,771.0,0.0009251999999999999
RCN/BTC,1610176202327,2021-01-09T07:10:02.327Z,sell,1.2e-06,307.0,0.0003684
RCN/BTC,1610176258924,2021-01-09T07:10:58.924Z,buy,1.21e-06,596.0,0.00072116
RCN/BTC,1610176268401,2021-01-09T07:11:08.401Z,buy,1.21e-06,7832.0,0.009476720000000001
RCN/BTC,1610176358210,2021-01-09T07:12:38.210Z,sell,1.2e-06,567.0,0.0006804
RCN/BTC,1610176376463,2021-01-09T07:12:56.463Z,buy,1.21e-06,134.0,0.00016214000000000002
RCN/BTC,1610176407256,2021-01-09T07:13:27.256Z,buy,1.21e-06,180.0,0.0002178
RCN/BTC,1610176409219,2021-01-09T07:13:29.219Z,buy,1.21e-06,914.0,0.0011059400000000001
RCN/BTC,1610176435483,2021-01-09T07:13:55.483Z,buy,1.21e-06,305.0,0.00036905
RCN/BTC,1610176440869,2021-01-09T07:14:00.869Z,buy,1.21e-06,1255.0,0.00151855
RCN/BTC,1610176441132,2021-01-09T07:14:01.132Z,buy,1.21e-06,313.0,0.00037873000000000003
RCN/BTC,1610176441841,2021-01-09T07:14:01.841Z,sell,1.2e-06,1566.0,0.0018792
RCN/BTC,1610176442825,2021-01-09T07:14:02.825Z,sell,1.2e-06,160.0,0.000192
RCN/BTC,1610176495856,2021-01-09T07:14:55.856Z,buy,1.21e-06,266.0,0.00032186000000000004
RCN/BTC,1610176520690,2021-01-09T07:15:20.690Z,buy,1.21e-06,200.0,0.000242
RCN/BTC,1610176638216,2021-01-09T07:17:18.216Z,buy,1.21e-06,528.0,0.00063888
RCN/BTC,1610176736037,2021-01-09T07:18:56.037Z,buy,1.21e-06,462.0,0.00055902
RCN/BTC,1610176797649,2021-01-09T07:19:57.649Z,buy,1.21e-06,132.0,0.00015972
RCN/BTC,1610176845455,2021-01-09T07:20:45.455Z,buy,1.21e-06,1648.0,0.00199408
RCN/BTC,1610176877620,2021-01-09T07:21:17.620Z,buy,1.21e-06,150.0,0.00018150000000000002
RCN/BTC,1610176935832,2021-01-09T07:22:15.832Z,buy,1.21e-06,133.0,0.00016093000000000002
RCN/BTC,1610176977323,2021-01-09T07:22:57.323Z,buy,1.21e-06,717.0,0.00086757
RCN/BTC,1610177098817,2021-01-09T07:24:58.817Z,sell,1.2e-06,455.0,0.0005459999999999999
RCN/BTC,1610177215928,2021-01-09T07:26:55.928Z,buy,1.21e-06,264.0,0.00031944
RCN/BTC,1610177398503,2021-01-09T07:29:58.503Z,buy,1.21e-06,1344.0,0.0016262400000000002
RCN/BTC,1610177539122,2021-01-09T07:32:19.122Z,sell,1.2e-06,733.0,0.0008795999999999999
RCN/BTC,1610177637104,2021-01-09T07:33:57.104Z,buy,1.21e-06,210.0,0.0002541
RCN/BTC,1610177865678,2021-01-09T07:37:45.678Z,buy,1.21e-06,42313.0,0.051198730000000005
RCN/BTC,1610177945839,2021-01-09T07:39:05.839Z,buy,1.21e-06,5088.0,0.006156480000000001
RCN/BTC,1610177958588,2021-01-09T07:39:18.588Z,buy,1.21e-06,290.0,0.0003509
RCN/BTC,1610178002733,2021-01-09T07:40:02.733Z,buy,1.21e-06,4967.0,0.00601007
RCN/BTC,1610178017175,2021-01-09T07:40:17.175Z,buy,1.21e-06,322.0,0.00038962
RCN/BTC,1610178018259,2021-01-09T07:40:18.259Z,buy,1.21e-06,151.0,0.00018271000000000002
RCN/BTC,1610178118082,2021-01-09T07:41:58.082Z,buy,1.22e-06,425.0,0.0005185
RCN/BTC,1610178168572,2021-01-09T07:42:48.572Z,buy,1.22e-06,3291.0,0.00401502
RCN/BTC,1610178176188,2021-01-09T07:42:56.188Z,buy,1.22e-06,157.0,0.00019154
RCN/BTC,1610178176188,2021-01-09T07:42:56.188Z,buy,1.22e-06,157.0,0.00019154
RCN/BTC,1610178280849,2021-01-09T07:44:40.849Z,buy,1.22e-06,690.0,0.0008418
RCN/BTC,1610178294413,2021-01-09T07:44:54.413Z,sell,1.21e-06,603.0,0.00072963
RCN/BTC,1610178294413,2021-01-09T07:44:54.413Z,sell,1.21e-06,98.0,0.00011858
RCN/BTC,1610178294694,2021-01-09T07:44:54.694Z,buy,1.22e-06,131.0,0.00015982
RCN/BTC,1610178357523,2021-01-09T07:45:57.523Z,sell,1.21e-06,619.0,0.00074899
RCN/BTC,1610178418381,2021-01-09T07:46:58.381Z,buy,1.22e-06,157.0,0.00019154
RCN/BTC,1610178440586,2021-01-09T07:47:20.586Z,buy,1.22e-06,1537.0,0.00187514
RCN/BTC,1610178515211,2021-01-09T07:48:35.211Z,buy,1.22e-06,1309.0,0.00159698
RCN/BTC,1610178616069,2021-01-09T07:50:16.069Z,buy,1.22e-06,1639.0,0.00199958
RCN/BTC,1610178720502,2021-01-09T07:52:00.502Z,sell,1.21e-06,897.0,0.00108537
RCN/BTC,1610178735708,2021-01-09T07:52:15.708Z,sell,1.21e-06,142.0,0.00017182000000000002
RCN/BTC,1610178736094,2021-01-09T07:52:16.094Z,buy,1.22e-06,2641.0,0.00322202
RCN/BTC,1610178764089,2021-01-09T07:52:44.089Z,buy,1.22e-06,83.0,0.00010126
RCN/BTC,1610178776726,2021-01-09T07:52:56.726Z,buy,1.22e-06,300.0,0.000366
RCN/BTC,1610178856452,2021-01-09T07:54:16.452Z,buy,1.22e-06,2659.0,0.00324398
RCN/BTC,1610178896376,2021-01-09T07:54:56.376Z,sell,1.21e-06,1910.0,0.0023111
RCN/BTC,1610178960797,2021-01-09T07:56:00.797Z,buy,1.22e-06,257.0,0.00031354
RCN/BTC,1610179017688,2021-01-09T07:56:57.688Z,buy,1.22e-06,2641.0,0.00322202
RCN/BTC,1610179053029,2021-01-09T07:57:33.029Z,buy,1.22e-06,418.0,0.00050996
RCN/BTC,1610179075716,2021-01-09T07:57:55.716Z,buy,1.22e-06,2352.0,0.00286944
RCN/BTC,1610179098345,2021-01-09T07:58:18.345Z,buy,1.22e-06,1639.0,0.00199958
RCN/BTC,1610179196087,2021-01-09T07:59:56.087Z,buy,1.22e-06,886.0,0.00108092
RCN/BTC,1610179216177,2021-01-09T08:00:16.177Z,buy,1.22e-06,7095.0,0.0086559
RCN/BTC,1610179216177,2021-01-09T08:00:16.177Z,buy,1.23e-06,639.0,0.0007859700000000001
RCN/BTC,1610179226761,2021-01-09T08:00:26.761Z,sell,1.22e-06,4140.0,0.0050508
RCN/BTC,1610179227466,2021-01-09T08:00:27.466Z,sell,1.22e-06,943.0,0.00115046
RCN/BTC,1610179229405,2021-01-09T08:00:29.405Z,sell,1.21e-06,3125.0,0.0037812500000000003
RCN/BTC,1610179229434,2021-01-09T08:00:29.434Z,sell,1.21e-06,85.0,0.00010285
RCN/BTC,1610179258694,2021-01-09T08:00:58.694Z,buy,1.23e-06,130.0,0.0001599
RCN/BTC,1610179261186,2021-01-09T08:01:01.186Z,sell,1.21e-06,11669.0,0.01411949
RCN/BTC,1610179455928,2021-01-09T08:04:15.928Z,sell,1.21e-06,335.0,0.00040535
RCN/BTC,1610179495432,2021-01-09T08:04:55.432Z,buy,1.23e-06,277.0,0.00034071000000000004
RCN/BTC,1610179566027,2021-01-09T08:06:06.027Z,buy,1.23e-06,2575.0,0.0031672500000000004
RCN/BTC,1610179575499,2021-01-09T08:06:15.499Z,buy,1.23e-06,8102.0,0.00996546
RCN/BTC,1610179577883,2021-01-09T08:06:17.883Z,sell,1.23e-06,4120.0,0.0050676
RCN/BTC,1610179578572,2021-01-09T08:06:18.572Z,sell,1.23e-06,1345.0,0.0016543500000000002
RCN/BTC,1610179631681,2021-01-09T08:07:11.681Z,buy,1.24e-06,35327.0,0.04380548
RCN/BTC,1610179633245,2021-01-09T08:07:13.245Z,sell,1.24e-06,4078.0,0.00505672
RCN/BTC,1610179633317,2021-01-09T08:07:13.317Z,sell,1.24e-06,1616.0,0.00200384
RCN/BTC,1610179633514,2021-01-09T08:07:13.514Z,sell,1.24e-06,2802.0,0.00347448
RCN/BTC,1610179636317,2021-01-09T08:07:16.317Z,sell,1.24e-06,85.0,0.0001054
RCN/BTC,1610179639333,2021-01-09T08:07:19.333Z,buy,1.25e-06,81.0,0.00010125000000000001
RCN/BTC,1610179651563,2021-01-09T08:07:31.563Z,sell,1.24e-06,2188.0,0.00271312
RCN/BTC,1610179684227,2021-01-09T08:08:04.227Z,sell,1.24e-06,6734.0,0.00835016
RCN/BTC,1610179685085,2021-01-09T08:08:05.085Z,sell,1.24e-06,14220.0,0.0176328
RCN/BTC,1610179686091,2021-01-09T08:08:06.091Z,sell,1.24e-06,3893.0,0.0048273199999999995
RCN/BTC,1610179696221,2021-01-09T08:08:16.221Z,sell,1.23e-06,1000.0,0.0012300000000000002
RCN/BTC,1610179698407,2021-01-09T08:08:18.407Z,buy,1.25e-06,325.0,0.00040625000000000004
RCN/BTC,1610179725347,2021-01-09T08:08:45.347Z,buy,1.24e-06,5083.0,0.00630292
RCN/BTC,1610179816524,2021-01-09T08:10:16.524Z,sell,1.23e-06,178.0,0.00021894000000000001
RCN/BTC,1610179816524,2021-01-09T08:10:16.524Z,sell,1.23e-06,465.0,0.00057195
RCN/BTC,1610179860796,2021-01-09T08:11:00.796Z,sell,1.23e-06,2639.0,0.0032459700000000004
RCN/BTC,1610179877717,2021-01-09T08:11:17.717Z,buy,1.25e-06,128.0,0.00016
RCN/BTC,1610179895806,2021-01-09T08:11:35.806Z,buy,1.25e-06,8532.0,0.010665000000000001
RCN/BTC,1610179932978,2021-01-09T08:12:12.978Z,sell,1.24e-06,1031.0,0.00127844
RCN/BTC,1610179975762,2021-01-09T08:12:55.762Z,buy,1.25e-06,571.0,0.0007137500000000001
RCN/BTC,1610179993808,2021-01-09T08:13:13.808Z,sell,1.24e-06,200.0,0.000248
RCN/BTC,1610180039316,2021-01-09T08:13:59.316Z,sell,1.24e-06,160.0,0.0001984
RCN/BTC,1610180046534,2021-01-09T08:14:06.534Z,sell,1.24e-06,294.0,0.00036456
RCN/BTC,1610180098536,2021-01-09T08:14:58.536Z,buy,1.25e-06,209.0,0.00026125000000000003
RCN/BTC,1610180156683,2021-01-09T08:15:56.683Z,sell,1.24e-06,5004.0,0.00620496
RCN/BTC,1610180157058,2021-01-09T08:15:57.058Z,sell,1.23e-06,330.0,0.00040590000000000005
RCN/BTC,1610180159943,2021-01-09T08:15:59.943Z,buy,1.25e-06,763.0,0.0009537500000000001
RCN/BTC,1610180215801,2021-01-09T08:16:55.801Z,buy,1.24e-06,331.0,0.00041044
RCN/BTC,1610180245409,2021-01-09T08:17:25.409Z,buy,1.24e-06,4669.0,0.00578956
RCN/BTC,1610180273488,2021-01-09T08:17:53.488Z,buy,1.25e-06,1812.0,0.002265
RCN/BTC,1610180335024,2021-01-09T08:18:55.024Z,sell,1.24e-06,1375.0,0.001705
RCN/BTC,1610180365188,2021-01-09T08:19:25.188Z,buy,1.25e-06,443.0,0.0005537500000000001
RCN/BTC,1610180387478,2021-01-09T08:19:47.478Z,sell,1.24e-06,3522.0,0.00436728
RCN/BTC,1610180396339,2021-01-09T08:19:56.339Z,sell,1.24e-06,481.0,0.00059644
RCN/BTC,1610180458605,2021-01-09T08:20:58.605Z,sell,1.24e-06,2737.0,0.00339388
RCN/BTC,1610180458910,2021-01-09T08:20:58.910Z,buy,1.25e-06,636.0,0.000795
RCN/BTC,1610180537792,2021-01-09T08:22:17.792Z,buy,1.25e-06,280.0,0.00035000000000000005
RCN/BTC,1610180543122,2021-01-09T08:22:23.122Z,sell,1.24e-06,300.0,0.000372
RCN/BTC,1610180576979,2021-01-09T08:22:56.979Z,buy,1.25e-06,509.0,0.0006362500000000001
RCN/BTC,1610180598437,2021-01-09T08:23:18.437Z,buy,1.25e-06,419.0,0.00052375
RCN/BTC,1610180599130,2021-01-09T08:23:19.130Z,sell,1.24e-06,263.0,0.00032612
RCN/BTC,1610180599184,2021-01-09T08:23:19.184Z,buy,1.25e-06,3041.0,0.0038012500000000004
RCN/BTC,1610180641881,2021-01-09T08:24:01.881Z,sell,1.25e-06,131.0,0.00016375000000000002
RCN/BTC,1610180656819,2021-01-09T08:24:16.819Z,buy,1.26e-06,661.0,0.00083286
RCN/BTC,1610180716424,2021-01-09T08:25:16.424Z,sell,1.25e-06,2371.0,0.0029637500000000002
RCN/BTC,1610180716582,2021-01-09T08:25:16.582Z,buy,1.26e-06,278.0,0.00035028
RCN/BTC,1610180775862,2021-01-09T08:26:15.862Z,sell,1.25e-06,269.0,0.00033625
RCN/BTC,1610180775862,2021-01-09T08:26:15.862Z,sell,1.25e-06,1081.0,0.00135125
RCN/BTC,1610180817564,2021-01-09T08:26:57.564Z,sell,1.25e-06,130.0,0.00016250000000000002
RCN/BTC,1610180826683,2021-01-09T08:27:06.683Z,buy,1.26e-06,3776.0,0.00475776
RCN/BTC,1610180875308,2021-01-09T08:27:55.308Z,sell,1.25e-06,429.0,0.00053625
RCN/BTC,1610180875936,2021-01-09T08:27:55.936Z,buy,1.26e-06,2391.0,0.00301266
RCN/BTC,1610180895893,2021-01-09T08:28:15.893Z,sell,1.25e-06,130.0,0.00016250000000000002
RCN/BTC,1610180938036,2021-01-09T08:28:58.036Z,buy,1.26e-06,404.0,0.00050904
RCN/BTC,1610180989179,2021-01-09T08:29:49.179Z,buy,1.26e-06,1087.0,0.00136962
RCN/BTC,1610180999660,2021-01-09T08:29:59.660Z,buy,1.26e-06,152.0,0.00019152
RCN/BTC,1610181008256,2021-01-09T08:30:08.256Z,buy,1.26e-06,530.0,0.0006678
RCN/BTC,1610181058112,2021-01-09T08:30:58.112Z,buy,1.26e-06,278.0,0.00035028
RCN/BTC,1610181075958,2021-01-09T08:31:15.958Z,buy,1.26e-06,531.0,0.00066906
RCN/BTC,1610181115897,2021-01-09T08:31:55.897Z,buy,1.26e-06,278.0,0.00035028
RCN/BTC,1610181116513,2021-01-09T08:31:56.513Z,sell,1.25e-06,2609.0,0.0032612500000000003
RCN/BTC,1610181116513,2021-01-09T08:31:56.513Z,sell,1.25e-06,105.0,0.00013125000000000002
RCN/BTC,1610181175061,2021-01-09T08:32:55.061Z,sell,1.25e-06,1639.0,0.0020487500000000002
RCN/BTC,1610181235537,2021-01-09T08:33:55.537Z,sell,1.25e-06,694.0,0.0008675000000000001
RCN/BTC,1610181235787,2021-01-09T08:33:55.787Z,buy,1.26e-06,1314.0,0.00165564
RCN/BTC,1610181238286,2021-01-09T08:33:58.286Z,sell,1.25e-06,129.0,0.00016125000000000002
RCN/BTC,1610181256201,2021-01-09T08:34:16.201Z,sell,1.25e-06,1957.0,0.00244625
RCN/BTC,1610181282702,2021-01-09T08:34:42.702Z,sell,1.25e-06,1448.0,0.0018100000000000002
RCN/BTC,1610181297944,2021-01-09T08:34:57.944Z,sell,1.25e-06,264.0,0.00033000000000000005
RCN/BTC,1610181316592,2021-01-09T08:35:16.592Z,sell,1.25e-06,132.0,0.00016500000000000003
RCN/BTC,1610181359299,2021-01-09T08:35:59.299Z,sell,1.25e-06,283.0,0.00035375
RCN/BTC,1610181476569,2021-01-09T08:37:56.569Z,buy,1.26e-06,228.0,0.00028728
RCN/BTC,1610181477154,2021-01-09T08:37:57.154Z,sell,1.25e-06,1478.0,0.0018475000000000002
RCN/BTC,1610181489319,2021-01-09T08:38:09.319Z,buy,1.26e-06,1162.0,0.00146412
RCN/BTC,1610181509609,2021-01-09T08:38:29.609Z,sell,1.25e-06,1014.0,0.0012675000000000002
RCN/BTC,1610181536878,2021-01-09T08:38:56.878Z,sell,1.25e-06,901.0,0.00112625
RCN/BTC,1610181556015,2021-01-09T08:39:16.015Z,sell,1.25e-06,160.0,0.0002
RCN/BTC,1610181590168,2021-01-09T08:39:50.168Z,sell,1.25e-06,1014.0,0.0012675000000000002
RCN/BTC,1610181596913,2021-01-09T08:39:56.913Z,sell,1.25e-06,393.0,0.00049125
RCN/BTC,1610181656474,2021-01-09T08:40:56.474Z,buy,1.26e-06,315.0,0.0003969
RCN/BTC,1610181676591,2021-01-09T08:41:16.591Z,sell,1.25e-06,1014.0,0.0012675000000000002
RCN/BTC,1610181741523,2021-01-09T08:42:21.523Z,sell,1.25e-06,2565.0,0.0032062500000000003
RCN/BTC,1610181775304,2021-01-09T08:42:55.304Z,sell,1.25e-06,505.0,0.0006312500000000001
RCN/BTC,1610181775304,2021-01-09T08:42:55.304Z,sell,1.25e-06,505.0,0.0006312500000000001
RCN/BTC,1610181841046,2021-01-09T08:44:01.046Z,buy,1.26e-06,127.0,0.00016002
RCN/BTC,1610181893364,2021-01-09T08:44:53.364Z,sell,1.25e-06,11950.0,0.014937500000000001
RCN/BTC,1610181897564,2021-01-09T08:44:57.564Z,sell,1.24e-06,260.0,0.0003224
RCN/BTC,1610181978659,2021-01-09T08:46:18.659Z,buy,1.26e-06,151.0,0.00019026
RCN/BTC,1610182076862,2021-01-09T08:47:56.862Z,sell,1.24e-06,162.0,0.00020088
RCN/BTC,1610182102378,2021-01-09T08:48:22.378Z,sell,1.24e-06,7457.0,0.00924668
RCN/BTC,1610182197763,2021-01-09T08:49:57.763Z,buy,1.25e-06,225.0,0.00028125000000000003
RCN/BTC,1610182213548,2021-01-09T08:50:13.548Z,sell,1.23e-06,156.0,0.00019188
RCN/BTC,1610182243314,2021-01-09T08:50:43.314Z,sell,1.23e-06,7547.0,0.00928281
RCN/BTC,1610182256182,2021-01-09T08:50:56.182Z,sell,1.22e-06,1457.0,0.00177754
RCN/BTC,1610182313095,2021-01-09T08:51:53.095Z,sell,1.22e-06,20076.0,0.02449272
RCN/BTC,1610182327924,2021-01-09T08:52:07.924Z,buy,1.22e-06,82.0,0.00010004
RCN/BTC,1610182335429,2021-01-09T08:52:15.429Z,sell,1.21e-06,658.0,0.0007961800000000001
RCN/BTC,1610182404044,2021-01-09T08:53:24.044Z,sell,1.21e-06,3583.0,0.00433543
RCN/BTC,1610182440919,2021-01-09T08:54:00.919Z,buy,1.22e-06,130.0,0.0001586
RCN/BTC,1610182514582,2021-01-09T08:55:14.582Z,buy,1.22e-06,400.0,0.000488
RCN/BTC,1610182558147,2021-01-09T08:55:58.147Z,sell,1.21e-06,286.0,0.00034606000000000003
RCN/BTC,1610182619040,2021-01-09T08:56:59.040Z,buy,1.22e-06,488.0,0.00059536
RCN/BTC,1610182652681,2021-01-09T08:57:32.681Z,buy,1.22e-06,5036.0,0.00614392
RCN/BTC,1610182677040,2021-01-09T08:57:57.040Z,sell,1.21e-06,1333.0,0.00161293
RCN/BTC,1610182743399,2021-01-09T08:59:03.399Z,buy,1.22e-06,1365.0,0.0016653
RCN/BTC,1610182795724,2021-01-09T08:59:55.724Z,buy,1.22e-06,129.0,0.00015738
RCN/BTC,1610182803450,2021-01-09T09:00:03.450Z,buy,1.22e-06,208.0,0.00025376
RCN/BTC,1610182803585,2021-01-09T09:00:03.585Z,sell,1.22e-06,24551.0,0.029952219999999998
RCN/BTC,1610182804585,2021-01-09T09:00:04.585Z,sell,1.22e-06,5067.0,0.00618174
RCN/BTC,1610182818376,2021-01-09T09:00:18.376Z,sell,1.22e-06,666.0,0.00081252
RCN/BTC,1610182832433,2021-01-09T09:00:32.433Z,sell,1.22e-06,1003.0,0.00122366
RCN/BTC,1610182860461,2021-01-09T09:01:00.461Z,sell,1.22e-06,10644.0,0.01298568
RCN/BTC,1610182867230,2021-01-09T09:01:07.230Z,buy,1.22e-06,4079.0,0.00497638
RCN/BTC,1610182878348,2021-01-09T09:01:18.348Z,buy,1.22e-06,178.0,0.00021716
RCN/BTC,1610182936212,2021-01-09T09:02:16.212Z,sell,1.21e-06,215.0,0.00026015
RCN/BTC,1610182977206,2021-01-09T09:02:57.206Z,sell,1.21e-06,2642.0,0.00319682
RCN/BTC,1610182988238,2021-01-09T09:03:08.238Z,sell,1.21e-06,15575.0,0.01884575
RCN/BTC,1610182988870,2021-01-09T09:03:08.870Z,buy,1.21e-06,1438.0,0.0017399800000000001
RCN/BTC,1610182988900,2021-01-09T09:03:08.900Z,buy,1.21e-06,2593.0,0.0031375300000000004
RCN/BTC,1610182990025,2021-01-09T09:03:10.025Z,buy,1.21e-06,1558.0,0.0018851800000000002
RCN/BTC,1610182990493,2021-01-09T09:03:10.493Z,buy,1.21e-06,1558.0,0.0018851800000000002
RCN/BTC,1610182992416,2021-01-09T09:03:12.416Z,buy,1.21e-06,1129.0,0.0013660900000000001
RCN/BTC,1610182995866,2021-01-09T09:03:15.866Z,buy,1.21e-06,309.0,0.00037389000000000004
RCN/BTC,1610183028113,2021-01-09T09:03:48.113Z,sell,1.2e-06,46221.0,0.0554652
RCN/BTC,1610183042531,2021-01-09T09:04:02.531Z,sell,1.2e-06,6351.0,0.0076212
RCN/BTC,1610183077342,2021-01-09T09:04:37.342Z,sell,1.2e-06,500.0,0.0006
RCN/BTC,1610183082859,2021-01-09T09:04:42.859Z,buy,1.21e-06,130.0,0.0001573
RCN/BTC,1610183099672,2021-01-09T09:04:59.672Z,buy,1.21e-06,92.0,0.00011132000000000001
RCN/BTC,1610183104226,2021-01-09T09:05:04.226Z,buy,1.21e-06,158.0,0.00019118000000000002
RCN/BTC,1610183163866,2021-01-09T09:06:03.866Z,buy,1.21e-06,177.0,0.00021417000000000002
RCN/BTC,1610183186113,2021-01-09T09:06:26.113Z,sell,1.2e-06,739.0,0.0008868
RCN/BTC,1610183186113,2021-01-09T09:06:26.113Z,sell,1.19e-06,248.0,0.00029512
RCN/BTC,1610183216634,2021-01-09T09:06:56.634Z,buy,1.2e-06,126.0,0.0001512
RCN/BTC,1610183236573,2021-01-09T09:07:16.573Z,buy,1.2e-06,435.0,0.000522
RCN/BTC,1610183268279,2021-01-09T09:07:48.279Z,buy,1.2e-06,367.0,0.00044039999999999997
RCN/BTC,1610183335867,2021-01-09T09:08:55.867Z,buy,1.2e-06,1184.0,0.0014207999999999998
RCN/BTC,1610183347922,2021-01-09T09:09:07.922Z,buy,1.2e-06,84.0,0.0001008
RCN/BTC,1610183490710,2021-01-09T09:11:30.710Z,buy,1.2e-06,2514.0,0.0030168
RCN/BTC,1610183492495,2021-01-09T09:11:32.495Z,buy,1.2e-06,2486.0,0.0029831999999999997
RCN/BTC,1610183501572,2021-01-09T09:11:41.572Z,buy,1.2e-06,8330.0,0.009996
RCN/BTC,1610183517658,2021-01-09T09:11:57.658Z,buy,1.2e-06,209.0,0.00025079999999999997
RCN/BTC,1610183523821,2021-01-09T09:12:03.821Z,buy,1.2e-06,1650.0,0.00198
RCN/BTC,1610183596449,2021-01-09T09:13:16.449Z,sell,1.19e-06,543.0,0.0006461700000000001
RCN/BTC,1610183596701,2021-01-09T09:13:16.701Z,buy,1.2e-06,1667.0,0.0020004
RCN/BTC,1610183697930,2021-01-09T09:14:57.930Z,buy,1.2e-06,221.0,0.0002652
RCN/BTC,1610183716706,2021-01-09T09:15:16.706Z,buy,1.2e-06,521.0,0.0006252
RCN/BTC,1610183756030,2021-01-09T09:15:56.030Z,buy,1.2e-06,391.0,0.00046919999999999997
RCN/BTC,1610183815485,2021-01-09T09:16:55.485Z,sell,1.19e-06,3014.0,0.00358666
RCN/BTC,1610183878127,2021-01-09T09:17:58.127Z,buy,1.2e-06,120.0,0.000144
RCN/BTC,1610183893434,2021-01-09T09:18:13.434Z,buy,1.2e-06,232.0,0.0002784
RCN/BTC,1610183901767,2021-01-09T09:18:21.767Z,buy,1.2e-06,9465.0,0.011358
RCN/BTC,1610183991798,2021-01-09T09:19:51.798Z,sell,1.2e-06,216.0,0.0002592
RCN/BTC,1610184017249,2021-01-09T09:20:17.249Z,buy,1.21e-06,323.0,0.00039083
RCN/BTC,1610184049649,2021-01-09T09:20:49.649Z,buy,1.21e-06,441.0,0.00053361
RCN/BTC,1610184050258,2021-01-09T09:20:50.258Z,buy,1.21e-06,433.0,0.00052393
RCN/BTC,1610184076356,2021-01-09T09:21:16.356Z,sell,1.2e-06,1406.0,0.0016872
RCN/BTC,1610184079929,2021-01-09T09:21:19.929Z,buy,1.21e-06,439.0,0.0005311900000000001
