symbol,timestamp,datetime,side,price,amount,btc_volume
RDN/BTC,1580389239887,2020-01-30T13:00:39.887Z,sell,1.333e-05,288.0,0.0038390399999999997
RDN/BTC,1580389306759,2020-01-30T13:01:46.759Z,sell,1.333e-05,341.0,0.00454553
RDN/BTC,1580389341341,2020-01-30T13:02:21.341Z,sell,1.333e-05,100.0,0.001333
RDN/BTC,1580389341341,2020-01-30T13:02:21.341Z,sell,1.331e-05,598.0,0.00795938
RDN/BTC,1580389341351,2020-01-30T13:02:21.351Z,buy,1.331e-05,112.0,0.00149072
RDN/BTC,1580389346243,2020-01-30T13:02:26.243Z,sell,1.327e-05,216.0,0.00286632
RDN/BTC,1580389474474,2020-01-30T13:04:34.474Z,sell,1.331e-05,67.0,0.00089177
RDN/BTC,1580389474474,2020-01-30T13:04:34.474Z,sell,1.326e-05,32.0,0.00042432
RDN/BTC,1580389474474,2020-01-30T13:04:34.474Z,sell,1.325e-05,2484.0,0.032913
RDN/BTC,1580389474474,2020-01-30T13:04:34.474Z,sell,1.324e-05,2819.0,0.03732356
RDN/BTC,1580389474474,2020-01-30T13:04:34.474Z,sell,1.323e-05,6799.0,0.08995077
RDN/BTC,1580389474474,2020-01-30T13:04:34.474Z,sell,1.322e-05,4212.0,0.055682640000000005
RDN/BTC,1580389474493,2020-01-30T13:04:34.493Z,buy,1.322e-05,113.0,0.00149386
RDN/BTC,1580389474537,2020-01-30T13:04:34.537Z,buy,1.322e-05,113.0,0.00149386
RDN/BTC,1580389474607,2020-01-30T13:04:34.607Z,buy,1.322e-05,995.0,0.0131539
RDN/BTC,1580389483548,2020-01-30T13:04:43.548Z,sell,1.327e-05,8.0,0.00010616
RDN/BTC,1580389483548,2020-01-30T13:04:43.548Z,sell,1.324e-05,507.0,0.00671268
RDN/BTC,1580389483548,2020-01-30T13:04:43.548Z,sell,1.322e-05,6130.0,0.0810386
RDN/BTC,1580389593169,2020-01-30T13:06:33.169Z,buy,1.329e-05,10.0,0.0001329
RDN/BTC,1580389860129,2020-01-30T13:11:00.129Z,buy,1.327e-05,2.0,2.654e-05
RDN/BTC,1580390035044,2020-01-30T13:13:55.044Z,buy,1.33e-05,9.0,0.0001197
RDN/BTC,1580390141414,2020-01-30T13:15:41.414Z,buy,1.329e-05,552.0,0.00733608
RDN/BTC,1580390141455,2020-01-30T13:15:41.455Z,sell,1.329e-05,203.0,0.0026978699999999998
RDN/BTC,1580390141483,2020-01-30T13:15:41.483Z,sell,1.329e-05,35.0,0.00046515
RDN/BTC,1580390148300,2020-01-30T13:15:48.300Z,sell,1.329e-05,3513.0,0.046687769999999996
RDN/BTC,1580390232367,2020-01-30T13:17:12.367Z,buy,1.338e-05,210.0,0.0028098000000000003
RDN/BTC,1580390381627,2020-01-30T13:19:41.627Z,sell,1.329e-05,74.0,0.00098346
RDN/BTC,1580390466612,2020-01-30T13:21:06.612Z,sell,1.329e-05,299.0,0.00397371
RDN/BTC,1580390565704,2020-01-30T13:22:45.704Z,sell,1.329e-05,69.0,0.00091701
RDN/BTC,1580390655794,2020-01-30T13:24:15.794Z,sell,1.329e-05,135.0,0.00179415
RDN/BTC,1580390843108,2020-01-30T13:27:23.108Z,buy,1.337e-05,2.0,2.674e-05
RDN/BTC,1580391080152,2020-01-30T13:31:20.152Z,sell,1.329e-05,1278.0,0.01698462
RDN/BTC,1580391136527,2020-01-30T13:32:16.527Z,sell,1.329e-05,1278.0,0.01698462
RDN/BTC,1580391146277,2020-01-30T13:32:26.277Z,sell,1.329e-05,1278.0,0.01698462
RDN/BTC,1580391149211,2020-01-30T13:32:29.211Z,sell,1.329e-05,288.0,0.00382752
RDN/BTC,1580391152498,2020-01-30T13:32:32.498Z,sell,1.329e-05,288.0,0.00382752
RDN/BTC,1580391156372,2020-01-30T13:32:36.372Z,sell,1.329e-05,288.0,0.00382752
RDN/BTC,1580391160671,2020-01-30T13:32:40.671Z,sell,1.329e-05,288.0,0.00382752
RDN/BTC,1580391365337,2020-01-30T13:36:05.337Z,sell,1.329e-05,309.0,0.00410661
RDN/BTC,1580391402451,2020-01-30T13:36:42.451Z,sell,1.325e-05,10.0,0.0001325
RDN/BTC,1580391402451,2020-01-30T13:36:42.451Z,sell,1.322e-05,2.0,2.644e-05
RDN/BTC,1580391417846,2020-01-30T13:36:57.846Z,buy,1.325e-05,113.0,0.00149725
RDN/BTC,1580391443235,2020-01-30T13:37:23.235Z,buy,1.325e-05,43.0,0.00056975
RDN/BTC,1580391450847,2020-01-30T13:37:30.847Z,buy,1.325e-05,40.0,0.00053
RDN/BTC,1580391613056,2020-01-30T13:40:13.056Z,buy,1.324e-05,125.0,0.001655
RDN/BTC,1580391615849,2020-01-30T13:40:15.849Z,sell,1.321e-05,288.0,0.0038044800000000003
RDN/BTC,1580391621080,2020-01-30T13:40:21.080Z,sell,1.322e-05,2348.0,0.031040560000000002
RDN/BTC,1580391640669,2020-01-30T13:40:40.669Z,buy,1.324e-05,113.0,0.00149612
RDN/BTC,1580391766583,2020-01-30T13:42:46.583Z,buy,1.324e-05,484.0,0.00640816
RDN/BTC,1580391780602,2020-01-30T13:43:00.602Z,buy,1.324e-05,2.0,2.648e-05
RDN/BTC,1580391799651,2020-01-30T13:43:19.651Z,buy,1.324e-05,101.0,0.00133724
RDN/BTC,1580391808360,2020-01-30T13:43:28.360Z,sell,1.322e-05,319.0,0.00421718
RDN/BTC,1580391819438,2020-01-30T13:43:39.438Z,sell,1.322e-05,514.0,0.00679508
RDN/BTC,1580391819438,2020-01-30T13:43:39.438Z,sell,1.321e-05,2775.0,0.03665775
RDN/BTC,1580391835206,2020-01-30T13:43:55.206Z,sell,1.321e-05,866.0,0.011439860000000001
RDN/BTC,1580391896322,2020-01-30T13:44:56.322Z,sell,1.321e-05,2520.0,0.033289200000000005
RDN/BTC,1580391896328,2020-01-30T13:44:56.328Z,buy,1.322e-05,2.0,2.644e-05
RDN/BTC,1580391900690,2020-01-30T13:45:00.690Z,buy,1.322e-05,285.0,0.0037677
RDN/BTC,1580391900987,2020-01-30T13:45:00.987Z,buy,1.322e-05,1.0,1.322e-05
RDN/BTC,1580391976208,2020-01-30T13:46:16.208Z,sell,1.322e-05,7.0,9.254e-05
RDN/BTC,1580391976208,2020-01-30T13:46:16.208Z,sell,1.32e-05,3881.0,0.0512292
RDN/BTC,1580391976231,2020-01-30T13:46:16.231Z,buy,1.32e-05,100.0,0.00132
RDN/BTC,1580391976261,2020-01-30T13:46:16.261Z,buy,1.32e-05,2301.0,0.030373200000000003
RDN/BTC,1580392038897,2020-01-30T13:47:18.897Z,sell,1.32e-05,81.0,0.0010692
RDN/BTC,1580392038897,2020-01-30T13:47:18.897Z,sell,1.319e-05,83.0,0.0010947700000000001
RDN/BTC,1580392058832,2020-01-30T13:47:38.832Z,sell,1.32e-05,12.0,0.0001584
RDN/BTC,1580392058832,2020-01-30T13:47:38.832Z,sell,1.319e-05,107.0,0.0014113300000000001
RDN/BTC,1580392204802,2020-01-30T13:50:04.802Z,buy,1.323e-05,453.0,0.00599319
RDN/BTC,1580392291588,2020-01-30T13:51:31.588Z,buy,1.323e-05,371.0,0.00490833
RDN/BTC,1580392291588,2020-01-30T13:51:31.588Z,buy,1.324e-05,600.0,0.007944
RDN/BTC,1580392291799,2020-01-30T13:51:31.799Z,buy,1.324e-05,200.0,0.002648
RDN/BTC,1580392426613,2020-01-30T13:53:46.613Z,buy,1.324e-05,18.0,0.00023832
RDN/BTC,1580392426613,2020-01-30T13:53:46.613Z,buy,1.324e-05,18.0,0.00023832
RDN/BTC,1580392875389,2020-01-30T14:01:15.389Z,sell,1.319e-05,91.0,0.0012002900000000001
RDN/BTC,1580392976161,2020-01-30T14:02:56.161Z,sell,1.318e-05,181.0,0.00238558
RDN/BTC,1580393023485,2020-01-30T14:03:43.485Z,sell,1.321e-05,31.0,0.00040951000000000003
RDN/BTC,1580393023485,2020-01-30T14:03:43.485Z,sell,1.318e-05,169.0,0.00222742
RDN/BTC,1580393055306,2020-01-30T14:04:15.306Z,sell,1.319e-05,100.0,0.001319
RDN/BTC,1580393143375,2020-01-30T14:05:43.375Z,buy,1.323e-05,773.0,0.01022679
RDN/BTC,1580393150484,2020-01-30T14:05:50.484Z,buy,1.323e-05,773.0,0.01022679
RDN/BTC,1580393150799,2020-01-30T14:05:50.799Z,buy,1.323e-05,696.0,0.00920808
RDN/BTC,1580393365450,2020-01-30T14:09:25.450Z,buy,1.323e-05,409.0,0.0054110700000000005
RDN/BTC,1580393474436,2020-01-30T14:11:14.436Z,buy,1.323e-05,4000.0,0.05292
RDN/BTC,1580393477972,2020-01-30T14:11:17.972Z,sell,1.318e-05,75.0,0.0009885
RDN/BTC,1580393477972,2020-01-30T14:11:17.972Z,sell,1.313e-05,1392.0,0.01827696
RDN/BTC,1580393480282,2020-01-30T14:11:20.282Z,buy,1.322e-05,288.0,0.00380736
RDN/BTC,1580393493619,2020-01-30T14:11:33.619Z,buy,1.323e-05,134.0,0.00177282
RDN/BTC,1580393493619,2020-01-30T14:11:33.619Z,buy,1.324e-05,8501.0,0.11255324
RDN/BTC,1580393504194,2020-01-30T14:11:44.194Z,sell,1.322e-05,15.0,0.0001983
RDN/BTC,1580393505758,2020-01-30T14:11:45.758Z,sell,1.315e-05,614.0,0.008074099999999999
RDN/BTC,1580393624095,2020-01-30T14:13:44.095Z,buy,1.322e-05,439.0,0.00580358
RDN/BTC,1580393770875,2020-01-30T14:16:10.875Z,buy,1.322e-05,80.0,0.0010576000000000001
RDN/BTC,1580393961786,2020-01-30T14:19:21.786Z,buy,1.322e-05,16.0,0.00021152
RDN/BTC,1580393985179,2020-01-30T14:19:45.179Z,buy,1.324e-05,38.0,0.00050312
RDN/BTC,1580394016325,2020-01-30T14:20:16.325Z,sell,1.314e-05,1278.0,0.01679292
RDN/BTC,1580394018831,2020-01-30T14:20:18.831Z,sell,1.314e-05,11300.0,0.148482
RDN/BTC,1580394491010,2020-01-30T14:28:11.010Z,sell,1.314e-05,9.0,0.00011826
RDN/BTC,1580394529382,2020-01-30T14:28:49.382Z,sell,1.315e-05,1380.0,0.018147
RDN/BTC,1580394532266,2020-01-30T14:28:52.266Z,sell,1.315e-05,288.0,0.0037871999999999997
RDN/BTC,1580394534947,2020-01-30T14:28:54.947Z,sell,1.315e-05,288.0,0.0037871999999999997
RDN/BTC,1580394537817,2020-01-30T14:28:57.817Z,sell,1.315e-05,3649.0,0.047984349999999995
RDN/BTC,1580394545672,2020-01-30T14:29:05.672Z,sell,1.315e-05,1.0,1.315e-05
RDN/BTC,1580394545672,2020-01-30T14:29:05.672Z,sell,1.314e-05,458.0,0.00601812
RDN/BTC,1580394549744,2020-01-30T14:29:09.744Z,sell,1.314e-05,1874.0,0.024624359999999998
RDN/BTC,1580394562863,2020-01-30T14:29:22.863Z,sell,1.314e-05,288.0,0.00378432
RDN/BTC,1580394617221,2020-01-30T14:30:17.221Z,sell,1.316e-05,228.0,0.00300048
RDN/BTC,1580394619714,2020-01-30T14:30:19.714Z,sell,1.316e-05,1049.0,0.013804839999999999
RDN/BTC,1580394764651,2020-01-30T14:32:44.651Z,sell,1.315e-05,357.0,0.00469455
RDN/BTC,1580394786931,2020-01-30T14:33:06.931Z,sell,1.315e-05,669.0,0.008797349999999999
RDN/BTC,1580394786931,2020-01-30T14:33:06.931Z,sell,1.314e-05,1064.0,0.013980959999999999
RDN/BTC,1580395017800,2020-01-30T14:36:57.800Z,buy,1.317e-05,10.0,0.0001317
RDN/BTC,1580395022240,2020-01-30T14:37:02.240Z,sell,1.317e-05,1112.0,0.01464504
RDN/BTC,1580395027938,2020-01-30T14:37:07.938Z,sell,1.317e-05,510.0,0.0067167
RDN/BTC,1580395027938,2020-01-30T14:37:07.938Z,sell,1.314e-05,7886.0,0.10362204
RDN/BTC,1580395052792,2020-01-30T14:37:32.792Z,sell,1.314e-05,1278.0,0.01679292
RDN/BTC,1580395058521,2020-01-30T14:37:38.521Z,sell,1.314e-05,288.0,0.00378432
RDN/BTC,1580395086969,2020-01-30T14:38:06.969Z,sell,1.314e-05,1278.0,0.01679292
RDN/BTC,1580395092252,2020-01-30T14:38:12.252Z,sell,1.314e-05,402.0,0.0052822799999999994
RDN/BTC,1580395227963,2020-01-30T14:40:27.963Z,buy,1.314e-05,68.0,0.00089352
RDN/BTC,1580395243732,2020-01-30T14:40:43.732Z,buy,1.314e-05,50.0,0.000657
RDN/BTC,1580395302719,2020-01-30T14:41:42.719Z,buy,1.314e-05,100.0,0.001314
RDN/BTC,1580395374910,2020-01-30T14:42:54.910Z,sell,1.313e-05,2539.0,0.033337069999999996
RDN/BTC,1580395424815,2020-01-30T14:43:44.815Z,sell,1.313e-05,8.0,0.00010504
RDN/BTC,1580395424815,2020-01-30T14:43:44.815Z,sell,1.312e-05,281.0,0.00368672
RDN/BTC,1580395428887,2020-01-30T14:43:48.887Z,sell,1.312e-05,108.0,0.0014169599999999999
RDN/BTC,1580395428887,2020-01-30T14:43:48.887Z,sell,1.311e-05,181.0,0.0023729099999999998
RDN/BTC,1580395585185,2020-01-30T14:46:25.185Z,buy,1.315e-05,67.0,0.00088105
RDN/BTC,1580395640735,2020-01-30T14:47:20.735Z,buy,1.313e-05,114.0,0.00149682
RDN/BTC,1580395650687,2020-01-30T14:47:30.687Z,buy,1.312e-05,120.0,0.0015743999999999999
RDN/BTC,1580395650795,2020-01-30T14:47:30.795Z,buy,1.312e-05,21.0,0.00027552
RDN/BTC,1580395789131,2020-01-30T14:49:49.131Z,sell,1.311e-05,2314.0,0.03033654
RDN/BTC,1580395789131,2020-01-30T14:49:49.131Z,sell,1.31e-05,10.0,0.00013099999999999999
RDN/BTC,1580395794740,2020-01-30T14:49:54.740Z,sell,1.309e-05,257.0,0.00336413
RDN/BTC,1580395797833,2020-01-30T14:49:57.833Z,sell,1.309e-05,431.0,0.00564179
RDN/BTC,1580395797833,2020-01-30T14:49:57.833Z,sell,1.307e-05,25.0,0.00032675
RDN/BTC,1580395797833,2020-01-30T14:49:57.833Z,sell,1.306e-05,260.0,0.0033956
RDN/BTC,1580395804365,2020-01-30T14:50:04.365Z,buy,1.31e-05,764.0,0.0100084
RDN/BTC,1580395813344,2020-01-30T14:50:13.344Z,buy,1.31e-05,268.0,0.0035108
RDN/BTC,1580395820827,2020-01-30T14:50:20.827Z,sell,1.306e-05,50.0,0.000653
RDN/BTC,1580395820827,2020-01-30T14:50:20.827Z,sell,1.304e-05,472.0,0.006154880000000001
RDN/BTC,1580395820827,2020-01-30T14:50:20.827Z,sell,1.302e-05,591.0,0.007694820000000001
RDN/BTC,1580395820827,2020-01-30T14:50:20.827Z,sell,1.301e-05,336.0,0.00437136
RDN/BTC,1580395820827,2020-01-30T14:50:20.827Z,sell,1.301e-05,433.0,0.005633330000000001
RDN/BTC,1580395820827,2020-01-30T14:50:20.827Z,sell,1.3e-05,170.0,0.0022099999999999997
RDN/BTC,1580395870298,2020-01-30T14:51:10.298Z,sell,1.306e-05,11.0,0.00014366
RDN/BTC,1580395870638,2020-01-30T14:51:10.638Z,buy,1.306e-05,79.0,0.00103174
RDN/BTC,1580395873417,2020-01-30T14:51:13.417Z,buy,1.306e-05,16.0,0.00020896
RDN/BTC,1580395877938,2020-01-30T14:51:17.938Z,buy,1.31e-05,38.0,0.0004978
RDN/BTC,1580395882346,2020-01-30T14:51:22.346Z,sell,1.306e-05,92.0,0.00120152
RDN/BTC,1580395882346,2020-01-30T14:51:22.346Z,sell,1.306e-05,92.0,0.00120152
RDN/BTC,1580396263860,2020-01-30T14:57:43.860Z,sell,1.309e-05,643.0,0.00841687
RDN/BTC,1580396288201,2020-01-30T14:58:08.201Z,sell,1.309e-05,288.0,0.00376992
RDN/BTC,1580396290823,2020-01-30T14:58:10.823Z,sell,1.309e-05,443.0,0.00579887
RDN/BTC,1580396298718,2020-01-30T14:58:18.718Z,buy,1.31e-05,374.0,0.0048994
RDN/BTC,1580396298718,2020-01-30T14:58:18.718Z,buy,1.311e-05,375.0,0.00491625
RDN/BTC,1580396298718,2020-01-30T14:58:18.718Z,buy,1.312e-05,30.0,0.00039359999999999997
RDN/BTC,1580396299343,2020-01-30T14:58:19.343Z,buy,1.312e-05,199.0,0.00261088
RDN/BTC,1580396305295,2020-01-30T14:58:25.295Z,buy,1.312e-05,47.0,0.00061664
RDN/BTC,1580396305295,2020-01-30T14:58:25.295Z,buy,1.317e-05,207.0,0.00272619
RDN/BTC,1580396305511,2020-01-30T14:58:25.511Z,buy,1.317e-05,81.0,0.0010667699999999999
RDN/BTC,1580396307207,2020-01-30T14:58:27.207Z,buy,1.317e-05,149.0,0.00196233
RDN/BTC,1580396313639,2020-01-30T14:58:33.639Z,buy,1.31e-05,344.0,0.0045064
RDN/BTC,1580396326473,2020-01-30T14:58:46.473Z,buy,1.31e-05,132.0,0.0017292
RDN/BTC,1580396353147,2020-01-30T14:59:13.147Z,sell,1.306e-05,149.0,0.00194594
RDN/BTC,1580396418715,2020-01-30T15:00:18.715Z,buy,1.308e-05,43.0,0.00056244
RDN/BTC,1580396418740,2020-01-30T15:00:18.740Z,buy,1.308e-05,595.0,0.0077826
RDN/BTC,1580396475493,2020-01-30T15:01:15.493Z,buy,1.311e-05,198.0,0.00259578
RDN/BTC,1580396652982,2020-01-30T15:04:12.982Z,buy,1.308e-05,50.0,0.000654
RDN/BTC,1580396691017,2020-01-30T15:04:51.017Z,buy,1.308e-05,529.0,0.00691932
RDN/BTC,1580396696884,2020-01-30T15:04:56.884Z,sell,1.307e-05,324.0,0.00423468
RDN/BTC,1580396718341,2020-01-30T15:05:18.341Z,buy,1.308e-05,84.0,0.00109872
RDN/BTC,1580396718634,2020-01-30T15:05:18.634Z,buy,1.308e-05,16.0,0.00020928
RDN/BTC,1580396727973,2020-01-30T15:05:27.973Z,buy,1.308e-05,479.0,0.0062653200000000004
RDN/BTC,1580396747314,2020-01-30T15:05:47.314Z,buy,1.317e-05,252.0,0.00331884
RDN/BTC,1580396798928,2020-01-30T15:06:38.928Z,buy,1.309e-05,189.0,0.00247401
RDN/BTC,1580396799183,2020-01-30T15:06:39.183Z,buy,1.309e-05,187.0,0.00244783
RDN/BTC,1580396799848,2020-01-30T15:06:39.848Z,buy,1.309e-05,103.0,0.00134827
RDN/BTC,1580396808786,2020-01-30T15:06:48.786Z,sell,1.309e-05,24.0,0.00031416
RDN/BTC,1580396814212,2020-01-30T15:06:54.212Z,sell,1.309e-05,420.0,0.0054978
RDN/BTC,1580396814212,2020-01-30T15:06:54.212Z,sell,1.308e-05,1372.0,0.01794576
RDN/BTC,1580396823779,2020-01-30T15:07:03.779Z,sell,1.308e-05,186.0,0.00243288
RDN/BTC,1580396823779,2020-01-30T15:07:03.779Z,sell,1.306e-05,70.0,0.0009142
RDN/BTC,1580396836774,2020-01-30T15:07:16.774Z,sell,1.306e-05,256.0,0.00334336
RDN/BTC,1580396839178,2020-01-30T15:07:19.178Z,sell,1.306e-05,288.0,0.00376128
RDN/BTC,1580396841873,2020-01-30T15:07:21.873Z,sell,1.306e-05,288.0,0.00376128
RDN/BTC,1580396846921,2020-01-30T15:07:26.921Z,sell,1.306e-05,288.0,0.00376128
RDN/BTC,1580396849596,2020-01-30T15:07:29.596Z,sell,1.306e-05,256.0,0.00334336
RDN/BTC,1580396890738,2020-01-30T15:08:10.738Z,sell,1.306e-05,9.0,0.00011754
RDN/BTC,1580396975729,2020-01-30T15:09:35.729Z,buy,1.313e-05,168.0,0.00220584
RDN/BTC,1580396975729,2020-01-30T15:09:35.729Z,buy,1.313e-05,284.0,0.0037289199999999997
RDN/BTC,1580396975729,2020-01-30T15:09:35.729Z,buy,1.313e-05,22.0,0.00028886
RDN/BTC,1580396975729,2020-01-30T15:09:35.729Z,buy,1.316e-05,872.0,0.01147552
RDN/BTC,1580396979627,2020-01-30T15:09:39.627Z,sell,1.311e-05,475.0,0.00622725
RDN/BTC,1580396980817,2020-01-30T15:09:40.817Z,buy,1.315e-05,474.0,0.0062331
RDN/BTC,1580396980818,2020-01-30T15:09:40.818Z,buy,1.315e-05,152.0,0.0019988
RDN/BTC,1580396984259,2020-01-30T15:09:44.259Z,sell,1.311e-05,528.0,0.00692208
RDN/BTC,1580397101441,2020-01-30T15:11:41.441Z,sell,1.309e-05,947.0,0.01239623
RDN/BTC,1580397101441,2020-01-30T15:11:41.441Z,sell,1.308e-05,316.0,0.0041332800000000005
RDN/BTC,1580397101441,2020-01-30T15:11:41.441Z,sell,1.306e-05,382.0,0.00498892
RDN/BTC,1580397101441,2020-01-30T15:11:41.441Z,sell,1.305e-05,153.0,0.00199665
RDN/BTC,1580397101441,2020-01-30T15:11:41.441Z,sell,1.304e-05,755.0,0.0098452
RDN/BTC,1580397101441,2020-01-30T15:11:41.441Z,sell,1.303e-05,1259.0,0.01640477
RDN/BTC,1580397131099,2020-01-30T15:12:11.099Z,buy,1.31e-05,114.0,0.0014934
RDN/BTC,1580397155092,2020-01-30T15:12:35.092Z,buy,1.31e-05,16.0,0.0002096
RDN/BTC,1580397158760,2020-01-30T15:12:38.760Z,buy,1.31e-05,2.0,2.62e-05
RDN/BTC,1580397164084,2020-01-30T15:12:44.084Z,sell,1.304e-05,1370.0,0.0178648
RDN/BTC,1580397166856,2020-01-30T15:12:46.856Z,buy,1.31e-05,16.0,0.0002096
RDN/BTC,1580397394114,2020-01-30T15:16:34.114Z,buy,1.313e-05,2.0,2.626e-05
RDN/BTC,1580397481324,2020-01-30T15:18:01.324Z,buy,1.309e-05,247.0,0.00323323
RDN/BTC,1580397720443,2020-01-30T15:22:00.443Z,buy,1.313e-05,10.0,0.0001313
RDN/BTC,1580397840189,2020-01-30T15:24:00.189Z,buy,1.311e-05,629.0,0.00824619
RDN/BTC,1580397840189,2020-01-30T15:24:00.189Z,buy,1.312e-05,1615.0,0.0211888
RDN/BTC,1580397840524,2020-01-30T15:24:00.524Z,buy,1.313e-05,2.0,2.626e-05
RDN/BTC,1580397840975,2020-01-30T15:24:00.975Z,sell,1.312e-05,1687.0,0.02213344
RDN/BTC,1580397891142,2020-01-30T15:24:51.142Z,buy,1.313e-05,320.0,0.0042016
RDN/BTC,1580397891142,2020-01-30T15:24:51.142Z,buy,1.314e-05,23.0,0.00030221999999999996
RDN/BTC,1580397891275,2020-01-30T15:24:51.275Z,sell,1.314e-05,95.0,0.0012483
RDN/BTC,1580397893407,2020-01-30T15:24:53.407Z,sell,1.314e-05,258.0,0.00339012
RDN/BTC,1580398376329,2020-01-30T15:32:56.329Z,sell,1.314e-05,19.0,0.00024965999999999996
RDN/BTC,1580398528175,2020-01-30T15:35:28.175Z,buy,1.313e-05,152.0,0.00199576
RDN/BTC,1580398626988,2020-01-30T15:37:06.988Z,buy,1.313e-05,565.0,0.00741845
RDN/BTC,1580398626988,2020-01-30T15:37:06.988Z,buy,1.314e-05,1291.0,0.016963739999999998
RDN/BTC,1580398730225,2020-01-30T15:38:50.225Z,buy,1.314e-05,8015.0,0.1053171
RDN/BTC,1580399189665,2020-01-30T15:46:29.665Z,buy,1.314e-05,433.0,0.005689619999999999
RDN/BTC,1580399389461,2020-01-30T15:49:49.461Z,buy,1.314e-05,10.0,0.0001314
RDN/BTC,1580399389461,2020-01-30T15:49:49.461Z,buy,1.314e-05,10.0,0.0001314
RDN/BTC,1580399575506,2020-01-30T15:52:55.506Z,buy,1.314e-05,152.0,0.0019972799999999997
RDN/BTC,1580399725570,2020-01-30T15:55:25.570Z,buy,1.314e-05,266.0,0.0034952399999999997
RDN/BTC,1580399789068,2020-01-30T15:56:29.068Z,buy,1.319e-05,2.0,2.638e-05
RDN/BTC,1580399877924,2020-01-30T15:57:57.924Z,sell,1.314e-05,383.0,0.00503262
RDN/BTC,1580399885738,2020-01-30T15:58:05.738Z,sell,1.314e-05,81.0,0.00106434
RDN/BTC,1580399899823,2020-01-30T15:58:19.823Z,sell,1.313e-05,301.0,0.00395213
RDN/BTC,1580399960608,2020-01-30T15:59:20.608Z,sell,1.313e-05,544.0,0.00714272
RDN/BTC,1580399960608,2020-01-30T15:59:20.608Z,sell,1.312e-05,301.0,0.0039491199999999995
RDN/BTC,1580400009849,2020-01-30T16:00:09.849Z,sell,1.313e-05,53.0,0.00069589
RDN/BTC,1580400029420,2020-01-30T16:00:29.420Z,sell,1.313e-05,363.0,0.00476619
RDN/BTC,1580400029499,2020-01-30T16:00:29.499Z,buy,1.313e-05,69.0,0.00090597
RDN/BTC,1580400029613,2020-01-30T16:00:29.613Z,buy,1.313e-05,21.0,0.00027573
RDN/BTC,1580400136294,2020-01-30T16:02:16.294Z,sell,1.313e-05,244.0,0.0032037199999999997
RDN/BTC,1580400619932,2020-01-30T16:10:19.932Z,sell,1.314e-05,336.0,0.00441504
RDN/BTC,1580401108112,2020-01-30T16:18:28.112Z,sell,1.314e-05,293.0,0.00385002
RDN/BTC,1580401427746,2020-01-30T16:23:47.746Z,buy,1.318e-05,2.0,2.636e-05
RDN/BTC,1580401489593,2020-01-30T16:24:49.593Z,buy,1.318e-05,2.0,2.636e-05
RDN/BTC,1580401533653,2020-01-30T16:25:33.653Z,buy,1.318e-05,13.0,0.00017134
RDN/BTC,1580401533653,2020-01-30T16:25:33.653Z,buy,1.319e-05,7.0,9.233e-05
RDN/BTC,1580401536206,2020-01-30T16:25:36.206Z,buy,1.319e-05,23.0,0.00030337
RDN/BTC,1580401605588,2020-01-30T16:26:45.588Z,buy,1.32e-05,58.0,0.0007656000000000001
RDN/BTC,1580401696233,2020-01-30T16:28:16.233Z,buy,1.321e-05,33.0,0.00043593
RDN/BTC,1580401696233,2020-01-30T16:28:16.233Z,buy,1.322e-05,7156.0,0.09460232
RDN/BTC,1580401696233,2020-01-30T16:28:16.233Z,buy,1.323e-05,1907.0,0.02522961
RDN/BTC,1580401696233,2020-01-30T16:28:16.233Z,buy,1.325e-05,2102.0,0.0278515
RDN/BTC,1580401696233,2020-01-30T16:28:16.233Z,buy,1.326e-05,32.0,0.00042432
RDN/BTC,1580401696233,2020-01-30T16:28:16.233Z,buy,1.327e-05,580.0,0.0076966
RDN/BTC,1580401696233,2020-01-30T16:28:16.233Z,buy,1.329e-05,3511.0,0.04666119
RDN/BTC,1580401696233,2020-01-30T16:28:16.233Z,buy,1.33e-05,2220.0,0.029526
RDN/BTC,1580401696233,2020-01-30T16:28:16.233Z,sell,1.33e-05,19.0,0.0002527
RDN/BTC,1580401696248,2020-01-30T16:28:16.248Z,sell,1.33e-05,328.0,0.0043624
RDN/BTC,1580401696257,2020-01-30T16:28:16.257Z,sell,1.33e-05,22.0,0.0002926
RDN/BTC,1580401696312,2020-01-30T16:28:16.312Z,sell,1.33e-05,609.0,0.0080997
RDN/BTC,1580401696430,2020-01-30T16:28:16.430Z,sell,1.33e-05,39.0,0.0005187
RDN/BTC,1580401696524,2020-01-30T16:28:16.524Z,sell,1.33e-05,958.0,0.0127414
RDN/BTC,1580401697315,2020-01-30T16:28:17.315Z,sell,1.33e-05,131.0,0.0017423
RDN/BTC,1580401748784,2020-01-30T16:29:08.784Z,sell,1.322e-05,1231.0,0.01627382
RDN/BTC,1580401748784,2020-01-30T16:29:08.784Z,sell,1.318e-05,508.0,0.0066954399999999996
RDN/BTC,1580401758509,2020-01-30T16:29:18.509Z,buy,1.318e-05,154.0,0.00202972
RDN/BTC,1580401758530,2020-01-30T16:29:18.530Z,buy,1.318e-05,103.0,0.00135754
RDN/BTC,1580401764624,2020-01-30T16:29:24.624Z,buy,1.324e-05,7387.0,0.09780388
RDN/BTC,1580401764624,2020-01-30T16:29:24.624Z,buy,1.329e-05,5249.0,0.06975921
RDN/BTC,1580401764635,2020-01-30T16:29:24.635Z,sell,1.33e-05,3675.0,0.0488775
RDN/BTC,1580401767395,2020-01-30T16:29:27.395Z,sell,1.33e-05,12862.0,0.17106459999999998
RDN/BTC,1580401769009,2020-01-30T16:29:29.009Z,sell,1.33e-05,968.0,0.0128744
RDN/BTC,1580401780714,2020-01-30T16:29:40.714Z,sell,1.33e-05,233.0,0.0030989
RDN/BTC,1580401806330,2020-01-30T16:30:06.330Z,buy,1.33e-05,40.0,0.000532
RDN/BTC,1580401822891,2020-01-30T16:30:22.891Z,buy,1.33e-05,9358.0,0.1244614
RDN/BTC,1580401823362,2020-01-30T16:30:23.362Z,sell,1.33e-05,152.0,0.0020216
RDN/BTC,1580401823438,2020-01-30T16:30:23.438Z,sell,1.33e-05,62.0,0.0008246
RDN/BTC,1580401826560,2020-01-30T16:30:26.560Z,sell,1.33e-05,114.0,0.0015161999999999999
RDN/BTC,1580401827172,2020-01-30T16:30:27.172Z,sell,1.33e-05,17.0,0.0002261
RDN/BTC,1580401856786,2020-01-30T16:30:56.786Z,buy,1.331e-05,3895.0,0.05184245
RDN/BTC,1580401856786,2020-01-30T16:30:56.786Z,buy,1.332e-05,5105.0,0.06799859999999999
RDN/BTC,1580401864876,2020-01-30T16:31:04.876Z,sell,1.33e-05,165.0,0.0021945
RDN/BTC,1580401973003,2020-01-30T16:32:53.003Z,buy,1.327e-05,2119.0,0.02811913
RDN/BTC,1580401991595,2020-01-30T16:33:11.595Z,sell,1.322e-05,18.0,0.00023796
RDN/BTC,1580402010080,2020-01-30T16:33:30.080Z,sell,1.322e-05,71.0,0.00093862
RDN/BTC,1580402018159,2020-01-30T16:33:38.159Z,buy,1.33e-05,38.0,0.0005054
RDN/BTC,1580402020709,2020-01-30T16:33:40.709Z,sell,1.33e-05,173.0,0.0023009
RDN/BTC,1580402150547,2020-01-30T16:35:50.547Z,buy,1.329e-05,4051.0,0.053837789999999996
RDN/BTC,1580402237647,2020-01-30T16:37:17.647Z,buy,1.332e-05,1762.0,0.02346984
RDN/BTC,1580402314622,2020-01-30T16:38:34.622Z,sell,1.325e-05,151.0,0.00200075
RDN/BTC,1580402314639,2020-01-30T16:38:34.639Z,sell,1.325e-05,26.0,0.0003445
RDN/BTC,1580402315676,2020-01-30T16:38:35.676Z,sell,1.322e-05,155.0,0.0020491
RDN/BTC,1580402325185,2020-01-30T16:38:45.185Z,sell,1.322e-05,24.0,0.00031728
RDN/BTC,1580402329625,2020-01-30T16:38:49.625Z,sell,1.322e-05,95.0,0.0012559000000000001
RDN/BTC,1580402479219,2020-01-30T16:41:19.219Z,buy,1.331e-05,7884.0,0.10493604
RDN/BTC,1580402567950,2020-01-30T16:42:47.950Z,buy,1.332e-05,8.0,0.00010656
RDN/BTC,1580402567950,2020-01-30T16:42:47.950Z,buy,1.332e-05,8.0,0.00010656
RDN/BTC,1580403413416,2020-01-30T16:56:53.416Z,buy,1.332e-05,10472.0,0.13948704
RDN/BTC,1580403847415,2020-01-30T17:04:07.415Z,sell,1.325e-05,11.0,0.00014575
RDN/BTC,1580403868142,2020-01-30T17:04:28.142Z,buy,1.332e-05,8.0,0.00010656
RDN/BTC,1580403868142,2020-01-30T17:04:28.142Z,buy,1.333e-05,52.0,0.00069316
RDN/BTC,1580403868471,2020-01-30T17:04:28.471Z,buy,1.333e-05,1104.0,0.01471632
RDN/BTC,1580403873536,2020-01-30T17:04:33.536Z,buy,1.333e-05,724.0,0.00965092
RDN/BTC,1580404233063,2020-01-30T17:10:33.063Z,sell,1.326e-05,723.0,0.00958698
RDN/BTC,1580404233063,2020-01-30T17:10:33.063Z,sell,1.325e-05,515.0,0.00682375
RDN/BTC,1580404259388,2020-01-30T17:10:59.388Z,buy,1.332e-05,9.0,0.00011988
RDN/BTC,1580404259388,2020-01-30T17:10:59.388Z,buy,1.333e-05,141.0,0.00187953
RDN/BTC,1580404393903,2020-01-30T17:13:13.903Z,sell,1.325e-05,79.0,0.00104675
RDN/BTC,1580405069680,2020-01-30T17:24:29.680Z,sell,1.326e-05,325.0,0.0043095
RDN/BTC,1580405200837,2020-01-30T17:26:40.837Z,buy,1.332e-05,178.0,0.00237096
RDN/BTC,1580405200837,2020-01-30T17:26:40.837Z,buy,1.333e-05,855.0,0.01139715
RDN/BTC,1580405410183,2020-01-30T17:30:10.183Z,sell,1.326e-05,371.0,0.00491946
RDN/BTC,1580405410183,2020-01-30T17:30:10.183Z,sell,1.325e-05,569.0,0.00753925
RDN/BTC,1580405410183,2020-01-30T17:30:10.183Z,sell,1.324e-05,93.0,0.00123132
RDN/BTC,1580405544084,2020-01-30T17:32:24.084Z,sell,1.325e-05,187.0,0.00247775
RDN/BTC,1580405551625,2020-01-30T17:32:31.625Z,sell,1.324e-05,91.0,0.00120484
RDN/BTC,1580405551741,2020-01-30T17:32:31.741Z,sell,1.324e-05,437.0,0.00578588
RDN/BTC,1580405551795,2020-01-30T17:32:31.795Z,sell,1.324e-05,295.0,0.0039058
RDN/BTC,1580405551795,2020-01-30T17:32:31.795Z,sell,1.323e-05,402.0,0.0053184600000000005
RDN/BTC,1580405551795,2020-01-30T17:32:31.795Z,sell,1.322e-05,35.0,0.0004627
RDN/BTC,1580405561960,2020-01-30T17:32:41.960Z,sell,1.322e-05,837.0,0.011065140000000001
RDN/BTC,1580405561960,2020-01-30T17:32:41.960Z,sell,1.321e-05,225.0,0.00297225
RDN/BTC,1580405561960,2020-01-30T17:32:41.960Z,sell,1.32e-05,392.0,0.0051744
RDN/BTC,1580405561960,2020-01-30T17:32:41.960Z,sell,1.319e-05,4541.0,0.059895790000000004
RDN/BTC,1580405561960,2020-01-30T17:32:41.960Z,sell,1.318e-05,3037.0,0.04002766
RDN/BTC,1580405609259,2020-01-30T17:33:29.259Z,buy,1.318e-05,113.0,0.0014893399999999998
RDN/BTC,1580405609283,2020-01-30T17:33:29.283Z,buy,1.318e-05,36.0,0.00047448
RDN/BTC,1580405609283,2020-01-30T17:33:29.283Z,buy,1.318e-05,36.0,0.00047448
RDN/BTC,1580406304530,2020-01-30T17:45:04.530Z,buy,1.324e-05,171.0,0.00226404
RDN/BTC,1580406905034,2020-01-30T17:55:05.034Z,sell,1.316e-05,1239.0,0.01630524
RDN/BTC,1580406905041,2020-01-30T17:55:05.041Z,buy,1.316e-05,381.0,0.00501396
RDN/BTC,1580406905043,2020-01-30T17:55:05.043Z,buy,1.316e-05,117.0,0.0015397199999999998
RDN/BTC,1580406905046,2020-01-30T17:55:05.046Z,buy,1.316e-05,60.0,0.0007896
RDN/BTC,1580406906080,2020-01-30T17:55:06.080Z,sell,1.317e-05,242.0,0.0031871399999999998
RDN/BTC,1580406906080,2020-01-30T17:55:06.080Z,sell,1.314e-05,139.0,0.00182646
RDN/BTC,1580406926985,2020-01-30T17:55:26.985Z,sell,1.314e-05,49.0,0.00064386
RDN/BTC,1580406926985,2020-01-30T17:55:26.985Z,sell,1.313e-05,954.0,0.012526019999999999
RDN/BTC,1580406926985,2020-01-30T17:55:26.985Z,sell,1.312e-05,445.0,0.0058384
RDN/BTC,1580406926985,2020-01-30T17:55:26.985Z,sell,1.311e-05,919.0,0.01204809
RDN/BTC,1580406926985,2020-01-30T17:55:26.985Z,sell,1.31e-05,1699.0,0.0222569
RDN/BTC,1580407090003,2020-01-30T17:58:10.003Z,buy,1.32e-05,2.0,2.64e-05
RDN/BTC,1580407270419,2020-01-30T18:01:10.419Z,buy,1.316e-05,192.0,0.0025267199999999997
RDN/BTC,1580407270677,2020-01-30T18:01:10.677Z,buy,1.316e-05,100.0,0.001316
RDN/BTC,1580407695798,2020-01-30T18:08:15.798Z,sell,1.312e-05,10.0,0.0001312
RDN/BTC,1580407696701,2020-01-30T18:08:16.701Z,buy,1.311e-05,67.0,0.00087837
RDN/BTC,1580407696808,2020-01-30T18:08:16.808Z,buy,1.311e-05,77.0,0.00100947
RDN/BTC,1580407763141,2020-01-30T18:09:23.141Z,buy,1.32e-05,114.0,0.0015048000000000001
RDN/BTC,1580407820984,2020-01-30T18:10:20.984Z,sell,1.311e-05,108.0,0.00141588
RDN/BTC,1580407820984,2020-01-30T18:10:20.984Z,sell,1.309e-05,233.0,0.00304997
RDN/BTC,1580408045451,2020-01-30T18:14:05.451Z,sell,1.312e-05,585.0,0.0076752
RDN/BTC,1580408062442,2020-01-30T18:14:22.442Z,buy,1.32e-05,800.0,0.01056
RDN/BTC,1580409195982,2020-01-30T18:33:15.982Z,buy,1.32e-05,282.0,0.0037224000000000003
RDN/BTC,1580409195982,2020-01-30T18:33:15.982Z,buy,1.32e-05,282.0,0.0037224000000000003
RDN/BTC,1580409790743,2020-01-30T18:43:10.743Z,buy,1.32e-05,3708.0,0.048945600000000006
RDN/BTC,1580409790837,2020-01-30T18:43:10.837Z,sell,1.32e-05,28.0,0.00036960000000000004
RDN/BTC,1580409944405,2020-01-30T18:45:44.405Z,sell,1.32e-05,2468.0,0.0325776
RDN/BTC,1580410143393,2020-01-30T18:49:03.393Z,sell,1.32e-05,4207.0,0.0555324
RDN/BTC,1580410162599,2020-01-30T18:49:22.599Z,sell,1.32e-05,759.0,0.010018800000000001
RDN/BTC,1580410162599,2020-01-30T18:49:22.599Z,sell,1.314e-05,186.0,0.0024440399999999998
RDN/BTC,1580410179628,2020-01-30T18:49:39.628Z,sell,1.315e-05,2405.0,0.03162575
RDN/BTC,1580410179644,2020-01-30T18:49:39.644Z,buy,1.315e-05,669.0,0.008797349999999999
RDN/BTC,1580410179648,2020-01-30T18:49:39.648Z,buy,1.315e-05,809.0,0.01063835
RDN/BTC,1580410179649,2020-01-30T18:49:39.649Z,buy,1.315e-05,2219.0,0.02917985
RDN/BTC,1580410179682,2020-01-30T18:49:39.682Z,buy,1.315e-05,31.0,0.00040764999999999996
RDN/BTC,1580410192755,2020-01-30T18:49:52.755Z,sell,1.312e-05,309.0,0.00405408
RDN/BTC,1580410192755,2020-01-30T18:49:52.755Z,sell,1.31e-05,1105.0,0.0144755
RDN/BTC,1580410192755,2020-01-30T18:49:52.755Z,sell,1.309e-05,62.0,0.00081158
RDN/BTC,1580410192755,2020-01-30T18:49:52.755Z,sell,1.308e-05,1596.0,0.02087568
RDN/BTC,1580410192755,2020-01-30T18:49:52.755Z,sell,1.307e-05,509.0,0.0066526300000000005
RDN/BTC,1580410192755,2020-01-30T18:49:52.755Z,sell,1.304e-05,113.0,0.00147352
RDN/BTC,1580410192755,2020-01-30T18:49:52.755Z,sell,1.303e-05,608.0,0.00792224
RDN/BTC,1580410193495,2020-01-30T18:49:53.495Z,buy,1.312e-05,90.0,0.0011808
RDN/BTC,1580410198046,2020-01-30T18:49:58.046Z,sell,1.308e-05,100.0,0.001308
RDN/BTC,1580410198046,2020-01-30T18:49:58.046Z,sell,1.306e-05,200.0,0.002612
RDN/BTC,1580410198046,2020-01-30T18:49:58.046Z,sell,1.305e-05,200.0,0.00261
RDN/BTC,1580410198046,2020-01-30T18:49:58.046Z,sell,1.304e-05,3866.0,0.05041264
RDN/BTC,1580410199097,2020-01-30T18:49:59.097Z,sell,1.304e-05,200.0,0.002608
RDN/BTC,1580410211396,2020-01-30T18:50:11.396Z,buy,1.311e-05,377.0,0.00494247
RDN/BTC,1580410211564,2020-01-30T18:50:11.564Z,buy,1.311e-05,136.0,0.0017829599999999999
RDN/BTC,1580410211639,2020-01-30T18:50:11.639Z,buy,1.311e-05,134.0,0.00175674
RDN/BTC,1580410230498,2020-01-30T18:50:30.498Z,sell,1.309e-05,8.0,0.00010472
RDN/BTC,1580410243190,2020-01-30T18:50:43.190Z,buy,1.309e-05,1034.0,0.01353506
RDN/BTC,1580410254208,2020-01-30T18:50:54.208Z,sell,1.305e-05,1415.0,0.01846575
RDN/BTC,1580410254208,2020-01-30T18:50:54.208Z,sell,1.304e-05,15.0,0.0001956
RDN/BTC,1580410254208,2020-01-30T18:50:54.208Z,sell,1.302e-05,15.0,0.0001953
RDN/BTC,1580410254208,2020-01-30T18:50:54.208Z,sell,1.301e-05,2110.0,0.027451100000000003
RDN/BTC,1580410254990,2020-01-30T18:50:54.990Z,buy,1.308e-05,2.0,2.616e-05
RDN/BTC,1580410265512,2020-01-30T18:51:05.512Z,buy,1.306e-05,297.0,0.0038788200000000003
RDN/BTC,1580410265512,2020-01-30T18:51:05.512Z,buy,1.307e-05,315.0,0.00411705
RDN/BTC,1580410308663,2020-01-30T18:51:48.663Z,sell,1.3e-05,814.0,0.010582
RDN/BTC,1580410366670,2020-01-30T18:52:46.670Z,sell,1.302e-05,42.0,0.00054684
RDN/BTC,1580410366670,2020-01-30T18:52:46.670Z,sell,1.3e-05,38.0,0.000494
RDN/BTC,1580410366670,2020-01-30T18:52:46.670Z,sell,1.299e-05,702.0,0.009118979999999999
RDN/BTC,1580410366670,2020-01-30T18:52:46.670Z,sell,1.298e-05,252.0,0.00327096
RDN/BTC,1580410372570,2020-01-30T18:52:52.570Z,sell,1.298e-05,5558.0,0.07214284
RDN/BTC,1580410389664,2020-01-30T18:53:09.664Z,sell,1.3e-05,201.0,0.002613
RDN/BTC,1580410433793,2020-01-30T18:53:53.793Z,sell,1.299e-05,1184.0,0.015380159999999999
RDN/BTC,1580410433793,2020-01-30T18:53:53.793Z,sell,1.298e-05,1161.0,0.01506978
RDN/BTC,1580410433793,2020-01-30T18:53:53.793Z,sell,1.297e-05,16.0,0.00020752
RDN/BTC,1580410433793,2020-01-30T18:53:53.793Z,sell,1.295e-05,1104.0,0.0142968
RDN/BTC,1580410433793,2020-01-30T18:53:53.793Z,sell,1.294e-05,1257.0,0.016265579999999998
RDN/BTC,1580410433793,2020-01-30T18:53:53.793Z,sell,1.293e-05,32.0,0.00041376
RDN/BTC,1580410433793,2020-01-30T18:53:53.793Z,sell,1.292e-05,2626.0,0.03392792
RDN/BTC,1580410433793,2020-01-30T18:53:53.793Z,sell,1.291e-05,325.0,0.00419575
RDN/BTC,1580410433793,2020-01-30T18:53:53.793Z,sell,1.29e-05,518.0,0.0066822
RDN/BTC,1580410433793,2020-01-30T18:53:53.793Z,sell,1.289e-05,12.0,0.00015468
RDN/BTC,1580410433812,2020-01-30T18:53:53.812Z,buy,1.296e-05,679.0,0.00879984
RDN/BTC,1580410433813,2020-01-30T18:53:53.813Z,buy,1.296e-05,115.0,0.0014904
RDN/BTC,1580410433813,2020-01-30T18:53:53.813Z,buy,1.296e-05,117.0,0.00151632
RDN/BTC,1580410433816,2020-01-30T18:53:53.816Z,buy,1.296e-05,154.0,0.00199584
RDN/BTC,1580410433816,2020-01-30T18:53:53.816Z,buy,1.296e-05,1252.0,0.016225919999999998
RDN/BTC,1580410434114,2020-01-30T18:53:54.114Z,buy,1.296e-05,194.0,0.00251424
RDN/BTC,1580410434833,2020-01-30T18:53:54.833Z,buy,1.293e-05,32.0,0.00041376
RDN/BTC,1580410434833,2020-01-30T18:53:54.833Z,buy,1.293e-05,32.0,0.00041376
RDN/BTC,1580410434833,2020-01-30T18:53:54.833Z,buy,1.293e-05,32.0,0.00041376
RDN/BTC,1580410434833,2020-01-30T18:53:54.833Z,buy,1.293e-05,32.0,0.00041376
RDN/BTC,1580410434833,2020-01-30T18:53:54.833Z,buy,1.293e-05,32.0,0.00041376
RDN/BTC,1580410434833,2020-01-30T18:53:54.833Z,buy,1.293e-05,32.0,0.00041376
RDN/BTC,1580410434837,2020-01-30T18:53:54.837Z,buy,1.293e-05,32.0,0.00041376
RDN/BTC,1580410434837,2020-01-30T18:53:54.837Z,buy,1.293e-05,32.0,0.00041376
RDN/BTC,1580410434837,2020-01-30T18:53:54.837Z,buy,1.293e-05,32.0,0.00041376
RDN/BTC,1580410434837,2020-01-30T18:53:54.837Z,buy,1.293e-05,26.0,0.00033618
RDN/BTC,1580410435595,2020-01-30T18:53:55.595Z,sell,1.292e-05,100.0,0.001292
RDN/BTC,1580410435982,2020-01-30T18:53:55.982Z,buy,1.291e-05,35.0,0.00045185
RDN/BTC,1580410435982,2020-01-30T18:53:55.982Z,buy,1.296e-05,190.0,0.0024624
RDN/BTC,1580410437128,2020-01-30T18:53:57.128Z,buy,1.295e-05,1471.0,0.01904945
RDN/BTC,1580410443489,2020-01-30T18:54:03.489Z,buy,1.295e-05,8.0,0.0001036
RDN/BTC,1580410446277,2020-01-30T18:54:06.277Z,sell,1.29e-05,406.0,0.0052374
RDN/BTC,1580410449984,2020-01-30T18:54:09.984Z,buy,1.296e-05,76.0,0.00098496
RDN/BTC,1580410462148,2020-01-30T18:54:22.148Z,sell,1.291e-05,437.0,0.00564167
RDN/BTC,1580410462164,2020-01-30T18:54:22.164Z,buy,1.29e-05,488.0,0.0062952
RDN/BTC,1580410462166,2020-01-30T18:54:22.166Z,buy,1.29e-05,292.0,0.0037668
RDN/BTC,1580410462454,2020-01-30T18:54:22.454Z,buy,1.29e-05,474.0,0.0061146
RDN/BTC,1580410463175,2020-01-30T18:54:23.175Z,sell,1.287e-05,437.0,0.00562419
RDN/BTC,1580410463440,2020-01-30T18:54:23.440Z,buy,1.29e-05,107.0,0.0013803
RDN/BTC,1580410468233,2020-01-30T18:54:28.233Z,buy,1.29e-05,350.0,0.004515
RDN/BTC,1580410484340,2020-01-30T18:54:44.340Z,buy,1.295e-05,8.0,0.0001036
RDN/BTC,1580410514596,2020-01-30T18:55:14.596Z,sell,1.287e-05,1331.0,0.01712997
RDN/BTC,1580410515242,2020-01-30T18:55:15.242Z,buy,1.293e-05,16.0,0.00020688
RDN/BTC,1580410519562,2020-01-30T18:55:19.562Z,sell,1.292e-05,33.0,0.00042636
RDN/BTC,1580410521371,2020-01-30T18:55:21.371Z,buy,1.295e-05,2.0,2.59e-05
RDN/BTC,1580410535820,2020-01-30T18:55:35.820Z,sell,1.292e-05,63.0,0.00081396
RDN/BTC,1580410535820,2020-01-30T18:55:35.820Z,sell,1.286e-05,3507.0,0.045100020000000005
RDN/BTC,1580410535820,2020-01-30T18:55:35.820Z,sell,1.285e-05,3232.0,0.041531200000000004
RDN/BTC,1580410535820,2020-01-30T18:55:35.820Z,sell,1.283e-05,1463.0,0.018770290000000002
RDN/BTC,1580410540219,2020-01-30T18:55:40.219Z,sell,1.282e-05,16.0,0.00020512
RDN/BTC,1580410545200,2020-01-30T18:55:45.200Z,buy,1.283e-05,23.0,0.00029509
RDN/BTC,1580410546830,2020-01-30T18:55:46.830Z,buy,1.283e-05,30.0,0.00038490000000000003
RDN/BTC,1580410546830,2020-01-30T18:55:46.830Z,buy,1.289e-05,1463.0,0.01885807
RDN/BTC,1580410546830,2020-01-30T18:55:46.830Z,buy,1.293e-05,293.0,0.00378849
RDN/BTC,1580410546830,2020-01-30T18:55:46.830Z,buy,1.294e-05,2477.0,0.03205238
RDN/BTC,1580410546830,2020-01-30T18:55:46.830Z,buy,1.295e-05,977.0,0.01265215
RDN/BTC,1580410546830,2020-01-30T18:55:46.830Z,buy,1.296e-05,2947.0,0.03819312
RDN/BTC,1580410548257,2020-01-30T18:55:48.257Z,sell,1.284e-05,16.0,0.00020544
RDN/BTC,1580410556381,2020-01-30T18:55:56.381Z,buy,1.294e-05,12.0,0.00015528
RDN/BTC,1580410565301,2020-01-30T18:56:05.301Z,sell,1.284e-05,793.0,0.010182120000000001
RDN/BTC,1580410565301,2020-01-30T18:56:05.301Z,sell,1.283e-05,645.0,0.00827535
RDN/BTC,1580410565301,2020-01-30T18:56:05.301Z,sell,1.282e-05,3717.0,0.04765194
RDN/BTC,1580410565301,2020-01-30T18:56:05.301Z,sell,1.281e-05,5284.0,0.06768803999999999
RDN/BTC,1580410572132,2020-01-30T18:56:12.132Z,buy,1.29e-05,1269.0,0.0163701
RDN/BTC,1580410572132,2020-01-30T18:56:12.132Z,buy,1.292e-05,645.0,0.0083334
RDN/BTC,1580410572132,2020-01-30T18:56:12.132Z,buy,1.293e-05,7879.0,0.10187547
RDN/BTC,1580410572186,2020-01-30T18:56:12.186Z,buy,1.293e-05,15.0,0.00019395
RDN/BTC,1580410572186,2020-01-30T18:56:12.186Z,buy,1.294e-05,4.0,5.176e-05
RDN/BTC,1580410572186,2020-01-30T18:56:12.186Z,buy,1.296e-05,963.0,0.01248048
RDN/BTC,1580410572849,2020-01-30T18:56:12.849Z,buy,1.296e-05,501.0,0.00649296
RDN/BTC,1580410582343,2020-01-30T18:56:22.343Z,sell,1.294e-05,813.0,0.01052022
RDN/BTC,1580410582343,2020-01-30T18:56:22.343Z,sell,1.282e-05,11.0,0.00014102
RDN/BTC,1580410582343,2020-01-30T18:56:22.343Z,sell,1.281e-05,637.0,0.008159969999999999
RDN/BTC,1580410582349,2020-01-30T18:56:22.349Z,buy,1.281e-05,5151.0,0.06598430999999999
RDN/BTC,1580410582359,2020-01-30T18:56:22.359Z,buy,1.281e-05,1539.0,0.01971459
RDN/BTC,1580410582370,2020-01-30T18:56:22.370Z,sell,1.279e-05,8.0,0.00010232
RDN/BTC,1580410582370,2020-01-30T18:56:22.370Z,sell,1.278e-05,340.0,0.0043452
RDN/BTC,1580410582370,2020-01-30T18:56:22.370Z,sell,1.277e-05,465.0,0.00593805
RDN/BTC,1580410582370,2020-01-30T18:56:22.370Z,sell,1.277e-05,532.0,0.00679364
RDN/BTC,1580410582375,2020-01-30T18:56:22.375Z,sell,1.277e-05,1203.0,0.015362309999999999
RDN/BTC,1580410582392,2020-01-30T18:56:22.392Z,sell,1.277e-05,830.0,0.0105991
RDN/BTC,1580410583194,2020-01-30T18:56:23.194Z,sell,1.278e-05,17.0,0.00021726
RDN/BTC,1580410583379,2020-01-30T18:56:23.379Z,sell,1.278e-05,458.0,0.00585324
RDN/BTC,1580410585089,2020-01-30T18:56:25.089Z,buy,1.285e-05,116.0,0.0014906000000000001
RDN/BTC,1580410588325,2020-01-30T18:56:28.325Z,buy,1.29e-05,814.0,0.0105006
RDN/BTC,1580410588325,2020-01-30T18:56:28.325Z,buy,1.291e-05,11.0,0.00014201
RDN/BTC,1580410588325,2020-01-30T18:56:28.325Z,buy,1.295e-05,15.0,0.00019425
RDN/BTC,1580410588325,2020-01-30T18:56:28.325Z,buy,1.296e-05,7777.0,0.10078991999999999
RDN/BTC,1580410591650,2020-01-30T18:56:31.650Z,buy,1.295e-05,200.0,0.00259
RDN/BTC,1580410592749,2020-01-30T18:56:32.749Z,buy,1.295e-05,200.0,0.00259
RDN/BTC,1580410596958,2020-01-30T18:56:36.958Z,sell,1.293e-05,32.0,0.00041376
RDN/BTC,1580410596958,2020-01-30T18:56:36.958Z,sell,1.281e-05,149.0,0.00190869
RDN/BTC,1580410596958,2020-01-30T18:56:36.958Z,sell,1.279e-05,560.0,0.007162399999999999
RDN/BTC,1580410597610,2020-01-30T18:56:37.610Z,buy,1.294e-05,44.0,0.00056936
RDN/BTC,1580410597610,2020-01-30T18:56:37.610Z,buy,1.295e-05,26.0,0.0003367
RDN/BTC,1580410597610,2020-01-30T18:56:37.610Z,buy,1.296e-05,1087.0,0.01408752
RDN/BTC,1580410599022,2020-01-30T18:56:39.022Z,sell,1.284e-05,15.0,0.00019260000000000002
RDN/BTC,1580410614449,2020-01-30T18:56:54.449Z,buy,1.293e-05,200.0,0.0025859999999999998
RDN/BTC,1580410625032,2020-01-30T18:57:05.032Z,buy,1.293e-05,49.0,0.00063357
RDN/BTC,1580410625033,2020-01-30T18:57:05.033Z,buy,1.293e-05,49.0,0.00063357
RDN/BTC,1580410625033,2020-01-30T18:57:05.033Z,buy,1.293e-05,49.0,0.00063357
RDN/BTC,1580410634117,2020-01-30T18:57:14.117Z,buy,1.293e-05,16.0,0.00020688
RDN/BTC,1580410636127,2020-01-30T18:57:16.127Z,buy,1.293e-05,200.0,0.0025859999999999998
RDN/BTC,1580410658559,2020-01-30T18:57:38.559Z,buy,1.293e-05,200.0,0.0025859999999999998
RDN/BTC,1580410659657,2020-01-30T18:57:39.657Z,buy,1.293e-05,200.0,0.0025859999999999998
RDN/BTC,1580410715671,2020-01-30T18:58:35.671Z,buy,1.293e-05,441.0,0.00570213
RDN/BTC,1580410715671,2020-01-30T18:58:35.671Z,buy,1.296e-05,49.0,0.00063504
RDN/BTC,1580410715680,2020-01-30T18:58:35.680Z,buy,1.296e-05,173.0,0.00224208
RDN/BTC,1580410761965,2020-01-30T18:59:21.965Z,buy,1.296e-05,2.0,2.592e-05
RDN/BTC,1580410788773,2020-01-30T18:59:48.773Z,sell,1.293e-05,92.0,0.00118956
RDN/BTC,1580410788773,2020-01-30T18:59:48.773Z,sell,1.286e-05,160.0,0.0020576
RDN/BTC,1580410788773,2020-01-30T18:59:48.773Z,sell,1.283e-05,773.0,0.00991759
RDN/BTC,1580410788785,2020-01-30T18:59:48.785Z,buy,1.283e-05,35.0,0.00044905000000000005
RDN/BTC,1580410835376,2020-01-30T19:00:35.376Z,sell,1.284e-05,613.0,0.00787092
RDN/BTC,1580410875058,2020-01-30T19:01:15.058Z,buy,1.293e-05,200.0,0.0025859999999999998
RDN/BTC,1580410880256,2020-01-30T19:01:20.256Z,buy,1.293e-05,476.0,0.00615468
RDN/BTC,1580410880256,2020-01-30T19:01:20.256Z,buy,1.293e-05,97.0,0.00125421
RDN/BTC,1580410880264,2020-01-30T19:01:20.264Z,buy,1.295e-05,476.0,0.0061642
RDN/BTC,1580410880265,2020-01-30T19:01:20.265Z,buy,1.295e-05,476.0,0.0061642
RDN/BTC,1580410880269,2020-01-30T19:01:20.269Z,buy,1.295e-05,73.0,0.00094535
RDN/BTC,1580410880272,2020-01-30T19:01:20.272Z,buy,1.295e-05,476.0,0.0061642
RDN/BTC,1580410880275,2020-01-30T19:01:20.275Z,buy,1.295e-05,100.0,0.001295
RDN/BTC,1580410880275,2020-01-30T19:01:20.275Z,buy,1.295e-05,285.0,0.00369075
RDN/BTC,1580410895439,2020-01-30T19:01:35.439Z,buy,1.295e-05,15.0,0.00019425
RDN/BTC,1580410913925,2020-01-30T19:01:53.925Z,buy,1.295e-05,626.0,0.0081067
RDN/BTC,1580410913925,2020-01-30T19:01:53.925Z,buy,1.296e-05,3972.0,0.05147712
RDN/BTC,1580410933732,2020-01-30T19:02:13.732Z,buy,1.296e-05,121.0,0.0015681599999999999
RDN/BTC,1580411477892,2020-01-30T19:11:17.892Z,buy,1.296e-05,115.0,0.0014904
RDN/BTC,1580411604202,2020-01-30T19:13:24.202Z,buy,1.295e-05,68.0,0.0008805999999999999
RDN/BTC,1580411617273,2020-01-30T19:13:37.273Z,buy,1.294e-05,115.0,0.0014881
RDN/BTC,1580411687316,2020-01-30T19:14:47.316Z,buy,1.295e-05,16.0,0.0002072
RDN/BTC,1580411688347,2020-01-30T19:14:48.347Z,buy,1.295e-05,16.0,0.0002072
RDN/BTC,1580411697857,2020-01-30T19:14:57.857Z,buy,1.295e-05,77.0,0.00099715
RDN/BTC,1580411698567,2020-01-30T19:14:58.567Z,buy,1.295e-05,9.0,0.00011655
RDN/BTC,1580411698584,2020-01-30T19:14:58.584Z,buy,1.295e-05,15.0,0.00019425
RDN/BTC,1580411698980,2020-01-30T19:14:58.980Z,buy,1.295e-05,66.0,0.0008547
RDN/BTC,1580411698980,2020-01-30T19:14:58.980Z,buy,1.296e-05,80.0,0.0010368
RDN/BTC,1580411699880,2020-01-30T19:14:59.880Z,buy,1.296e-05,101.0,0.0013089599999999999
RDN/BTC,1580411701066,2020-01-30T19:15:01.066Z,buy,1.296e-05,575.0,0.007451999999999999
RDN/BTC,1580411701842,2020-01-30T19:15:01.842Z,buy,1.296e-05,51.0,0.0006609599999999999
RDN/BTC,1580411703217,2020-01-30T19:15:03.217Z,buy,1.296e-05,46.0,0.00059616
RDN/BTC,1580411705146,2020-01-30T19:15:05.146Z,buy,1.296e-05,42.0,0.0005443199999999999
RDN/BTC,1580411706610,2020-01-30T19:15:06.610Z,buy,1.296e-05,677.0,0.00877392
RDN/BTC,1580411706610,2020-01-30T19:15:06.610Z,buy,1.299e-05,105.0,0.0013639499999999998
RDN/BTC,1580411706610,2020-01-30T19:15:06.610Z,buy,1.3e-05,1735.0,0.022555
RDN/BTC,1580411707821,2020-01-30T19:15:07.821Z,buy,1.3e-05,57.0,0.0007409999999999999
RDN/BTC,1580411709204,2020-01-30T19:15:09.204Z,buy,1.3e-05,3095.0,0.040235
RDN/BTC,1580411710076,2020-01-30T19:15:10.076Z,buy,1.3e-05,186.0,0.002418
RDN/BTC,1580411711464,2020-01-30T19:15:11.464Z,buy,1.3e-05,979.0,0.012726999999999999
RDN/BTC,1580412048979,2020-01-30T19:20:48.979Z,buy,1.299e-05,736.0,0.009560639999999999
RDN/BTC,1580412704362,2020-01-30T19:31:44.362Z,sell,1.291e-05,3593.0,0.04638563
RDN/BTC,1580412705517,2020-01-30T19:31:45.517Z,buy,1.291e-05,69.0,0.00089079
RDN/BTC,1580412713126,2020-01-30T19:31:53.126Z,buy,1.291e-05,312.0,0.00402792
RDN/BTC,1580412713126,2020-01-30T19:31:53.126Z,buy,1.291e-05,312.0,0.00402792
RDN/BTC,1580412893719,2020-01-30T19:34:53.719Z,sell,1.291e-05,149.0,0.00192359
RDN/BTC,1580412893719,2020-01-30T19:34:53.719Z,sell,1.29e-05,1485.0,0.0191565
RDN/BTC,1580413246637,2020-01-30T19:40:46.637Z,sell,1.289e-05,16.0,0.00020624
RDN/BTC,1580413247339,2020-01-30T19:40:47.339Z,sell,1.289e-05,200.0,0.002578
RDN/BTC,1580413248103,2020-01-30T19:40:48.103Z,sell,1.289e-05,200.0,0.002578
RDN/BTC,1580413248856,2020-01-30T19:40:48.856Z,sell,1.289e-05,200.0,0.002578
RDN/BTC,1580413249981,2020-01-30T19:40:49.981Z,sell,1.289e-05,200.0,0.002578
RDN/BTC,1580413251062,2020-01-30T19:40:51.062Z,sell,1.289e-05,200.0,0.002578
RDN/BTC,1580413251992,2020-01-30T19:40:51.992Z,sell,1.289e-05,160.0,0.0020624
RDN/BTC,1580413252038,2020-01-30T19:40:52.038Z,sell,1.289e-05,200.0,0.002578
RDN/BTC,1580413321491,2020-01-30T19:42:01.491Z,buy,1.29e-05,693.0,0.0089397
RDN/BTC,1580413321491,2020-01-30T19:42:01.491Z,buy,1.292e-05,421.0,0.00543932
RDN/BTC,1580413321491,2020-01-30T19:42:01.491Z,buy,1.296e-05,776.0,0.01005696
RDN/BTC,1580413321491,2020-01-30T19:42:01.491Z,buy,1.299e-05,294.0,0.00381906
RDN/BTC,1580413321491,2020-01-30T19:42:01.491Z,buy,1.3e-05,1145.0,0.014884999999999999
RDN/BTC,1580413325611,2020-01-30T19:42:05.611Z,buy,1.299e-05,360.0,0.0046764
RDN/BTC,1580413325611,2020-01-30T19:42:05.611Z,buy,1.3e-05,2081.0,0.027052999999999997
RDN/BTC,1580413325611,2020-01-30T19:42:05.611Z,buy,1.301e-05,2975.0,0.03870475
RDN/BTC,1580413328627,2020-01-30T19:42:08.627Z,buy,1.301e-05,1443.0,0.01877343
RDN/BTC,1580413328627,2020-01-30T19:42:08.627Z,buy,1.302e-05,13094.0,0.17048388
RDN/BTC,1580413332235,2020-01-30T19:42:12.235Z,buy,1.303e-05,66.0,0.00085998
RDN/BTC,1580413335625,2020-01-30T19:42:15.625Z,sell,1.295e-05,497.0,0.00643615
RDN/BTC,1580413336785,2020-01-30T19:42:16.785Z,buy,1.303e-05,497.0,0.0064759100000000005
RDN/BTC,1580413336785,2020-01-30T19:42:16.785Z,buy,1.304e-05,454.0,0.00592016
RDN/BTC,1580413336785,2020-01-30T19:42:16.785Z,buy,1.305e-05,977.0,0.01274985
RDN/BTC,1580413337278,2020-01-30T19:42:17.278Z,sell,1.305e-05,200.0,0.00261
RDN/BTC,1580413339421,2020-01-30T19:42:19.421Z,sell,1.305e-05,1037.0,0.01353285
RDN/BTC,1580413343573,2020-01-30T19:42:23.573Z,buy,1.306e-05,68.0,0.0008880800000000001
RDN/BTC,1580413344502,2020-01-30T19:42:24.502Z,buy,1.306e-05,2.0,2.612e-05
RDN/BTC,1580413344508,2020-01-30T19:42:24.508Z,sell,1.305e-05,13.0,0.00016965
RDN/BTC,1580413346404,2020-01-30T19:42:26.404Z,buy,1.306e-05,1022.0,0.013347320000000001
RDN/BTC,1580413346404,2020-01-30T19:42:26.404Z,buy,1.307e-05,4757.0,0.06217399
RDN/BTC,1580413347019,2020-01-30T19:42:27.019Z,sell,1.307e-05,25.0,0.00032675
RDN/BTC,1580413350542,2020-01-30T19:42:30.542Z,sell,1.307e-05,917.0,0.01198519
RDN/BTC,1580413351447,2020-01-30T19:42:31.447Z,sell,1.307e-05,645.0,0.00843015
RDN/BTC,1580413351466,2020-01-30T19:42:31.466Z,sell,1.307e-05,2567.0,0.03355069
RDN/BTC,1580413352693,2020-01-30T19:42:32.693Z,buy,1.308e-05,1197.0,0.01565676
RDN/BTC,1580413352778,2020-01-30T19:42:32.778Z,sell,1.308e-05,68.0,0.00088944
RDN/BTC,1580413352905,2020-01-30T19:42:32.905Z,sell,1.308e-05,90.0,0.0011772
RDN/BTC,1580413356339,2020-01-30T19:42:36.339Z,sell,1.308e-05,413.0,0.00540204
RDN/BTC,1580413356880,2020-01-30T19:42:36.880Z,sell,1.308e-05,458.0,0.00599064
RDN/BTC,1580413357124,2020-01-30T19:42:37.124Z,sell,1.308e-05,508.0,0.00664464
RDN/BTC,1580413359008,2020-01-30T19:42:39.008Z,buy,1.309e-05,1454.0,0.01903286
RDN/BTC,1580413359027,2020-01-30T19:42:39.027Z,buy,1.31e-05,15267.0,0.1999977
RDN/BTC,1580413359157,2020-01-30T19:42:39.157Z,sell,1.309e-05,22.0,0.00028798
RDN/BTC,1580413360255,2020-01-30T19:42:40.255Z,sell,1.309e-05,705.0,0.009228450000000001
RDN/BTC,1580413365672,2020-01-30T19:42:45.672Z,sell,1.309e-05,225.0,0.00294525
RDN/BTC,1580413367768,2020-01-30T19:42:47.768Z,buy,1.31e-05,19083.0,0.2499873
RDN/BTC,1580413370920,2020-01-30T19:42:50.920Z,buy,1.31e-05,8396.0,0.1099876
RDN/BTC,1580413372652,2020-01-30T19:42:52.652Z,buy,1.31e-05,86.0,0.0011266
RDN/BTC,1580413372905,2020-01-30T19:42:52.905Z,buy,1.31e-05,88.0,0.0011528
RDN/BTC,1580413375197,2020-01-30T19:42:55.197Z,buy,1.31e-05,30534.0,0.3999954
RDN/BTC,1580413383521,2020-01-30T19:43:03.521Z,buy,1.31e-05,544.0,0.0071264
RDN/BTC,1580413385171,2020-01-30T19:43:05.171Z,buy,1.31e-05,32088.0,0.42035279999999997
RDN/BTC,1580413385171,2020-01-30T19:43:05.171Z,buy,1.311e-05,4330.0,0.0567663
RDN/BTC,1580413386616,2020-01-30T19:43:06.616Z,sell,1.311e-05,1654.0,0.02168394
RDN/BTC,1580413386616,2020-01-30T19:43:06.616Z,sell,1.31e-05,356.0,0.0046636
RDN/BTC,1580413386865,2020-01-30T19:43:06.865Z,sell,1.31e-05,161.0,0.0021091
RDN/BTC,1580413387046,2020-01-30T19:43:07.046Z,buy,1.312e-05,1351.0,0.01772512
RDN/BTC,1580413390963,2020-01-30T19:43:10.963Z,sell,1.31e-05,18.0,0.00023579999999999999
RDN/BTC,1580413392582,2020-01-30T19:43:12.582Z,buy,1.31e-05,700.0,0.00917
RDN/BTC,1580413400528,2020-01-30T19:43:20.528Z,sell,1.309e-05,297.0,0.00388773
RDN/BTC,1580413408021,2020-01-30T19:43:28.021Z,buy,1.31e-05,14050.0,0.184055
RDN/BTC,1580413412582,2020-01-30T19:43:32.582Z,buy,1.312e-05,6508.0,0.08538496
RDN/BTC,1580413415762,2020-01-30T19:43:35.762Z,buy,1.312e-05,261.0,0.00342432
RDN/BTC,1580413415762,2020-01-30T19:43:35.762Z,buy,1.313e-05,680.0,0.0089284
RDN/BTC,1580413415771,2020-01-30T19:43:35.771Z,buy,1.314e-05,265.0,0.0034820999999999997
RDN/BTC,1580413419797,2020-01-30T19:43:39.797Z,buy,1.314e-05,33.0,0.00043362
RDN/BTC,1580413421013,2020-01-30T19:43:41.013Z,sell,1.313e-05,38072.0,0.49988536
RDN/BTC,1580413421145,2020-01-30T19:43:41.145Z,sell,1.313e-05,11.0,0.00014443
RDN/BTC,1580413435924,2020-01-30T19:43:55.924Z,buy,1.314e-05,21906.0,0.28784484
RDN/BTC,1580413440621,2020-01-30T19:44:00.621Z,buy,1.315e-05,4034.0,0.0530471
RDN/BTC,1580413440621,2020-01-30T19:44:00.621Z,buy,1.318e-05,1276.0,0.016817679999999998
RDN/BTC,1580413440621,2020-01-30T19:44:00.621Z,buy,1.321e-05,231.0,0.0030515100000000003
RDN/BTC,1580413440621,2020-01-30T19:44:00.621Z,buy,1.322e-05,239.0,0.00315958
RDN/BTC,1580413440761,2020-01-30T19:44:00.761Z,sell,1.314e-05,29.0,0.00038106
RDN/BTC,1580413440932,2020-01-30T19:44:00.932Z,sell,1.315e-05,8.0,0.0001052
RDN/BTC,1580413444683,2020-01-30T19:44:04.683Z,sell,1.316e-05,187.0,0.0024609199999999997
RDN/BTC,1580413444845,2020-01-30T19:44:04.845Z,buy,1.325e-05,228.0,0.0030210000000000002
RDN/BTC,1580413444845,2020-01-30T19:44:04.845Z,buy,1.326e-05,1395.0,0.0184977
RDN/BTC,1580413445223,2020-01-30T19:44:05.223Z,sell,1.317e-05,96.0,0.00126432
RDN/BTC,1580413448464,2020-01-30T19:44:08.464Z,buy,1.325e-05,195.0,0.00258375
RDN/BTC,1580413448464,2020-01-30T19:44:08.464Z,buy,1.327e-05,202.0,0.00268054
RDN/BTC,1580413448464,2020-01-30T19:44:08.464Z,buy,1.328e-05,4924.0,0.06539072
RDN/BTC,1580413449396,2020-01-30T19:44:09.396Z,sell,1.319e-05,96.0,0.00126624
RDN/BTC,1580413449866,2020-01-30T19:44:09.866Z,sell,1.32e-05,77.0,0.0010164
RDN/BTC,1580413458026,2020-01-30T19:44:18.026Z,buy,1.328e-05,796.0,0.01057088
RDN/BTC,1580413458033,2020-01-30T19:44:18.033Z,sell,1.328e-05,2438.0,0.03237664
RDN/BTC,1580413458038,2020-01-30T19:44:18.038Z,sell,1.328e-05,87.0,0.00115536
RDN/BTC,1580413458038,2020-01-30T19:44:18.038Z,sell,1.328e-05,445.0,0.0059096
RDN/BTC,1580413458043,2020-01-30T19:44:18.043Z,sell,1.328e-05,2438.0,0.03237664
RDN/BTC,1580413458048,2020-01-30T19:44:18.048Z,sell,1.328e-05,1119.0,0.01486032
RDN/BTC,1580413458056,2020-01-30T19:44:18.056Z,sell,1.328e-05,1242.0,0.01649376
RDN/BTC,1580413458075,2020-01-30T19:44:18.075Z,sell,1.328e-05,186.0,0.00247008
RDN/BTC,1580413458089,2020-01-30T19:44:18.089Z,buy,1.329e-05,2414.0,0.03208206
RDN/BTC,1580413458104,2020-01-30T19:44:18.104Z,sell,1.328e-05,2544.0,0.03378432
RDN/BTC,1580413468923,2020-01-30T19:44:28.923Z,buy,1.328e-05,1266.0,0.01681248
RDN/BTC,1580413468955,2020-01-30T19:44:28.955Z,sell,1.328e-05,81.0,0.00107568
RDN/BTC,1580413469403,2020-01-30T19:44:29.403Z,sell,1.328e-05,1040.0,0.0138112
RDN/BTC,1580413473750,2020-01-30T19:44:33.750Z,buy,1.329e-05,18811.0,0.24999819
RDN/BTC,1580413473828,2020-01-30T19:44:33.828Z,sell,1.328e-05,132.0,0.00175296
RDN/BTC,1580413479962,2020-01-30T19:44:39.962Z,sell,1.328e-05,67.0,0.00088976
RDN/BTC,1580413484172,2020-01-30T19:44:44.172Z,buy,1.329e-05,8276.0,0.10998804
RDN/BTC,1580413485120,2020-01-30T19:44:45.120Z,buy,1.329e-05,799.0,0.01061871
RDN/BTC,1580413486573,2020-01-30T19:44:46.573Z,buy,1.329e-05,22573.0,0.29999517
RDN/BTC,1580413493275,2020-01-30T19:44:53.275Z,buy,1.329e-05,10534.0,0.13999686
RDN/BTC,1580413495435,2020-01-30T19:44:55.435Z,buy,1.329e-05,5344.0,0.07102176
RDN/BTC,1580413505491,2020-01-30T19:45:05.491Z,buy,1.329e-05,7524.0,0.09999395999999999
RDN/BTC,1580413505645,2020-01-30T19:45:05.645Z,buy,1.329e-05,81.0,0.00107649
RDN/BTC,1580413507904,2020-01-30T19:45:07.904Z,sell,1.328e-05,73.0,0.00096944
RDN/BTC,1580413510602,2020-01-30T19:45:10.602Z,buy,1.329e-05,3544.0,0.04709976
RDN/BTC,1580413512637,2020-01-30T19:45:12.637Z,sell,1.328e-05,78.0,0.00103584
RDN/BTC,1580413512668,2020-01-30T19:45:12.668Z,buy,1.329e-05,8355.0,0.11103795
RDN/BTC,1580413514058,2020-01-30T19:45:14.058Z,sell,1.328e-05,539.0,0.00715792
RDN/BTC,1580413516060,2020-01-30T19:45:16.060Z,buy,1.329e-05,7524.0,0.09999395999999999
RDN/BTC,1580413518595,2020-01-30T19:45:18.595Z,buy,1.329e-05,3446.0,0.04579734
RDN/BTC,1580413519448,2020-01-30T19:45:19.448Z,buy,1.329e-05,721.0,0.00958209
RDN/BTC,1580413531372,2020-01-30T19:45:31.372Z,buy,1.329e-05,5309.0,0.07055661
RDN/BTC,1580413531372,2020-01-30T19:45:31.372Z,buy,1.332e-05,179.0,0.00238428
RDN/BTC,1580413531372,2020-01-30T19:45:31.372Z,buy,1.333e-05,1262.0,0.01682246
RDN/BTC,1580413537473,2020-01-30T19:45:37.473Z,buy,1.334e-05,77.0,0.00102718
RDN/BTC,1580413537510,2020-01-30T19:45:37.510Z,sell,1.334e-05,439.0,0.005856259999999999
RDN/BTC,1580413537575,2020-01-30T19:45:37.575Z,sell,1.334e-05,33.0,0.00044021999999999996
RDN/BTC,1580413537712,2020-01-30T19:45:37.712Z,sell,1.334e-05,230.0,0.0030681999999999997
RDN/BTC,1580413537720,2020-01-30T19:45:37.720Z,sell,1.334e-05,579.0,0.00772386
RDN/BTC,1580413538750,2020-01-30T19:45:38.750Z,sell,1.334e-05,295.0,0.0039353
RDN/BTC,1580413538819,2020-01-30T19:45:38.819Z,sell,1.334e-05,188.0,0.00250792
RDN/BTC,1580413543047,2020-01-30T19:45:43.047Z,buy,1.336e-05,236.0,0.0031529600000000002
RDN/BTC,1580413543737,2020-01-30T19:45:43.737Z,sell,1.336e-05,266.0,0.0035537600000000004
RDN/BTC,1580413545163,2020-01-30T19:45:45.163Z,sell,1.336e-05,188.0,0.00251168
RDN/BTC,1580413545864,2020-01-30T19:45:45.864Z,sell,1.336e-05,216.0,0.0028857600000000002
RDN/BTC,1580413545900,2020-01-30T19:45:45.900Z,sell,1.336e-05,92.0,0.00122912
RDN/BTC,1580413546703,2020-01-30T19:45:46.703Z,buy,1.337e-05,15.0,0.00020055000000000002
RDN/BTC,1580413547594,2020-01-30T19:45:47.594Z,sell,1.336e-05,114.0,0.00152304
RDN/BTC,1580413549529,2020-01-30T19:45:49.529Z,sell,1.336e-05,533.0,0.0071208800000000004
RDN/BTC,1580413551213,2020-01-30T19:45:51.213Z,buy,1.337e-05,11219.0,0.14999803
RDN/BTC,1580413551689,2020-01-30T19:45:51.689Z,sell,1.336e-05,361.0,0.00482296
RDN/BTC,1580413555556,2020-01-30T19:45:55.556Z,buy,1.337e-05,7479.0,0.09999423
RDN/BTC,1580413558115,2020-01-30T19:45:58.115Z,sell,1.336e-05,1040.0,0.013894400000000001
RDN/BTC,1580413561389,2020-01-30T19:46:01.389Z,buy,1.337e-05,3444.0,0.04604628
RDN/BTC,1580413561705,2020-01-30T19:46:01.705Z,sell,1.336e-05,8.0,0.00010688
RDN/BTC,1580413566894,2020-01-30T19:46:06.894Z,sell,1.336e-05,1040.0,0.013894400000000001
RDN/BTC,1580413569408,2020-01-30T19:46:09.408Z,buy,1.337e-05,18277.0,0.24436349000000002
RDN/BTC,1580413569408,2020-01-30T19:46:09.408Z,buy,1.338e-05,34319.0,0.45918822000000004
RDN/BTC,1580413569598,2020-01-30T19:46:09.598Z,sell,1.338e-05,164.0,0.00219432
RDN/BTC,1580413569632,2020-01-30T19:46:09.632Z,sell,1.338e-05,66.0,0.0008830800000000001
RDN/BTC,1580413569637,2020-01-30T19:46:09.637Z,sell,1.338e-05,110.0,0.0014718
RDN/BTC,1580413571549,2020-01-30T19:46:11.549Z,buy,1.339e-05,99.0,0.00132561
RDN/BTC,1580413572288,2020-01-30T19:46:12.288Z,sell,1.338e-05,146.0,0.00195348
RDN/BTC,1580413573428,2020-01-30T19:46:13.428Z,sell,1.336e-05,106.0,0.00141616
RDN/BTC,1580413573475,2020-01-30T19:46:13.475Z,sell,1.336e-05,106.0,0.00141616
RDN/BTC,1580413573820,2020-01-30T19:46:13.820Z,sell,1.336e-05,1040.0,0.013894400000000001
RDN/BTC,1580413577853,2020-01-30T19:46:17.853Z,buy,1.338e-05,3036.0,0.04062168
RDN/BTC,1580413577853,2020-01-30T19:46:17.853Z,buy,1.339e-05,106.0,0.00141934
RDN/BTC,1580413577853,2020-01-30T19:46:17.853Z,buy,1.34e-05,1018.0,0.013641200000000001
RDN/BTC,1580413577853,2020-01-30T19:46:17.853Z,buy,1.342e-05,26456.0,0.35503952
RDN/BTC,1580413580321,2020-01-30T19:46:20.321Z,sell,1.336e-05,376.0,0.00502336
RDN/BTC,1580413585332,2020-01-30T19:46:25.332Z,buy,1.342e-05,30549.0,0.40996758
RDN/BTC,1580413586733,2020-01-30T19:46:26.733Z,sell,1.336e-05,520.0,0.006947200000000001
RDN/BTC,1580413593201,2020-01-30T19:46:33.201Z,sell,1.336e-05,520.0,0.006947200000000001
RDN/BTC,1580413596786,2020-01-30T19:46:36.786Z,sell,1.336e-05,30663.0,0.40965768
RDN/BTC,1580413596786,2020-01-30T19:46:36.786Z,sell,1.335e-05,3192.0,0.0426132
RDN/BTC,1580413596786,2020-01-30T19:46:36.786Z,sell,1.334e-05,16899.0,0.22543265999999998
RDN/BTC,1580413598176,2020-01-30T19:46:38.176Z,sell,1.332e-05,197.0,0.00262404
RDN/BTC,1580413599136,2020-01-30T19:46:39.136Z,sell,1.332e-05,9.0,0.00011988
RDN/BTC,1580413599136,2020-01-30T19:46:39.136Z,sell,1.329e-05,297.0,0.00394713
RDN/BTC,1580413599327,2020-01-30T19:46:39.327Z,sell,1.329e-05,45.0,0.00059805
RDN/BTC,1580413599416,2020-01-30T19:46:39.416Z,sell,1.329e-05,152.0,0.00202008
RDN/BTC,1580413599879,2020-01-30T19:46:39.879Z,sell,1.329e-05,12.0,0.00015947999999999998
RDN/BTC,1580413605793,2020-01-30T19:46:45.793Z,sell,1.329e-05,121.0,0.00160809
RDN/BTC,1580413608428,2020-01-30T19:46:48.428Z,sell,1.329e-05,813.0,0.01080477
RDN/BTC,1580413614366,2020-01-30T19:46:54.366Z,sell,1.329e-05,9846.0,0.13085333999999998
RDN/BTC,1580413615951,2020-01-30T19:46:55.951Z,buy,1.334e-05,37.0,0.00049358
RDN/BTC,1580413618194,2020-01-30T19:46:58.194Z,sell,1.328e-05,1119.0,0.01486032
RDN/BTC,1580413618197,2020-01-30T19:46:58.197Z,sell,1.328e-05,524.0,0.00695872
RDN/BTC,1580413628671,2020-01-30T19:47:08.671Z,buy,1.333e-05,50.0,0.0006665
RDN/BTC,1580413641539,2020-01-30T19:47:21.539Z,sell,1.329e-05,3009.0,0.03998961
RDN/BTC,1580413682081,2020-01-30T19:48:02.081Z,sell,1.33e-05,200.0,0.00266
RDN/BTC,1580413682081,2020-01-30T19:48:02.081Z,sell,1.328e-05,1151.0,0.01528528
RDN/BTC,1580413697151,2020-01-30T19:48:17.151Z,sell,1.328e-05,3396.0,0.04509888
RDN/BTC,1580413700593,2020-01-30T19:48:20.593Z,sell,1.328e-05,56322.0,0.74795616
RDN/BTC,1580413702217,2020-01-30T19:48:22.217Z,sell,1.328e-05,59860.0,0.7949408
RDN/BTC,1580413711888,2020-01-30T19:48:31.888Z,sell,1.326e-05,408.0,0.00541008
RDN/BTC,1580413711888,2020-01-30T19:48:31.888Z,sell,1.325e-05,3430.0,0.0454475
RDN/BTC,1580413711908,2020-01-30T19:48:31.908Z,buy,1.325e-05,3500.0,0.046375
RDN/BTC,1580413719198,2020-01-30T19:48:39.198Z,sell,1.324e-05,86795.0,1.1491658
RDN/BTC,1580413723217,2020-01-30T19:48:43.217Z,sell,1.322e-05,18910.0,0.2499902
RDN/BTC,1580413723217,2020-01-30T19:48:43.217Z,sell,1.32e-05,19605.0,0.258786
RDN/BTC,1580413723217,2020-01-30T19:48:43.217Z,sell,1.318e-05,74450.0,0.981251
RDN/BTC,1580413730336,2020-01-30T19:48:50.336Z,sell,1.318e-05,242.0,0.0031895599999999997
RDN/BTC,1580413730336,2020-01-30T19:48:50.336Z,sell,1.317e-05,227.0,0.00298959
RDN/BTC,1580413730336,2020-01-30T19:48:50.336Z,sell,1.316e-05,516.0,0.006790559999999999
RDN/BTC,1580413730336,2020-01-30T19:48:50.336Z,sell,1.315e-05,912.0,0.0119928
RDN/BTC,1580413730346,2020-01-30T19:48:50.346Z,buy,1.315e-05,242.0,0.0031823
RDN/BTC,1580413730351,2020-01-30T19:48:50.351Z,buy,1.315e-05,242.0,0.0031823
RDN/BTC,1580413730353,2020-01-30T19:48:50.353Z,buy,1.315e-05,145.0,0.00190675
RDN/BTC,1580413730353,2020-01-30T19:48:50.353Z,buy,1.315e-05,87.0,0.00114405
RDN/BTC,1580413730353,2020-01-30T19:48:50.353Z,buy,1.315e-05,731.0,0.00961265
RDN/BTC,1580413730354,2020-01-30T19:48:50.354Z,buy,1.315e-05,3640.0,0.047866
RDN/BTC,1580413730361,2020-01-30T19:48:50.361Z,buy,1.315e-05,160.0,0.002104
RDN/BTC,1580413730390,2020-01-30T19:48:50.390Z,buy,1.315e-05,460.0,0.006049
RDN/BTC,1580413730625,2020-01-30T19:48:50.625Z,sell,1.317e-05,169.0,0.00222573
RDN/BTC,1580413731376,2020-01-30T19:48:51.376Z,sell,1.319e-05,242.0,0.00319198
RDN/BTC,1580413731385,2020-01-30T19:48:51.385Z,sell,1.319e-05,211.0,0.00278309
RDN/BTC,1580413731385,2020-01-30T19:48:51.385Z,sell,1.318e-05,31.0,0.00040857999999999997
RDN/BTC,1580413732864,2020-01-30T19:48:52.864Z,sell,1.318e-05,70.0,0.0009226
RDN/BTC,1580413732864,2020-01-30T19:48:52.864Z,sell,1.317e-05,651.0,0.00857367
RDN/BTC,1580413734491,2020-01-30T19:48:54.491Z,sell,1.317e-05,526.0,0.006927419999999999
RDN/BTC,1580413734599,2020-01-30T19:48:54.599Z,buy,1.315e-05,150.0,0.0019725
RDN/BTC,1580413735895,2020-01-30T19:48:55.895Z,buy,1.315e-05,150.0,0.0019725
RDN/BTC,1580413741277,2020-01-30T19:49:01.277Z,sell,1.314e-05,10907.0,0.14331797999999998
RDN/BTC,1580413741295,2020-01-30T19:49:01.295Z,sell,1.314e-05,1043.0,0.01370502
RDN/BTC,1580413741973,2020-01-30T19:49:01.973Z,sell,1.314e-05,104.0,0.00136656
RDN/BTC,1580413744552,2020-01-30T19:49:04.552Z,buy,1.315e-05,114.0,0.0014991
RDN/BTC,1580413744553,2020-01-30T19:49:04.553Z,buy,1.315e-05,150.0,0.0019725
RDN/BTC,1580413744557,2020-01-30T19:49:04.557Z,buy,1.315e-05,150.0,0.0019725
RDN/BTC,1580413744570,2020-01-30T19:49:04.570Z,buy,1.315e-05,87.0,0.00114405
RDN/BTC,1580413744574,2020-01-30T19:49:04.574Z,buy,1.315e-05,117.0,0.0015385499999999999
RDN/BTC,1580413744575,2020-01-30T19:49:04.575Z,buy,1.315e-05,87.0,0.00114405
RDN/BTC,1580413744599,2020-01-30T19:49:04.599Z,buy,1.315e-05,160.0,0.002104
RDN/BTC,1580413756573,2020-01-30T19:49:16.573Z,sell,1.314e-05,1000.0,0.013139999999999999
RDN/BTC,1580413757983,2020-01-30T19:49:17.983Z,sell,1.314e-05,1000.0,0.013139999999999999
RDN/BTC,1580413759861,2020-01-30T19:49:19.861Z,sell,1.314e-05,1000.0,0.013139999999999999
RDN/BTC,1580413760228,2020-01-30T19:49:20.228Z,sell,1.314e-05,460.0,0.0060444
RDN/BTC,1580413761321,2020-01-30T19:49:21.321Z,sell,1.314e-05,1000.0,0.013139999999999999
RDN/BTC,1580413776528,2020-01-30T19:49:36.528Z,buy,1.315e-05,19011.0,0.24999464999999998
RDN/BTC,1580413781894,2020-01-30T19:49:41.894Z,buy,1.315e-05,11406.0,0.14998889999999998
RDN/BTC,1580413784075,2020-01-30T19:49:44.075Z,buy,1.315e-05,30418.0,0.3999967
RDN/BTC,1580413784176,2020-01-30T19:49:44.176Z,buy,1.315e-05,2791.0,0.036701649999999995
RDN/BTC,1580413784223,2020-01-30T19:49:44.223Z,buy,1.315e-05,263.0,0.00345845
RDN/BTC,1580413786560,2020-01-30T19:49:46.560Z,sell,1.315e-05,4173.0,0.05487495
RDN/BTC,1580413788476,2020-01-30T19:49:48.476Z,sell,1.315e-05,1224.0,0.016095599999999998
RDN/BTC,1580413788590,2020-01-30T19:49:48.590Z,buy,1.315e-05,2791.0,0.036701649999999995
RDN/BTC,1580413788736,2020-01-30T19:49:48.736Z,buy,1.315e-05,3589.0,0.04719535
RDN/BTC,1580413790343,2020-01-30T19:49:50.343Z,sell,1.315e-05,684.0,0.0089946
RDN/BTC,1580413790561,2020-01-30T19:49:50.561Z,sell,1.314e-05,125.0,0.0016424999999999999
RDN/BTC,1580413804949,2020-01-30T19:50:04.949Z,buy,1.315e-05,1037.0,0.013636549999999999
RDN/BTC,1580413808424,2020-01-30T19:50:08.424Z,sell,1.314e-05,87383.0,1.14821262
RDN/BTC,1580413810524,2020-01-30T19:50:10.524Z,buy,1.315e-05,720.0,0.009467999999999999
RDN/BTC,1580413811536,2020-01-30T19:50:11.536Z,sell,1.314e-05,12765.0,0.1677321
RDN/BTC,1580413811558,2020-01-30T19:50:11.558Z,sell,1.313e-05,1387.0,0.018211309999999998
RDN/BTC,1580413814676,2020-01-30T19:50:14.676Z,sell,1.313e-05,568.0,0.0074578399999999994
RDN/BTC,1580413818515,2020-01-30T19:50:18.515Z,sell,1.313e-05,100148.0,1.31494324
RDN/BTC,1580413820121,2020-01-30T19:50:20.121Z,sell,1.313e-05,720.0,0.0094536
RDN/BTC,1580413821652,2020-01-30T19:50:21.652Z,sell,1.313e-05,17637.0,0.23157381
RDN/BTC,1580413824510,2020-01-30T19:50:24.510Z,sell,1.311e-05,76.0,0.00099636
RDN/BTC,1580413824510,2020-01-30T19:50:24.510Z,sell,1.31e-05,300.0,0.00393
RDN/BTC,1580413825261,2020-01-30T19:50:25.261Z,buy,1.311e-05,50.0,0.0006554999999999999
RDN/BTC,1580413825379,2020-01-30T19:50:25.379Z,buy,1.311e-05,54.0,0.00070794
RDN/BTC,1580413836177,2020-01-30T19:50:36.177Z,sell,1.31e-05,1224.0,0.0160344
RDN/BTC,1580413836186,2020-01-30T19:50:36.186Z,sell,1.31e-05,169.0,0.0022139
RDN/BTC,1580413845836,2020-01-30T19:50:45.836Z,sell,1.31e-05,82123.0,1.0758113
RDN/BTC,1580413868539,2020-01-30T19:51:08.539Z,sell,1.309e-05,2624.0,0.03434816
RDN/BTC,1580413870333,2020-01-30T19:51:10.333Z,sell,1.307e-05,9.0,0.00011763
RDN/BTC,1580413870333,2020-01-30T19:51:10.333Z,sell,1.305e-05,255.0,0.00332775
RDN/BTC,1580413870333,2020-01-30T19:51:10.333Z,sell,1.304e-05,1259.0,0.016417360000000002
RDN/BTC,1580413870333,2020-01-30T19:51:10.333Z,sell,1.301e-05,1594.0,0.02073794
RDN/BTC,1580413870333,2020-01-30T19:51:10.333Z,sell,1.3e-05,786.0,0.010218
RDN/BTC,1580413870333,2020-01-30T19:51:10.333Z,sell,1.299e-05,3639.0,0.04727061
RDN/BTC,1580413870333,2020-01-30T19:51:10.333Z,sell,1.298e-05,2018.0,0.026193639999999997
RDN/BTC,1580413870333,2020-01-30T19:51:10.333Z,sell,1.297e-05,763.0,0.00989611
RDN/BTC,1580413870346,2020-01-30T19:51:10.346Z,buy,1.297e-05,767.0,0.00994799
RDN/BTC,1580413870351,2020-01-30T19:51:10.351Z,buy,1.297e-05,678.0,0.00879366
RDN/BTC,1580413870355,2020-01-30T19:51:10.355Z,buy,1.297e-05,1119.0,0.014513429999999999
RDN/BTC,1580413870360,2020-01-30T19:51:10.360Z,buy,1.297e-05,158.0,0.00204926
RDN/BTC,1580413870364,2020-01-30T19:51:10.364Z,sell,1.296e-05,1028.0,0.013322879999999999
RDN/BTC,1580413870366,2020-01-30T19:51:10.366Z,sell,1.296e-05,495.0,0.006415199999999999
RDN/BTC,1580413870407,2020-01-30T19:51:10.407Z,buy,1.297e-05,158.0,0.00204926
RDN/BTC,1580413870408,2020-01-30T19:51:10.408Z,sell,1.295e-05,29.0,0.00037555
RDN/BTC,1580413870412,2020-01-30T19:51:10.412Z,sell,1.295e-05,96.0,0.0012431999999999999
RDN/BTC,1580413870475,2020-01-30T19:51:10.475Z,buy,1.297e-05,286.0,0.0037094199999999997
RDN/BTC,1580413870611,2020-01-30T19:51:10.611Z,buy,1.297e-05,127.0,0.00164719
RDN/BTC,1580413870612,2020-01-30T19:51:10.612Z,buy,1.297e-05,265.0,0.0034370499999999997
RDN/BTC,1580413870642,2020-01-30T19:51:10.642Z,buy,1.297e-05,365.0,0.00473405
RDN/BTC,1580413872359,2020-01-30T19:51:12.359Z,buy,1.297e-05,280.0,0.0036316
RDN/BTC,1580413872994,2020-01-30T19:51:12.994Z,buy,1.297e-05,225.0,0.00291825
RDN/BTC,1580413873066,2020-01-30T19:51:13.066Z,buy,1.297e-05,1164.0,0.015097079999999999
RDN/BTC,1580413873142,2020-01-30T19:51:13.142Z,buy,1.297e-05,202.0,0.00261994
RDN/BTC,1580413873724,2020-01-30T19:51:13.724Z,sell,1.296e-05,1307.0,0.01693872
RDN/BTC,1580413874028,2020-01-30T19:51:14.028Z,buy,1.296e-05,200.0,0.002592
RDN/BTC,1580413874036,2020-01-30T19:51:14.036Z,buy,1.296e-05,158.0,0.00204768
RDN/BTC,1580413874118,2020-01-30T19:51:14.118Z,buy,1.296e-05,1005.0,0.0130248
RDN/BTC,1580413874778,2020-01-30T19:51:14.778Z,buy,1.296e-05,200.0,0.002592
RDN/BTC,1580413874834,2020-01-30T19:51:14.834Z,buy,1.296e-05,1332.0,0.01726272
RDN/BTC,1580413875560,2020-01-30T19:51:15.560Z,buy,1.296e-05,1118.0,0.01448928
RDN/BTC,1580413875795,2020-01-30T19:51:15.795Z,buy,1.296e-05,225.0,0.0029159999999999998
RDN/BTC,1580413875810,2020-01-30T19:51:15.810Z,buy,1.296e-05,200.0,0.002592
RDN/BTC,1580413875914,2020-01-30T19:51:15.914Z,buy,1.296e-05,1461.0,0.01893456
RDN/BTC,1580413876487,2020-01-30T19:51:16.487Z,buy,1.296e-05,1388.0,0.01798848
RDN/BTC,1580413876534,2020-01-30T19:51:16.534Z,sell,1.294e-05,19580.0,0.2533652
RDN/BTC,1580413876534,2020-01-30T19:51:16.534Z,sell,1.293e-05,4790.0,0.0619347
RDN/BTC,1580413876575,2020-01-30T19:51:16.575Z,buy,1.293e-05,200.0,0.0025859999999999998
RDN/BTC,1580413876619,2020-01-30T19:51:16.619Z,buy,1.293e-05,29.0,0.00037496999999999997
RDN/BTC,1580413877356,2020-01-30T19:51:17.356Z,buy,1.296e-05,200.0,0.002592
RDN/BTC,1580413877416,2020-01-30T19:51:17.416Z,buy,1.296e-05,742.0,0.00961632
RDN/BTC,1580413878820,2020-01-30T19:51:18.820Z,buy,1.303e-05,200.0,0.0026060000000000002
RDN/BTC,1580413879765,2020-01-30T19:51:19.765Z,buy,1.303e-05,200.0,0.0026060000000000002
RDN/BTC,1580413880242,2020-01-30T19:51:20.242Z,buy,1.302e-05,37.0,0.00048174000000000003
RDN/BTC,1580413885471,2020-01-30T19:51:25.471Z,sell,1.293e-05,168.0,0.0021722399999999998
RDN/BTC,1580413885471,2020-01-30T19:51:25.471Z,sell,1.291e-05,41.0,0.00052931
RDN/BTC,1580413886926,2020-01-30T19:51:26.926Z,buy,1.296e-05,479.0,0.00620784
RDN/BTC,1580413888160,2020-01-30T19:51:28.160Z,buy,1.296e-05,170.0,0.0022031999999999998
RDN/BTC,1580413888651,2020-01-30T19:51:28.651Z,buy,1.295e-05,509.0,0.00659155
RDN/BTC,1580413889035,2020-01-30T19:51:29.035Z,sell,1.29e-05,1261.0,0.0162669
RDN/BTC,1580413889035,2020-01-30T19:51:29.035Z,sell,1.289e-05,7384.0,0.09517976
RDN/BTC,1580413892415,2020-01-30T19:51:32.415Z,sell,1.288e-05,492.0,0.00633696
RDN/BTC,1580413893332,2020-01-30T19:51:33.332Z,sell,1.288e-05,496.0,0.00638848
RDN/BTC,1580413894716,2020-01-30T19:51:34.716Z,sell,1.288e-05,93.0,0.00119784
RDN/BTC,1580413897402,2020-01-30T19:51:37.402Z,sell,1.287e-05,424.0,0.00545688
RDN/BTC,1580413897937,2020-01-30T19:51:37.937Z,sell,1.288e-05,650.0,0.008372000000000001
RDN/BTC,1580413897937,2020-01-30T19:51:37.937Z,sell,1.287e-05,318.0,0.004092660000000001
RDN/BTC,1580413898315,2020-01-30T19:51:38.315Z,sell,1.288e-05,568.0,0.0073158400000000005
RDN/BTC,1580413898732,2020-01-30T19:51:38.732Z,sell,1.288e-05,870.0,0.0112056
RDN/BTC,1580413898732,2020-01-30T19:51:38.732Z,sell,1.287e-05,109.0,0.00140283
RDN/BTC,1580413899267,2020-01-30T19:51:39.267Z,sell,1.288e-05,958.0,0.01233904
RDN/BTC,1580413899267,2020-01-30T19:51:39.267Z,sell,1.287e-05,12.0,0.00015444
RDN/BTC,1580413899396,2020-01-30T19:51:39.396Z,sell,1.288e-05,958.0,0.01233904
RDN/BTC,1580413899396,2020-01-30T19:51:39.396Z,sell,1.287e-05,1009.0,0.01298583
RDN/BTC,1580413899883,2020-01-30T19:51:39.883Z,sell,1.287e-05,1119.0,0.014401530000000001
RDN/BTC,1580413902574,2020-01-30T19:51:42.574Z,sell,1.287e-05,2752.0,0.035418240000000004
RDN/BTC,1580413902605,2020-01-30T19:51:42.605Z,sell,1.286e-05,521.0,0.00670006
RDN/BTC,1580413903093,2020-01-30T19:51:43.093Z,buy,1.287e-05,200.0,0.002574
RDN/BTC,1580413903951,2020-01-30T19:51:43.951Z,buy,1.287e-05,200.0,0.002574
RDN/BTC,1580413904709,2020-01-30T19:51:44.709Z,buy,1.286e-05,200.0,0.002572
RDN/BTC,1580413905138,2020-01-30T19:51:45.138Z,sell,1.285e-05,602.0,0.007735700000000001
RDN/BTC,1580413905615,2020-01-30T19:51:45.615Z,sell,1.285e-05,443.0,0.00569255
RDN/BTC,1580413905805,2020-01-30T19:51:45.805Z,sell,1.285e-05,51.0,0.0006553500000000001
RDN/BTC,1580413905897,2020-01-30T19:51:45.897Z,buy,1.286e-05,200.0,0.002572
RDN/BTC,1580413906189,2020-01-30T19:51:46.189Z,buy,1.286e-05,277.0,0.00356222
RDN/BTC,1580413906210,2020-01-30T19:51:46.210Z,buy,1.286e-05,1478.0,0.01900708
RDN/BTC,1580413906465,2020-01-30T19:51:46.465Z,sell,1.285e-05,599.0,0.007697150000000001
RDN/BTC,1580413907002,2020-01-30T19:51:47.002Z,buy,1.286e-05,200.0,0.002572
RDN/BTC,1580413908668,2020-01-30T19:51:48.668Z,sell,1.285e-05,678.0,0.008712300000000001
RDN/BTC,1580413911599,2020-01-30T19:51:51.599Z,sell,1.285e-05,1118.0,0.0143663
RDN/BTC,1580413914275,2020-01-30T19:51:54.275Z,sell,1.288e-05,326.0,0.00419888
RDN/BTC,1580413914275,2020-01-30T19:51:54.275Z,sell,1.285e-05,1399.0,0.01797715
RDN/BTC,1580413916195,2020-01-30T19:51:56.195Z,sell,1.285e-05,151.0,0.0019403500000000002
RDN/BTC,1580413921043,2020-01-30T19:52:01.043Z,buy,1.295e-05,74.0,0.0009582999999999999
RDN/BTC,1580413922657,2020-01-30T19:52:02.657Z,buy,1.295e-05,50.0,0.0006475
RDN/BTC,1580413922677,2020-01-30T19:52:02.677Z,buy,1.295e-05,151.0,0.00195545
RDN/BTC,1580413924093,2020-01-30T19:52:04.093Z,buy,1.295e-05,9.0,0.00011655
RDN/BTC,1580413954991,2020-01-30T19:52:34.991Z,buy,1.293e-05,311.0,0.00402123
RDN/BTC,1580413954991,2020-01-30T19:52:34.991Z,buy,1.294e-05,9.0,0.00011645999999999999
RDN/BTC,1580413954991,2020-01-30T19:52:34.991Z,buy,1.294e-05,320.0,0.0041408
RDN/BTC,1580413954992,2020-01-30T19:52:34.992Z,buy,1.294e-05,251.0,0.00324794
RDN/BTC,1580413954995,2020-01-30T19:52:34.995Z,buy,1.295e-05,97.0,0.00125615
RDN/BTC,1580413955001,2020-01-30T19:52:35.001Z,buy,1.295e-05,279.0,0.00361305
RDN/BTC,1580413955002,2020-01-30T19:52:35.002Z,buy,1.295e-05,279.0,0.00361305
RDN/BTC,1580413955004,2020-01-30T19:52:35.004Z,buy,1.295e-05,279.0,0.00361305
RDN/BTC,1580413955004,2020-01-30T19:52:35.004Z,buy,1.295e-05,279.0,0.00361305
RDN/BTC,1580413955006,2020-01-30T19:52:35.006Z,buy,1.295e-05,279.0,0.00361305
RDN/BTC,1580413955006,2020-01-30T19:52:35.006Z,buy,1.295e-05,279.0,0.00361305
RDN/BTC,1580413955006,2020-01-30T19:52:35.006Z,buy,1.295e-05,146.0,0.0018907
RDN/BTC,1580413955006,2020-01-30T19:52:35.006Z,buy,1.296e-05,133.0,0.00172368
RDN/BTC,1580413955010,2020-01-30T19:52:35.010Z,buy,1.296e-05,279.0,0.00361584
RDN/BTC,1580413955016,2020-01-30T19:52:35.016Z,buy,1.296e-05,279.0,0.00361584
RDN/BTC,1580413955025,2020-01-30T19:52:35.025Z,sell,1.29e-05,569.0,0.0073401000000000004
RDN/BTC,1580413955734,2020-01-30T19:52:35.734Z,buy,1.296e-05,199.0,0.00257904
RDN/BTC,1580413970261,2020-01-30T19:52:50.261Z,buy,1.296e-05,60.0,0.0007775999999999999
RDN/BTC,1580413980253,2020-01-30T19:53:00.253Z,buy,1.296e-05,487.0,0.00631152
RDN/BTC,1580413980253,2020-01-30T19:53:00.253Z,buy,1.298e-05,354.0,0.00459492
RDN/BTC,1580413980253,2020-01-30T19:53:00.253Z,buy,1.299e-05,526.0,0.0068327399999999995
RDN/BTC,1580413980253,2020-01-30T19:53:00.253Z,buy,1.3e-05,2491.0,0.032382999999999995
RDN/BTC,1580413980475,2020-01-30T19:53:00.475Z,buy,1.3e-05,77.0,0.001001
RDN/BTC,1580414002296,2020-01-30T19:53:22.296Z,buy,1.299e-05,168.0,0.0021823199999999997
RDN/BTC,1580414002296,2020-01-30T19:53:22.296Z,buy,1.3e-05,601.0,0.007812999999999999
RDN/BTC,1580414031458,2020-01-30T19:53:51.458Z,buy,1.3e-05,2.0,2.6e-05
RDN/BTC,1580414117924,2020-01-30T19:55:17.924Z,sell,1.294e-05,2889.0,0.03738366
RDN/BTC,1580414119130,2020-01-30T19:55:19.130Z,buy,1.294e-05,1003.0,0.01297882
RDN/BTC,1580414119337,2020-01-30T19:55:19.337Z,buy,1.294e-05,2314.0,0.02994316
RDN/BTC,1580414119355,2020-01-30T19:55:19.355Z,buy,1.294e-05,1178.0,0.01524332
RDN/BTC,1580414392857,2020-01-30T19:59:52.857Z,sell,1.298e-05,1293.0,0.01678314
RDN/BTC,1580414424203,2020-01-30T20:00:24.203Z,buy,1.3e-05,17.0,0.00022099999999999998
RDN/BTC,1580414424326,2020-01-30T20:00:24.326Z,buy,1.3e-05,50.0,0.00065
RDN/BTC,1580414424393,2020-01-30T20:00:24.393Z,sell,1.298e-05,17.0,0.00022066
RDN/BTC,1580414424482,2020-01-30T20:00:24.482Z,buy,1.3e-05,400.0,0.0052
RDN/BTC,1580414424869,2020-01-30T20:00:24.869Z,buy,1.3e-05,319.0,0.004147
RDN/BTC,1580414434508,2020-01-30T20:00:34.508Z,sell,1.3e-05,200.0,0.0026
RDN/BTC,1580414439743,2020-01-30T20:00:39.743Z,sell,1.297e-05,200.0,0.002594
RDN/BTC,1580414440498,2020-01-30T20:00:40.498Z,sell,1.297e-05,200.0,0.002594
RDN/BTC,1580414441420,2020-01-30T20:00:41.420Z,sell,1.297e-05,200.0,0.002594
RDN/BTC,1580414443663,2020-01-30T20:00:43.663Z,sell,1.297e-05,149.0,0.00193253
RDN/BTC,1580414444856,2020-01-30T20:00:44.856Z,sell,1.297e-05,200.0,0.002594
RDN/BTC,1580414445880,2020-01-30T20:00:45.880Z,sell,1.296e-05,34.0,0.00044064
RDN/BTC,1580414445880,2020-01-30T20:00:45.880Z,sell,1.295e-05,166.0,0.0021497
RDN/BTC,1580414446663,2020-01-30T20:00:46.663Z,sell,1.296e-05,100.0,0.001296
RDN/BTC,1580414446663,2020-01-30T20:00:46.663Z,sell,1.295e-05,100.0,0.001295
RDN/BTC,1580414493779,2020-01-30T20:01:33.779Z,sell,1.295e-05,11.0,0.00014245
RDN/BTC,1580414541452,2020-01-30T20:02:21.452Z,sell,1.295e-05,324.0,0.0041957999999999995
RDN/BTC,1580414545982,2020-01-30T20:02:25.982Z,buy,1.301e-05,108.0,0.0014050800000000002
RDN/BTC,1580414831080,2020-01-30T20:07:11.080Z,sell,1.294e-05,9.0,0.00011645999999999999
RDN/BTC,1580415075956,2020-01-30T20:11:15.956Z,buy,1.301e-05,2.0,2.602e-05
RDN/BTC,1580415076155,2020-01-30T20:11:16.155Z,buy,1.301e-05,2.0,2.602e-05
RDN/BTC,1580415304132,2020-01-30T20:15:04.132Z,buy,1.299e-05,32.0,0.00041568
RDN/BTC,1580415388553,2020-01-30T20:16:28.553Z,buy,1.299e-05,28.0,0.00036372
RDN/BTC,1580415503385,2020-01-30T20:18:23.385Z,sell,1.294e-05,121.0,0.00156574
RDN/BTC,1580416007105,2020-01-30T20:26:47.105Z,buy,1.295e-05,30.0,0.0003885
RDN/BTC,1580416007106,2020-01-30T20:26:47.106Z,buy,1.295e-05,30.0,0.0003885
RDN/BTC,1580416007108,2020-01-30T20:26:47.108Z,buy,1.295e-05,30.0,0.0003885
RDN/BTC,1580416007108,2020-01-30T20:26:47.108Z,buy,1.295e-05,30.0,0.0003885
RDN/BTC,1580416007108,2020-01-30T20:26:47.108Z,buy,1.295e-05,30.0,0.0003885
RDN/BTC,1580416007108,2020-01-30T20:26:47.108Z,buy,1.295e-05,30.0,0.0003885
RDN/BTC,1580416007112,2020-01-30T20:26:47.112Z,buy,1.295e-05,30.0,0.0003885
RDN/BTC,1580416007112,2020-01-30T20:26:47.112Z,buy,1.295e-05,30.0,0.0003885
RDN/BTC,1580416007112,2020-01-30T20:26:47.112Z,buy,1.295e-05,30.0,0.0003885
RDN/BTC,1580416007112,2020-01-30T20:26:47.112Z,buy,1.295e-05,26.0,0.0003367
RDN/BTC,1580416007129,2020-01-30T20:26:47.129Z,buy,1.298e-05,568.0,0.00737264
RDN/BTC,1580416105544,2020-01-30T20:28:25.544Z,buy,1.299e-05,9.0,0.00011690999999999999
RDN/BTC,1580416106824,2020-01-30T20:28:26.824Z,buy,1.299e-05,9.0,0.00011690999999999999
RDN/BTC,1580416108198,2020-01-30T20:28:28.198Z,buy,1.299e-05,9.0,0.00011690999999999999
RDN/BTC,1580416114423,2020-01-30T20:28:34.423Z,buy,1.299e-05,9.0,0.00011690999999999999
RDN/BTC,1580416268070,2020-01-30T20:31:08.070Z,sell,1.295e-05,176.0,0.0022792
RDN/BTC,1580416268070,2020-01-30T20:31:08.070Z,sell,1.295e-05,176.0,0.0022792
RDN/BTC,1580416418217,2020-01-30T20:33:38.217Z,buy,1.297e-05,115.0,0.00149155
RDN/BTC,1580416477284,2020-01-30T20:34:37.284Z,buy,1.297e-05,17.0,0.00022049
RDN/BTC,1580416500740,2020-01-30T20:35:00.740Z,buy,1.297e-05,22.0,0.00028534
RDN/BTC,1580416720865,2020-01-30T20:38:40.865Z,sell,1.295e-05,304.0,0.0039368
RDN/BTC,1580416730667,2020-01-30T20:38:50.667Z,sell,1.295e-05,1836.0,0.0237762
RDN/BTC,1580416732094,2020-01-30T20:38:52.094Z,sell,1.294e-05,641.0,0.00829454
RDN/BTC,1580417090189,2020-01-30T20:44:50.189Z,sell,1.294e-05,8.0,0.00010352
RDN/BTC,1580417090189,2020-01-30T20:44:50.189Z,sell,1.291e-05,73.0,0.00094243
RDN/BTC,1580417263576,2020-01-30T20:47:43.576Z,sell,1.29e-05,208.0,0.0026832
RDN/BTC,1580417264696,2020-01-30T20:47:44.696Z,sell,1.29e-05,146.0,0.0018834
RDN/BTC,1580417373262,2020-01-30T20:49:33.262Z,sell,1.288e-05,320.0,0.0041216000000000004
RDN/BTC,1580417540276,2020-01-30T20:52:20.276Z,sell,1.289e-05,29.0,0.00037381000000000003
RDN/BTC,1580417540276,2020-01-30T20:52:20.276Z,sell,1.288e-05,27.0,0.00034776
RDN/BTC,1580417540276,2020-01-30T20:52:20.276Z,sell,1.285e-05,1033.0,0.01327405
RDN/BTC,1580417540276,2020-01-30T20:52:20.276Z,sell,1.284e-05,2105.0,0.027028200000000002
RDN/BTC,1580417549515,2020-01-30T20:52:29.515Z,sell,1.286e-05,233.0,0.0029963800000000003
RDN/BTC,1580417549515,2020-01-30T20:52:29.515Z,sell,1.285e-05,348.0,0.004471800000000001
RDN/BTC,1580417549515,2020-01-30T20:52:29.515Z,sell,1.284e-05,2162.0,0.027760080000000003
RDN/BTC,1580417554507,2020-01-30T20:52:34.507Z,buy,1.287e-05,9.0,0.00011583000000000001
RDN/BTC,1580417555004,2020-01-30T20:52:35.004Z,buy,1.287e-05,35.0,0.00045045
RDN/BTC,1580417555106,2020-01-30T20:52:35.106Z,buy,1.287e-05,32.0,0.00041184
RDN/BTC,1580417555223,2020-01-30T20:52:35.223Z,buy,1.287e-05,25.0,0.00032175
RDN/BTC,1580417555322,2020-01-30T20:52:35.322Z,buy,1.287e-05,44.0,0.0005662800000000001
RDN/BTC,1580417555427,2020-01-30T20:52:35.427Z,buy,1.287e-05,44.0,0.0005662800000000001
RDN/BTC,1580417555542,2020-01-30T20:52:35.542Z,buy,1.287e-05,44.0,0.0005662800000000001
RDN/BTC,1580417555640,2020-01-30T20:52:35.640Z,buy,1.287e-05,44.0,0.0005662800000000001
RDN/BTC,1580417555746,2020-01-30T20:52:35.746Z,buy,1.287e-05,44.0,0.0005662800000000001
RDN/BTC,1580417555837,2020-01-30T20:52:35.837Z,buy,1.287e-05,23.0,0.00029601000000000003
RDN/BTC,1580417556052,2020-01-30T20:52:36.052Z,buy,1.287e-05,21.0,0.00027027
RDN/BTC,1580417556152,2020-01-30T20:52:36.152Z,buy,1.287e-05,36.0,0.00046332000000000003
RDN/BTC,1580417556264,2020-01-30T20:52:36.264Z,buy,1.287e-05,268.0,0.00344916
RDN/BTC,1580417557839,2020-01-30T20:52:37.839Z,buy,1.287e-05,78.0,0.00100386
RDN/BTC,1580417564243,2020-01-30T20:52:44.243Z,buy,1.295e-05,13.0,0.00016835
RDN/BTC,1580417564243,2020-01-30T20:52:44.243Z,buy,1.296e-05,11.0,0.00014256
RDN/BTC,1580417564243,2020-01-30T20:52:44.243Z,buy,1.297e-05,105.0,0.00136185
RDN/BTC,1580417764569,2020-01-30T20:56:04.569Z,sell,1.286e-05,104.0,0.00133744
RDN/BTC,1580417846758,2020-01-30T20:57:26.758Z,buy,1.295e-05,18.0,0.0002331
RDN/BTC,1580418240615,2020-01-30T21:04:00.615Z,buy,1.294e-05,8.0,0.00010352
RDN/BTC,1580418240864,2020-01-30T21:04:00.864Z,buy,1.293e-05,600.0,0.007758
RDN/BTC,1580418240864,2020-01-30T21:04:00.864Z,buy,1.293e-05,260.0,0.0033618
RDN/BTC,1580418240864,2020-01-30T21:04:00.864Z,buy,1.294e-05,340.0,0.0043996
RDN/BTC,1580418240869,2020-01-30T21:04:00.869Z,buy,1.294e-05,600.0,0.007764
RDN/BTC,1580418241731,2020-01-30T21:04:01.731Z,sell,1.294e-05,441.0,0.0057065399999999995
RDN/BTC,1580418241739,2020-01-30T21:04:01.739Z,sell,1.294e-05,159.0,0.00205746
RDN/BTC,1580418303603,2020-01-30T21:05:03.603Z,sell,1.29e-05,257.0,0.0033153
RDN/BTC,1580418303603,2020-01-30T21:05:03.603Z,sell,1.287e-05,74.0,0.0009523800000000001
RDN/BTC,1580418333846,2020-01-30T21:05:33.846Z,sell,1.286e-05,329.0,0.00423094
RDN/BTC,1580418362163,2020-01-30T21:06:02.163Z,sell,1.287e-05,488.0,0.00628056
RDN/BTC,1580418384972,2020-01-30T21:06:24.972Z,sell,1.287e-05,729.0,0.00938223
RDN/BTC,1580418384972,2020-01-30T21:06:24.972Z,sell,1.286e-05,1140.0,0.0146604
RDN/BTC,1580418573317,2020-01-30T21:09:33.317Z,buy,1.295e-05,1.0,1.295e-05
RDN/BTC,1580418573317,2020-01-30T21:09:33.317Z,buy,1.296e-05,1.0,1.296e-05
RDN/BTC,1580418584057,2020-01-30T21:09:44.057Z,sell,1.287e-05,92.0,0.0011840400000000001
RDN/BTC,1580419102242,2020-01-30T21:18:22.242Z,buy,1.296e-05,9.0,0.00011664
RDN/BTC,1580419102450,2020-01-30T21:18:22.450Z,buy,1.296e-05,9.0,0.00011664
RDN/BTC,1580419102552,2020-01-30T21:18:22.552Z,buy,1.296e-05,9.0,0.00011664
RDN/BTC,1580419103526,2020-01-30T21:18:23.526Z,buy,1.296e-05,9.0,0.00011664
RDN/BTC,1580419103592,2020-01-30T21:18:23.592Z,buy,1.296e-05,9.0,0.00011664
RDN/BTC,1580419104656,2020-01-30T21:18:24.656Z,buy,1.296e-05,9.0,0.00011664
RDN/BTC,1580419183270,2020-01-30T21:19:43.270Z,buy,1.296e-05,27.0,0.00034992
RDN/BTC,1580419295802,2020-01-30T21:21:35.802Z,sell,1.287e-05,1027.0,0.01321749
RDN/BTC,1580419295802,2020-01-30T21:21:35.802Z,sell,1.287e-05,1027.0,0.01321749
RDN/BTC,1580420761488,2020-01-30T21:46:01.488Z,buy,1.294e-05,2.0,2.588e-05
RDN/BTC,1580421499342,2020-01-30T21:58:19.342Z,buy,1.294e-05,78.0,0.00100932
RDN/BTC,1580421623843,2020-01-30T22:00:23.843Z,sell,1.287e-05,102.0,0.00131274
RDN/BTC,1580421623843,2020-01-30T22:00:23.843Z,sell,1.286e-05,247.0,0.00317642
RDN/BTC,1580421623977,2020-01-30T22:00:23.977Z,sell,1.286e-05,200.0,0.002572
RDN/BTC,1580421624741,2020-01-30T22:00:24.741Z,sell,1.286e-05,200.0,0.002572
RDN/BTC,1580421628523,2020-01-30T22:00:28.523Z,sell,1.286e-05,185.0,0.0023791000000000003
RDN/BTC,1580421628523,2020-01-30T22:00:28.523Z,sell,1.284e-05,12.0,0.00015408000000000002
RDN/BTC,1580421628523,2020-01-30T22:00:28.523Z,sell,1.283e-05,111.0,0.00142413
RDN/BTC,1580421628523,2020-01-30T22:00:28.523Z,sell,1.282e-05,469.0,0.00601258
RDN/BTC,1580421629086,2020-01-30T22:00:29.086Z,sell,1.284e-05,17.0,0.00021828
RDN/BTC,1580421629086,2020-01-30T22:00:29.086Z,sell,1.283e-05,752.0,0.009648160000000001
RDN/BTC,1580421637269,2020-01-30T22:00:37.269Z,buy,1.286e-05,22.0,0.00028292000000000004
RDN/BTC,1580421641350,2020-01-30T22:00:41.350Z,sell,1.282e-05,280.0,0.0035895999999999996
RDN/BTC,1580421641350,2020-01-30T22:00:41.350Z,sell,1.281e-05,84.0,0.00107604
RDN/BTC,1580421641350,2020-01-30T22:00:41.350Z,sell,1.28e-05,53.0,0.0006784
RDN/BTC,1580421661028,2020-01-30T22:01:01.028Z,buy,1.285e-05,9.0,0.00011565
RDN/BTC,1580421661563,2020-01-30T22:01:01.563Z,buy,1.285e-05,347.0,0.004458950000000001
RDN/BTC,1580421662923,2020-01-30T22:01:02.923Z,sell,1.282e-05,8.0,0.00010256
RDN/BTC,1580421662937,2020-01-30T22:01:02.937Z,buy,1.281e-05,17.0,0.00021777
RDN/BTC,1580421662939,2020-01-30T22:01:02.939Z,buy,1.281e-05,147.0,0.00188307
RDN/BTC,1580421662947,2020-01-30T22:01:02.947Z,buy,1.281e-05,10.0,0.0001281
RDN/BTC,1580421663058,2020-01-30T22:01:03.058Z,buy,1.281e-05,71.0,0.00090951
RDN/BTC,1580421663077,2020-01-30T22:01:03.077Z,buy,1.281e-05,147.0,0.00188307
RDN/BTC,1580421663085,2020-01-30T22:01:03.085Z,buy,1.281e-05,9.0,0.00011528999999999999
RDN/BTC,1580421663162,2020-01-30T22:01:03.162Z,buy,1.281e-05,89.0,0.0011400899999999999
RDN/BTC,1580421663177,2020-01-30T22:01:03.177Z,buy,1.281e-05,9.0,0.00011528999999999999
RDN/BTC,1580421663180,2020-01-30T22:01:03.180Z,buy,1.281e-05,147.0,0.00188307
RDN/BTC,1580421663260,2020-01-30T22:01:03.260Z,buy,1.281e-05,89.0,0.0011400899999999999
RDN/BTC,1580421663274,2020-01-30T22:01:03.274Z,buy,1.281e-05,147.0,0.00188307
RDN/BTC,1580421663283,2020-01-30T22:01:03.283Z,buy,1.281e-05,9.0,0.00011528999999999999
RDN/BTC,1580421663372,2020-01-30T22:01:03.372Z,buy,1.281e-05,89.0,0.0011400899999999999
RDN/BTC,1580421663396,2020-01-30T22:01:03.396Z,buy,1.281e-05,9.0,0.00011528999999999999
RDN/BTC,1580421663397,2020-01-30T22:01:03.397Z,buy,1.281e-05,147.0,0.00188307
RDN/BTC,1580421663434,2020-01-30T22:01:03.434Z,buy,1.281e-05,53.0,0.00067893
RDN/BTC,1580421663448,2020-01-30T22:01:03.448Z,buy,1.281e-05,117.0,0.00149877
RDN/BTC,1580421663470,2020-01-30T22:01:03.470Z,buy,1.281e-05,164.0,0.00210084
RDN/BTC,1580421663476,2020-01-30T22:01:03.476Z,buy,1.281e-05,81.0,0.00103761
RDN/BTC,1580421663492,2020-01-30T22:01:03.492Z,buy,1.281e-05,117.0,0.00149877
RDN/BTC,1580421663529,2020-01-30T22:01:03.529Z,buy,1.281e-05,28.0,0.00035868
RDN/BTC,1580421663681,2020-01-30T22:01:03.681Z,buy,1.281e-05,19.0,0.00024338999999999999
RDN/BTC,1580421663692,2020-01-30T22:01:03.692Z,buy,1.281e-05,32.0,0.00040992
RDN/BTC,1580421663705,2020-01-30T22:01:03.705Z,buy,1.281e-05,147.0,0.00188307
RDN/BTC,1580421663798,2020-01-30T22:01:03.798Z,buy,1.281e-05,66.0,0.0008454599999999999
RDN/BTC,1580421663827,2020-01-30T22:01:03.827Z,buy,1.281e-05,147.0,0.00188307
RDN/BTC,1580421663865,2020-01-30T22:01:03.865Z,buy,1.281e-05,325.0,0.004163249999999999
RDN/BTC,1580421663865,2020-01-30T22:01:03.865Z,buy,1.282e-05,95.0,0.0012178999999999998
RDN/BTC,1580421663911,2020-01-30T22:01:03.911Z,buy,1.282e-05,227.0,0.00291014
RDN/BTC,1580421665184,2020-01-30T22:01:05.184Z,buy,1.285e-05,8.0,0.0001028
RDN/BTC,1580421665270,2020-01-30T22:01:05.270Z,sell,1.28e-05,152.0,0.0019456
RDN/BTC,1580421665276,2020-01-30T22:01:05.276Z,buy,1.281e-05,435.0,0.005572349999999999
RDN/BTC,1580421665394,2020-01-30T22:01:05.394Z,buy,1.281e-05,290.0,0.0037148999999999997
RDN/BTC,1580421665783,2020-01-30T22:01:05.783Z,sell,1.281e-05,46.0,0.00058926
RDN/BTC,1580421665836,2020-01-30T22:01:05.836Z,sell,1.281e-05,194.0,0.00248514
RDN/BTC,1580421665881,2020-01-30T22:01:05.881Z,sell,1.282e-05,58.0,0.00074356
RDN/BTC,1580421665899,2020-01-30T22:01:05.899Z,sell,1.282e-05,135.0,0.0017307
RDN/BTC,1580421674733,2020-01-30T22:01:14.733Z,buy,1.288e-05,270.0,0.0034776
RDN/BTC,1580421675960,2020-01-30T22:01:15.960Z,sell,1.283e-05,65.0,0.0008339500000000001
RDN/BTC,1580421786414,2020-01-30T22:03:06.414Z,sell,1.289e-05,17.0,0.00021913
RDN/BTC,1580421796748,2020-01-30T22:03:16.748Z,sell,1.289e-05,76.0,0.00097964
RDN/BTC,1580422285586,2020-01-30T22:11:25.586Z,sell,1.284e-05,295.0,0.0037878
RDN/BTC,1580422293137,2020-01-30T22:11:33.137Z,sell,1.284e-05,295.0,0.0037878
RDN/BTC,1580422293137,2020-01-30T22:11:33.137Z,sell,1.284e-05,295.0,0.0037878
RDN/BTC,1580423169331,2020-01-30T22:26:09.331Z,sell,1.285e-05,4571.0,0.05873735
RDN/BTC,1580423169331,2020-01-30T22:26:09.331Z,sell,1.284e-05,27.0,0.00034668000000000004
RDN/BTC,1580423430369,2020-01-30T22:30:30.369Z,sell,1.283e-05,509.0,0.00653047
RDN/BTC,1580423430928,2020-01-30T22:30:30.928Z,sell,1.283e-05,2295.0,0.02944485
RDN/BTC,1580423485517,2020-01-30T22:31:25.517Z,buy,1.285e-05,203.0,0.0026085500000000003
RDN/BTC,1580424015069,2020-01-30T22:40:15.069Z,sell,1.284e-05,243.0,0.00312012
RDN/BTC,1580424113612,2020-01-30T22:41:53.612Z,sell,1.284e-05,1301.0,0.016704840000000002
RDN/BTC,1580424118454,2020-01-30T22:41:58.454Z,buy,1.284e-05,401.0,0.00514884
RDN/BTC,1580424179822,2020-01-30T22:42:59.822Z,buy,1.284e-05,565.0,0.007254600000000001
RDN/BTC,1580424179890,2020-01-30T22:42:59.890Z,buy,1.284e-05,257.0,0.0032998800000000003
RDN/BTC,1580424502390,2020-01-30T22:48:22.390Z,buy,1.289e-05,116.0,0.0014952400000000001
RDN/BTC,1580424502438,2020-01-30T22:48:22.438Z,buy,1.289e-05,116.0,0.0014952400000000001
RDN/BTC,1580424505642,2020-01-30T22:48:25.642Z,buy,1.289e-05,390.0,0.0050271000000000005
RDN/BTC,1580424647614,2020-01-30T22:50:47.614Z,buy,1.288e-05,2.0,2.576e-05
RDN/BTC,1580424687589,2020-01-30T22:51:27.589Z,buy,1.288e-05,684.0,0.00880992
RDN/BTC,1580424693210,2020-01-30T22:51:33.210Z,sell,1.285e-05,3258.0,0.0418653
RDN/BTC,1580424805261,2020-01-30T22:53:25.261Z,buy,1.289e-05,10.0,0.0001289
RDN/BTC,1580424805261,2020-01-30T22:53:25.261Z,buy,1.29e-05,567.0,0.0073143
RDN/BTC,1580424828071,2020-01-30T22:53:48.071Z,buy,1.29e-05,100.0,0.00129
RDN/BTC,1580424854973,2020-01-30T22:54:14.973Z,buy,1.291e-05,348.0,0.00449268
RDN/BTC,1580425162332,2020-01-30T22:59:22.332Z,buy,1.29e-05,68.0,0.0008772
RDN/BTC,1580425188141,2020-01-30T22:59:48.141Z,sell,1.285e-05,149.0,0.0019146500000000002
RDN/BTC,1580425202986,2020-01-30T23:00:02.986Z,buy,1.29e-05,50.0,0.000645
RDN/BTC,1580425203233,2020-01-30T23:00:03.233Z,buy,1.29e-05,500.0,0.00645
RDN/BTC,1580425203236,2020-01-30T23:00:03.236Z,buy,1.29e-05,500.0,0.00645
RDN/BTC,1580425203240,2020-01-30T23:00:03.240Z,buy,1.29e-05,500.0,0.00645
RDN/BTC,1580425292300,2020-01-30T23:01:32.300Z,buy,1.29e-05,12.0,0.0001548
RDN/BTC,1580425307873,2020-01-30T23:01:47.873Z,buy,1.29e-05,105.0,0.0013545
RDN/BTC,1580425827493,2020-01-30T23:10:27.493Z,buy,1.288e-05,1373.0,0.01768424
RDN/BTC,1580425827493,2020-01-30T23:10:27.493Z,buy,1.288e-05,1373.0,0.01768424
RDN/BTC,1580426034894,2020-01-30T23:13:54.894Z,sell,1.287e-05,276.0,0.00355212
RDN/BTC,1580426120964,2020-01-30T23:15:20.964Z,buy,1.287e-05,463.0,0.00595881
RDN/BTC,1580426212290,2020-01-30T23:16:52.290Z,sell,1.284e-05,6051.0,0.07769484
RDN/BTC,1580426214475,2020-01-30T23:16:54.475Z,buy,1.284e-05,338.0,0.004339920000000001
RDN/BTC,1580426215801,2020-01-30T23:16:55.801Z,sell,1.283e-05,778.0,0.009981740000000001
RDN/BTC,1580426262705,2020-01-30T23:17:42.705Z,sell,1.283e-05,9.0,0.00011547
RDN/BTC,1580426286561,2020-01-30T23:18:06.561Z,buy,1.284e-05,44.0,0.00056496
RDN/BTC,1580426286561,2020-01-30T23:18:06.561Z,buy,1.288e-05,260.0,0.0033488000000000003
RDN/BTC,1580426307002,2020-01-30T23:18:27.002Z,buy,1.29e-05,15.0,0.00019350000000000001
RDN/BTC,1580426336761,2020-01-30T23:18:56.761Z,sell,1.283e-05,15.0,0.00019245000000000002
RDN/BTC,1580426354079,2020-01-30T23:19:14.079Z,sell,1.283e-05,779.0,0.009994570000000001
RDN/BTC,1580426361783,2020-01-30T23:19:21.783Z,buy,1.287e-05,100.0,0.001287
RDN/BTC,1580426501713,2020-01-30T23:21:41.713Z,buy,1.287e-05,274.0,0.00352638
RDN/BTC,1580426551571,2020-01-30T23:22:31.571Z,buy,1.287e-05,159.0,0.0020463300000000003
RDN/BTC,1580426668735,2020-01-30T23:24:28.735Z,buy,1.285e-05,2112.0,0.027139200000000002
RDN/BTC,1580426754819,2020-01-30T23:25:54.819Z,buy,1.288e-05,197.0,0.0025373600000000002
RDN/BTC,1580426754905,2020-01-30T23:25:54.905Z,buy,1.288e-05,307.0,0.00395416
RDN/BTC,1580426755321,2020-01-30T23:25:55.321Z,buy,1.288e-05,500.0,0.00644
RDN/BTC,1580426999270,2020-01-30T23:29:59.270Z,buy,1.288e-05,128.0,0.00164864
RDN/BTC,1580427135779,2020-01-30T23:32:15.779Z,buy,1.288e-05,366.0,0.00471408
RDN/BTC,1580427346947,2020-01-30T23:35:46.947Z,buy,1.288e-05,19.0,0.00024472000000000003
RDN/BTC,1580427422242,2020-01-30T23:37:02.242Z,sell,1.284e-05,11.0,0.00014124
RDN/BTC,1580427422242,2020-01-30T23:37:02.242Z,sell,1.283e-05,753.0,0.009660990000000001
RDN/BTC,1580427454804,2020-01-30T23:37:34.804Z,buy,1.288e-05,455.0,0.0058604
RDN/BTC,1580427461263,2020-01-30T23:37:41.263Z,buy,1.288e-05,547.0,0.0070453600000000005
RDN/BTC,1580427485433,2020-01-30T23:38:05.433Z,buy,1.288e-05,446.0,0.00574448
RDN/BTC,1580427501879,2020-01-30T23:38:21.879Z,buy,1.288e-05,1000.0,0.01288
RDN/BTC,1580427504190,2020-01-30T23:38:24.190Z,buy,1.288e-05,991.0,0.01276408
RDN/BTC,1580427507382,2020-01-30T23:38:27.382Z,buy,1.288e-05,1000.0,0.01288
RDN/BTC,1580427534023,2020-01-30T23:38:54.023Z,buy,1.288e-05,413.0,0.00531944
RDN/BTC,1580427612227,2020-01-30T23:40:12.227Z,buy,1.288e-05,8.0,0.00010304
RDN/BTC,1580427958464,2020-01-30T23:45:58.464Z,buy,1.288e-05,66.0,0.00085008
RDN/BTC,1580428104363,2020-01-30T23:48:24.363Z,buy,1.288e-05,1263.0,0.01626744
RDN/BTC,1580428138293,2020-01-30T23:48:58.293Z,buy,1.288e-05,632.0,0.00814016
RDN/BTC,1580428146735,2020-01-30T23:49:06.735Z,buy,1.288e-05,569.0,0.00732872
RDN/BTC,1580428230234,2020-01-30T23:50:30.234Z,buy,1.286e-05,10.0,0.0001286
RDN/BTC,1580428230344,2020-01-30T23:50:30.344Z,sell,1.286e-05,1296.0,0.01666656
RDN/BTC,1580428230344,2020-01-30T23:50:30.344Z,sell,1.285e-05,9116.0,0.11714060000000001
RDN/BTC,1580428292698,2020-01-30T23:51:32.698Z,buy,1.289e-05,11.0,0.00014179
RDN/BTC,1580428718309,2020-01-30T23:58:38.309Z,buy,1.289e-05,23.0,0.00029647
RDN/BTC,1580428718309,2020-01-30T23:58:38.309Z,buy,1.294e-05,12.0,0.00015528
RDN/BTC,1580428725065,2020-01-30T23:58:45.065Z,sell,1.286e-05,19.0,0.00024434
RDN/BTC,1580428725065,2020-01-30T23:58:45.065Z,sell,1.285e-05,14.0,0.0001799
RDN/BTC,1580428759627,2020-01-30T23:59:19.627Z,sell,1.285e-05,1352.0,0.017373200000000002
RDN/BTC,1580428820954,2020-01-31T00:00:20.954Z,sell,1.286e-05,256.0,0.00329216
RDN/BTC,1580428820954,2020-01-31T00:00:20.954Z,sell,1.286e-05,256.0,0.00329216
RDN/BTC,1580429500890,2020-01-31T00:11:40.890Z,buy,1.294e-05,17.0,0.00021998
RDN/BTC,1580429527011,2020-01-31T00:12:07.011Z,buy,1.295e-05,49.0,0.00063455
RDN/BTC,1580430088231,2020-01-31T00:21:28.231Z,buy,1.294e-05,2.0,2.588e-05
RDN/BTC,1580430222197,2020-01-31T00:23:42.197Z,buy,1.293e-05,78.0,0.00100854
RDN/BTC,1580430222197,2020-01-31T00:23:42.197Z,buy,1.294e-05,6.0,7.764e-05
RDN/BTC,1580430222197,2020-01-31T00:23:42.197Z,buy,1.295e-05,32.0,0.0004144
RDN/BTC,1580430222197,2020-01-31T00:23:42.197Z,buy,1.296e-05,56.0,0.00072576
RDN/BTC,1580430222197,2020-01-31T00:23:42.197Z,buy,1.297e-05,99.0,0.00128403
RDN/BTC,1580430222197,2020-01-31T00:23:42.197Z,buy,1.298e-05,93.0,0.00120714
RDN/BTC,1580430222197,2020-01-31T00:23:42.197Z,buy,1.299e-05,19.0,0.00024681
RDN/BTC,1580430704533,2020-01-31T00:31:44.533Z,buy,1.294e-05,12.0,0.00015528
RDN/BTC,1580430883112,2020-01-31T00:34:43.112Z,buy,1.294e-05,8.0,0.00010352
RDN/BTC,1580431022865,2020-01-31T00:37:02.865Z,buy,1.294e-05,133.0,0.00172102
RDN/BTC,1580431215085,2020-01-31T00:40:15.085Z,sell,1.291e-05,98.0,0.00126518
RDN/BTC,1580431221009,2020-01-31T00:40:21.009Z,sell,1.291e-05,267.0,0.00344697
RDN/BTC,1580431221009,2020-01-31T00:40:21.009Z,sell,1.286e-05,507.0,0.0065200200000000005
RDN/BTC,1580431393519,2020-01-31T00:43:13.519Z,buy,1.294e-05,574.0,0.00742756
RDN/BTC,1580431849608,2020-01-31T00:50:49.608Z,buy,1.29e-05,573.0,0.0073917
RDN/BTC,1580431866885,2020-01-31T00:51:06.885Z,buy,1.29e-05,572.0,0.0073788000000000005
RDN/BTC,1580432168062,2020-01-31T00:56:08.062Z,buy,1.29e-05,8.0,0.0001032
RDN/BTC,1580432197619,2020-01-31T00:56:37.619Z,buy,1.29e-05,372.0,0.0047988
RDN/BTC,1580432328037,2020-01-31T00:58:48.037Z,buy,1.287e-05,6934.0,0.08924058
RDN/BTC,1580432341882,2020-01-31T00:59:01.882Z,sell,1.285e-05,777.0,0.00998445
RDN/BTC,1580432371403,2020-01-31T00:59:31.403Z,sell,1.291e-05,5738.0,0.07407758
RDN/BTC,1580432383149,2020-01-31T00:59:43.149Z,sell,1.291e-05,426.0,0.00549966
RDN/BTC,1580432396102,2020-01-31T00:59:56.102Z,sell,1.291e-05,3833.0,0.04948403
RDN/BTC,1580432396102,2020-01-31T00:59:56.102Z,sell,1.291e-05,3833.0,0.04948403
RDN/BTC,1580432774339,2020-01-31T01:06:14.339Z,sell,1.291e-05,200.0,0.002582
RDN/BTC,1580432777009,2020-01-31T01:06:17.009Z,sell,1.291e-05,81.0,0.00104571
RDN/BTC,1580432777572,2020-01-31T01:06:17.572Z,sell,1.291e-05,90.0,0.0011619
RDN/BTC,1580433699968,2020-01-31T01:21:39.968Z,buy,1.299e-05,241.0,0.00313059
RDN/BTC,1580433700014,2020-01-31T01:21:40.014Z,sell,1.299e-05,62.0,0.00080538
RDN/BTC,1580433700090,2020-01-31T01:21:40.090Z,sell,1.299e-05,3512.0,0.045620879999999996
RDN/BTC,1580433700848,2020-01-31T01:21:40.848Z,sell,1.299e-05,14.0,0.00018186
RDN/BTC,1580433728096,2020-01-31T01:22:08.096Z,sell,1.299e-05,8.0,0.00010392
RDN/BTC,1580433728363,2020-01-31T01:22:08.363Z,sell,1.299e-05,3192.0,0.04146408
RDN/BTC,1580433736248,2020-01-31T01:22:16.248Z,sell,1.299e-05,3129.0,0.040645709999999995
RDN/BTC,1580434045717,2020-01-31T01:27:25.717Z,buy,1.299e-05,8.0,0.00010392
RDN/BTC,1580434045717,2020-01-31T01:27:25.717Z,buy,1.301e-05,1174.0,0.015273740000000001
RDN/BTC,1580434252652,2020-01-31T01:30:52.652Z,buy,1.302e-05,10.0,0.00013020000000000002
RDN/BTC,1580434333322,2020-01-31T01:32:13.322Z,buy,1.303e-05,11.0,0.00014333
RDN/BTC,1580434530392,2020-01-31T01:35:30.392Z,sell,1.299e-05,45.0,0.00058455
RDN/BTC,1580434530952,2020-01-31T01:35:30.952Z,sell,1.299e-05,51.0,0.00066249
RDN/BTC,1580434547185,2020-01-31T01:35:47.185Z,sell,1.299e-05,15.0,0.00019485
RDN/BTC,1580434678137,2020-01-31T01:37:58.137Z,sell,1.299e-05,57.0,0.0007404299999999999
RDN/BTC,1580435262108,2020-01-31T01:47:42.108Z,buy,1.303e-05,365.0,0.00475595
RDN/BTC,1580435273113,2020-01-31T01:47:53.113Z,buy,1.304e-05,1122.0,0.01463088
RDN/BTC,1580435612563,2020-01-31T01:53:32.563Z,buy,1.304e-05,73.0,0.0009519200000000001
RDN/BTC,1580435694051,2020-01-31T01:54:54.051Z,buy,1.304e-05,27.0,0.00035208
RDN/BTC,1580435735223,2020-01-31T01:55:35.223Z,sell,1.299e-05,5103.0,0.06628797
RDN/BTC,1580435737206,2020-01-31T01:55:37.206Z,buy,1.299e-05,200.0,0.002598
RDN/BTC,1580435738121,2020-01-31T01:55:38.121Z,buy,1.299e-05,200.0,0.002598
RDN/BTC,1580435738943,2020-01-31T01:55:38.943Z,buy,1.299e-05,200.0,0.002598
RDN/BTC,1580435739222,2020-01-31T01:55:39.222Z,buy,1.299e-05,252.0,0.0032734799999999996
RDN/BTC,1580435746754,2020-01-31T01:55:46.754Z,buy,1.293e-05,53.0,0.00068529
RDN/BTC,1580435746754,2020-01-31T01:55:46.754Z,buy,1.299e-05,45.0,0.00058455
RDN/BTC,1580435746754,2020-01-31T01:55:46.754Z,buy,1.302e-05,102.0,0.0013280400000000002
RDN/BTC,1580435747533,2020-01-31T01:55:47.533Z,buy,1.301e-05,200.0,0.002602
RDN/BTC,1580435748335,2020-01-31T01:55:48.335Z,buy,1.301e-05,200.0,0.002602
RDN/BTC,1580435749259,2020-01-31T01:55:49.259Z,buy,1.301e-05,10.0,0.00013010000000000002
RDN/BTC,1580435749259,2020-01-31T01:55:49.259Z,buy,1.302e-05,190.0,0.0024738
RDN/BTC,1580435768032,2020-01-31T01:56:08.032Z,buy,1.299e-05,8.0,0.00010392
RDN/BTC,1580435768032,2020-01-31T01:56:08.032Z,buy,1.299e-05,8.0,0.00010392
RDN/BTC,1580436162062,2020-01-31T02:02:42.062Z,sell,1.296e-05,81.0,0.00104976
RDN/BTC,1580436162583,2020-01-31T02:02:42.583Z,buy,1.299e-05,114.0,0.0014808599999999999
RDN/BTC,1580436162719,2020-01-31T02:02:42.719Z,sell,1.296e-05,89.0,0.00115344
RDN/BTC,1580436178655,2020-01-31T02:02:58.655Z,sell,1.296e-05,771.0,0.00999216
RDN/BTC,1580436475394,2020-01-31T02:07:55.394Z,buy,1.301e-05,3515.0,0.045730150000000004
RDN/BTC,1580436475660,2020-01-31T02:07:55.660Z,buy,1.301e-05,500.0,0.006505
RDN/BTC,1580436475660,2020-01-31T02:07:55.660Z,buy,1.301e-05,600.0,0.0078060000000000004
RDN/BTC,1580436647927,2020-01-31T02:10:47.927Z,buy,1.304e-05,602.0,0.00785008
RDN/BTC,1580436647927,2020-01-31T02:10:47.927Z,buy,1.306e-05,1828.0,0.02387368
RDN/BTC,1580436648467,2020-01-31T02:10:48.467Z,buy,1.305e-05,600.0,0.00783
RDN/BTC,1580436732433,2020-01-31T02:12:12.433Z,sell,1.296e-05,11.0,0.00014256
RDN/BTC,1580436732433,2020-01-31T02:12:12.433Z,sell,1.295e-05,364.0,0.0047138
RDN/BTC,1580436732433,2020-01-31T02:12:12.433Z,sell,1.293e-05,389.0,0.00502977
RDN/BTC,1580436747764,2020-01-31T02:12:27.764Z,sell,1.293e-05,773.0,0.00999489
RDN/BTC,1580437465739,2020-01-31T02:24:25.739Z,buy,1.304e-05,2.0,2.608e-05
RDN/BTC,1580437468124,2020-01-31T02:24:28.124Z,buy,1.299e-05,182.0,0.00236418
RDN/BTC,1580437468299,2020-01-31T02:24:28.299Z,buy,1.299e-05,200.0,0.002598
RDN/BTC,1580437659199,2020-01-31T02:27:39.199Z,buy,1.299e-05,196.0,0.00254604
RDN/BTC,1580438393209,2020-01-31T02:39:53.209Z,buy,1.299e-05,130.0,0.0016887
