symbol,timestamp,datetime,side,price,amount,btc_volume
SNM/BTC,1637254896828,2021-11-18T17:01:36.828Z,sell,7.87e-06,1017.0,0.008003789999999998
SNM/BTC,1637254900724,2021-11-18T17:01:40.724Z,sell,7.87e-06,245.0,0.0019281499999999998
SNM/BTC,1637254917096,2021-11-18T17:01:57.096Z,sell,7.87e-06,62.0,0.00048793999999999997
SNM/BTC,1637254943452,2021-11-18T17:02:23.452Z,sell,7.87e-06,2777.0,0.021854989999999998
SNM/BTC,1637254943452,2021-11-18T17:02:23.452Z,sell,7.86e-06,676.0,0.00531336
SNM/BTC,1637254943452,2021-11-18T17:02:23.452Z,sell,7.85e-06,3554.0,0.027898899999999997
SNM/BTC,1637254943452,2021-11-18T17:02:23.452Z,sell,7.84e-06,145.0,0.0011367999999999999
SNM/BTC,1637254944818,2021-11-18T17:02:24.818Z,buy,7.86e-06,38.0,0.00029867999999999995
SNM/BTC,1637254951501,2021-11-18T17:02:31.501Z,buy,7.86e-06,92.0,0.00072312
SNM/BTC,1637254951501,2021-11-18T17:02:31.501Z,buy,7.87e-06,13.0,0.00010230999999999999
SNM/BTC,1637254951501,2021-11-18T17:02:31.501Z,buy,7.88e-06,375.0,0.002955
SNM/BTC,1637254953427,2021-11-18T17:02:33.427Z,sell,7.85e-06,288.0,0.0022608
SNM/BTC,1637254953427,2021-11-18T17:02:33.427Z,sell,7.84e-06,411.0,0.00322224
SNM/BTC,1637254956679,2021-11-18T17:02:36.679Z,sell,7.84e-06,200.0,0.001568
SNM/BTC,1637254967286,2021-11-18T17:02:47.286Z,sell,7.85e-06,93.0,0.00073005
SNM/BTC,1637254967286,2021-11-18T17:02:47.286Z,sell,7.84e-06,2958.0,0.023190719999999998
SNM/BTC,1637254986964,2021-11-18T17:03:06.964Z,buy,7.86e-06,47.0,0.00036941999999999997
SNM/BTC,1637255013348,2021-11-18T17:03:33.348Z,buy,7.86e-06,212.0,0.0016663199999999998
SNM/BTC,1637255040820,2021-11-18T17:04:00.820Z,buy,7.88e-06,553.0,0.00435764
SNM/BTC,1637255093717,2021-11-18T17:04:53.717Z,buy,7.88e-06,39.0,0.00030732000000000003
SNM/BTC,1637255132862,2021-11-18T17:05:32.862Z,buy,7.87e-06,958.0,0.0075394599999999996
SNM/BTC,1637255132862,2021-11-18T17:05:32.862Z,buy,7.88e-06,1930.0,0.015208400000000002
SNM/BTC,1637255134512,2021-11-18T17:05:34.512Z,sell,7.87e-06,1097.0,0.00863339
SNM/BTC,1637255134512,2021-11-18T17:05:34.512Z,sell,7.86e-06,3371.0,0.02649606
SNM/BTC,1637255151118,2021-11-18T17:05:51.118Z,buy,7.88e-06,1817.0,0.014317960000000001
SNM/BTC,1637255201135,2021-11-18T17:06:41.135Z,sell,7.88e-06,2049.0,0.01614612
SNM/BTC,1637255251776,2021-11-18T17:07:31.776Z,sell,7.88e-06,375.0,0.002955
SNM/BTC,1637255281261,2021-11-18T17:08:01.261Z,buy,7.89e-06,499.0,0.003937110000000001
SNM/BTC,1637255284372,2021-11-18T17:08:04.372Z,buy,7.89e-06,40.0,0.00031560000000000003
SNM/BTC,1637255294593,2021-11-18T17:08:14.593Z,sell,7.89e-06,110.0,0.0008679000000000001
SNM/BTC,1637255294603,2021-11-18T17:08:14.603Z,sell,7.89e-06,247.0,0.0019488300000000001
SNM/BTC,1637255310948,2021-11-18T17:08:30.948Z,buy,7.89e-06,247.0,0.0019488300000000001
SNM/BTC,1637255316105,2021-11-18T17:08:36.105Z,sell,7.89e-06,247.0,0.0019488300000000001
SNM/BTC,1637255316105,2021-11-18T17:08:36.105Z,sell,7.88e-06,8743.0,0.06889484000000001
SNM/BTC,1637255332869,2021-11-18T17:08:52.869Z,sell,7.88e-06,2556.0,0.02014128
SNM/BTC,1637255394193,2021-11-18T17:09:54.193Z,sell,7.84e-06,29.0,0.00022736
SNM/BTC,1637255412390,2021-11-18T17:10:12.390Z,sell,7.84e-06,1655.0,0.0129752
SNM/BTC,1637255412397,2021-11-18T17:10:12.397Z,buy,7.84e-06,1265.0,0.009917599999999999
SNM/BTC,1637255412403,2021-11-18T17:10:12.403Z,buy,7.84e-06,574.0,0.00450016
SNM/BTC,1637255432721,2021-11-18T17:10:32.721Z,sell,7.83e-06,1528.0,0.01196424
SNM/BTC,1637255432721,2021-11-18T17:10:32.721Z,sell,7.83e-06,58.0,0.00045413999999999996
SNM/BTC,1637255432721,2021-11-18T17:10:32.721Z,sell,7.82e-06,730.0,0.0057085999999999994
SNM/BTC,1637255432739,2021-11-18T17:10:32.739Z,sell,7.81e-06,5072.0,0.03961232
SNM/BTC,1637255434051,2021-11-18T17:10:34.051Z,buy,7.82e-06,57.0,0.00044573999999999997
SNM/BTC,1637255463178,2021-11-18T17:11:03.178Z,sell,7.8e-06,57.0,0.00044459999999999996
SNM/BTC,1637255470644,2021-11-18T17:11:10.644Z,sell,7.8e-06,579.0,0.0045162
SNM/BTC,1637255475378,2021-11-18T17:11:15.378Z,sell,7.8e-06,1033.0,0.0080574
SNM/BTC,1637255482305,2021-11-18T17:11:22.305Z,sell,7.8e-06,1030.0,0.008034
SNM/BTC,1637255517955,2021-11-18T17:11:57.955Z,buy,7.82e-06,91.0,0.0007116199999999999
SNM/BTC,1637255521324,2021-11-18T17:12:01.324Z,sell,7.8e-06,201.0,0.0015678
SNM/BTC,1637255527905,2021-11-18T17:12:07.905Z,sell,7.8e-06,15524.0,0.12108719999999999
SNM/BTC,1637255554528,2021-11-18T17:12:34.528Z,sell,7.8e-06,223.0,0.0017393999999999999
SNM/BTC,1637255597064,2021-11-18T17:13:17.064Z,sell,7.8e-06,743.0,0.0057954
SNM/BTC,1637255606218,2021-11-18T17:13:26.218Z,sell,7.8e-06,370.0,0.002886
SNM/BTC,1637255626434,2021-11-18T17:13:46.434Z,sell,7.8e-06,2029.0,0.0158262
SNM/BTC,1637255635334,2021-11-18T17:13:55.334Z,sell,7.8e-06,54.0,0.0004212
SNM/BTC,1637255636466,2021-11-18T17:13:56.466Z,buy,7.82e-06,81.0,0.00063342
SNM/BTC,1637255654801,2021-11-18T17:14:14.801Z,sell,7.8e-06,100.0,0.00078
SNM/BTC,1637255698361,2021-11-18T17:14:58.361Z,buy,7.82e-06,9037.0,0.07066934
SNM/BTC,1637255699706,2021-11-18T17:14:59.706Z,sell,7.8e-06,881.0,0.0068718
SNM/BTC,1637255725532,2021-11-18T17:15:25.532Z,sell,7.8e-06,3611.0,0.028165799999999998
SNM/BTC,1637255747541,2021-11-18T17:15:47.541Z,buy,7.82e-06,2963.0,0.02317066
SNM/BTC,1637255771377,2021-11-18T17:16:11.377Z,buy,7.82e-06,20.0,0.0001564
SNM/BTC,1637255774728,2021-11-18T17:16:14.728Z,buy,7.82e-06,22.0,0.00017203999999999999
SNM/BTC,1637255778360,2021-11-18T17:16:18.360Z,buy,7.82e-06,74.0,0.0005786799999999999
SNM/BTC,1637255782890,2021-11-18T17:16:22.890Z,buy,7.82e-06,14.0,0.00010947999999999999
SNM/BTC,1637255787379,2021-11-18T17:16:27.379Z,sell,7.8e-06,973.0,0.0075894
SNM/BTC,1637255789233,2021-11-18T17:16:29.233Z,buy,7.82e-06,257.0,0.00200974
SNM/BTC,1637255792257,2021-11-18T17:16:32.257Z,buy,7.82e-06,20.0,0.0001564
SNM/BTC,1637255802123,2021-11-18T17:16:42.123Z,buy,7.82e-06,773.0,0.00604486
SNM/BTC,1637255804227,2021-11-18T17:16:44.227Z,buy,7.82e-06,50.0,0.00039099999999999996
SNM/BTC,1637255818085,2021-11-18T17:16:58.085Z,buy,7.82e-06,68.0,0.0005317599999999999
SNM/BTC,1637255825508,2021-11-18T17:17:05.508Z,buy,7.82e-06,3981.0,0.03113142
SNM/BTC,1637255839994,2021-11-18T17:17:19.994Z,buy,7.82e-06,15516.0,0.12133511999999999
SNM/BTC,1637255874514,2021-11-18T17:17:54.514Z,buy,7.82e-06,40.0,0.0003128
SNM/BTC,1637255882263,2021-11-18T17:18:02.263Z,buy,7.82e-06,32.0,0.00025024
SNM/BTC,1637255896497,2021-11-18T17:18:16.497Z,buy,7.82e-06,8844.0,0.06916008
SNM/BTC,1637255903109,2021-11-18T17:18:23.109Z,buy,7.82e-06,36.0,0.00028152
SNM/BTC,1637255905947,2021-11-18T17:18:25.947Z,buy,7.82e-06,120.0,0.0009383999999999999
SNM/BTC,1637255909194,2021-11-18T17:18:29.194Z,buy,7.82e-06,90.0,0.0007038
SNM/BTC,1637255912122,2021-11-18T17:18:32.122Z,buy,7.82e-06,38.0,0.00029716
SNM/BTC,1637255919346,2021-11-18T17:18:39.346Z,buy,7.82e-06,14.0,0.00010947999999999999
SNM/BTC,1637255922948,2021-11-18T17:18:42.948Z,buy,7.82e-06,15469.0,0.12096757999999999
SNM/BTC,1637255938962,2021-11-18T17:18:58.962Z,buy,7.82e-06,6633.0,0.051870059999999996
SNM/BTC,1637255938977,2021-11-18T17:18:58.977Z,buy,7.82e-06,717.0,0.0056069399999999995
SNM/BTC,1637255942653,2021-11-18T17:19:02.653Z,buy,7.82e-06,6633.0,0.051870059999999996
SNM/BTC,1637255942660,2021-11-18T17:19:02.660Z,buy,7.82e-06,61.0,0.00047702
SNM/BTC,1637255962166,2021-11-18T17:19:22.166Z,buy,7.82e-06,444.0,0.00347208
SNM/BTC,1637255966848,2021-11-18T17:19:26.848Z,buy,7.82e-06,49.0,0.00038318
SNM/BTC,1637255971567,2021-11-18T17:19:31.567Z,sell,7.8e-06,44.0,0.0003432
SNM/BTC,1637255985353,2021-11-18T17:19:45.353Z,buy,7.82e-06,1563.0,0.01222266
SNM/BTC,1637255985361,2021-11-18T17:19:45.361Z,buy,7.82e-06,2801.0,0.021903819999999997
SNM/BTC,1637255985620,2021-11-18T17:19:45.620Z,buy,7.83e-06,253.0,0.0019809899999999997
SNM/BTC,1637255988776,2021-11-18T17:19:48.776Z,sell,7.81e-06,908.0,0.00709148
SNM/BTC,1637256015793,2021-11-18T17:20:15.793Z,sell,7.83e-06,691.0,0.005410529999999999
SNM/BTC,1637256015793,2021-11-18T17:20:15.793Z,sell,7.82e-06,42.0,0.00032844
SNM/BTC,1637256042535,2021-11-18T17:20:42.535Z,sell,7.82e-06,267.0,0.00208794
SNM/BTC,1637256048516,2021-11-18T17:20:48.516Z,buy,7.85e-06,256.0,0.0020096
SNM/BTC,1637256086683,2021-11-18T17:21:26.683Z,buy,7.86e-06,200.0,0.0015719999999999998
SNM/BTC,1637256123528,2021-11-18T17:22:03.528Z,sell,7.83e-06,22.0,0.00017225999999999998
SNM/BTC,1637256137149,2021-11-18T17:22:17.149Z,sell,7.83e-06,411.0,0.00321813
SNM/BTC,1637256140520,2021-11-18T17:22:20.520Z,buy,7.86e-06,47.0,0.00036941999999999997
SNM/BTC,1637256140520,2021-11-18T17:22:20.520Z,buy,7.87e-06,21.0,0.00016527
SNM/BTC,1637256164670,2021-11-18T17:22:44.670Z,buy,7.87e-06,50.0,0.00039349999999999997
SNM/BTC,1637256193100,2021-11-18T17:23:13.100Z,buy,7.87e-06,24.0,0.00018888
SNM/BTC,1637256205145,2021-11-18T17:23:25.145Z,buy,7.84e-06,81.0,0.0006350399999999999
SNM/BTC,1637256208962,2021-11-18T17:23:28.962Z,buy,7.84e-06,255.0,0.0019992
SNM/BTC,1637256223167,2021-11-18T17:23:43.167Z,sell,7.84e-06,80.0,0.0006272
SNM/BTC,1637256223167,2021-11-18T17:23:43.167Z,sell,7.83e-06,1018.0,0.00797094
SNM/BTC,1637256223167,2021-11-18T17:23:43.167Z,sell,7.82e-06,17082.0,0.13358124
SNM/BTC,1637256225987,2021-11-18T17:23:45.987Z,sell,7.82e-06,295.0,0.0023068999999999997
SNM/BTC,1637256265070,2021-11-18T17:24:25.070Z,buy,7.84e-06,205.0,0.0016071999999999998
SNM/BTC,1637256279664,2021-11-18T17:24:39.664Z,buy,7.84e-06,54.0,0.00042335999999999996
SNM/BTC,1637256282324,2021-11-18T17:24:42.324Z,buy,7.84e-06,41.0,0.00032144
SNM/BTC,1637256286692,2021-11-18T17:24:46.692Z,buy,7.84e-06,44.0,0.00034495999999999995
SNM/BTC,1637256290174,2021-11-18T17:24:50.174Z,buy,7.84e-06,77.0,0.00060368
SNM/BTC,1637256321229,2021-11-18T17:25:21.229Z,buy,7.84e-06,674.0,0.0052841599999999996
SNM/BTC,1637256324820,2021-11-18T17:25:24.820Z,sell,7.84e-06,111.0,0.00087024
SNM/BTC,1637256325090,2021-11-18T17:25:25.090Z,sell,7.84e-06,288.0,0.00225792
SNM/BTC,1637256335806,2021-11-18T17:25:35.806Z,buy,7.87e-06,425.0,0.0033447499999999996
SNM/BTC,1637256335806,2021-11-18T17:25:35.806Z,buy,7.88e-06,119.0,0.0009377200000000001
SNM/BTC,1637256335806,2021-11-18T17:25:35.806Z,buy,7.89e-06,371.0,0.00292719
SNM/BTC,1637256341608,2021-11-18T17:25:41.608Z,buy,7.89e-06,302.0,0.00238278
SNM/BTC,1637256341608,2021-11-18T17:25:41.608Z,buy,7.9e-06,667.0,0.0052693
SNM/BTC,1637256397580,2021-11-18T17:26:37.580Z,buy,7.9e-06,38.0,0.00030020000000000003
SNM/BTC,1637256397580,2021-11-18T17:26:37.580Z,buy,7.91e-06,39.0,0.00030849
SNM/BTC,1637256407555,2021-11-18T17:26:47.555Z,buy,7.91e-06,591.0,0.004674810000000001
SNM/BTC,1637256409304,2021-11-18T17:26:49.304Z,buy,7.91e-06,571.0,0.00451661
SNM/BTC,1637256409304,2021-11-18T17:26:49.304Z,buy,7.92e-06,1054.0,0.00834768
SNM/BTC,1637256422660,2021-11-18T17:27:02.660Z,buy,7.93e-06,731.0,0.00579683
SNM/BTC,1637256437564,2021-11-18T17:27:17.564Z,buy,7.94e-06,496.0,0.00393824
SNM/BTC,1637256437564,2021-11-18T17:27:17.564Z,buy,7.95e-06,872.0,0.0069324
SNM/BTC,1637256439025,2021-11-18T17:27:19.025Z,sell,7.94e-06,1072.0,0.00851168
SNM/BTC,1637256443298,2021-11-18T17:27:23.298Z,sell,7.94e-06,6.0,4.764e-05
SNM/BTC,1637256450677,2021-11-18T17:27:30.677Z,sell,7.93e-06,252.0,0.0019983600000000002
SNM/BTC,1637256455409,2021-11-18T17:27:35.409Z,buy,7.94e-06,1374.0,0.01090956
SNM/BTC,1637256464153,2021-11-18T17:27:44.153Z,sell,7.93e-06,252.0,0.0019983600000000002
SNM/BTC,1637256469572,2021-11-18T17:27:49.572Z,sell,7.92e-06,461.0,0.0036511200000000003
SNM/BTC,1637256474960,2021-11-18T17:27:54.960Z,buy,7.94e-06,1444.0,0.01146536
SNM/BTC,1637256478724,2021-11-18T17:27:58.724Z,sell,7.92e-06,5527.0,0.04377384
SNM/BTC,1637256502510,2021-11-18T17:28:22.510Z,buy,7.94e-06,1512.0,0.01200528
SNM/BTC,1637256502510,2021-11-18T17:28:22.510Z,buy,7.95e-06,1014.0,0.0080613
SNM/BTC,1637256506607,2021-11-18T17:28:26.607Z,sell,7.92e-06,1349.0,0.01068408
SNM/BTC,1637256515792,2021-11-18T17:28:35.792Z,sell,7.93e-06,1200.0,0.009516
SNM/BTC,1637256525761,2021-11-18T17:28:45.761Z,buy,7.94e-06,507.0,0.00402558
SNM/BTC,1637256525761,2021-11-18T17:28:45.761Z,buy,7.96e-06,1015.0,0.0080794
SNM/BTC,1637256525761,2021-11-18T17:28:45.761Z,buy,7.97e-06,540.0,0.0043038
SNM/BTC,1637256525761,2021-11-18T17:28:45.761Z,buy,7.98e-06,496.0,0.00395808
SNM/BTC,1637256551112,2021-11-18T17:29:11.112Z,buy,7.97e-06,203.0,0.00161791
SNM/BTC,1637256551112,2021-11-18T17:29:11.112Z,buy,7.98e-06,500.0,0.00399
SNM/BTC,1637256551112,2021-11-18T17:29:11.112Z,buy,7.99e-06,1080.0,0.0086292
SNM/BTC,1637256551112,2021-11-18T17:29:11.112Z,buy,8e-06,318.0,0.002544
SNM/BTC,1637256551112,2021-11-18T17:29:11.112Z,buy,8.01e-06,451.0,0.0036125099999999998
SNM/BTC,1637256553386,2021-11-18T17:29:13.386Z,buy,8e-06,1180.0,0.009439999999999999
SNM/BTC,1637256553386,2021-11-18T17:29:13.386Z,buy,8.01e-06,78.0,0.0006247799999999999
SNM/BTC,1637256553386,2021-11-18T17:29:13.386Z,buy,8.02e-06,73.0,0.00058546
SNM/BTC,1637256565469,2021-11-18T17:29:25.469Z,sell,7.97e-06,91.0,0.00072527
SNM/BTC,1637256570796,2021-11-18T17:29:30.796Z,buy,7.97e-06,50.0,0.0003985
SNM/BTC,1637256595229,2021-11-18T17:29:55.229Z,sell,7.96e-06,1853.0,0.01474988
SNM/BTC,1637256595461,2021-11-18T17:29:55.461Z,sell,7.95e-06,54.0,0.0004293
SNM/BTC,1637256595668,2021-11-18T17:29:55.668Z,buy,7.96e-06,67.0,0.00053332
SNM/BTC,1637256609370,2021-11-18T17:30:09.370Z,sell,7.94e-06,380.0,0.0030172000000000003
SNM/BTC,1637256609370,2021-11-18T17:30:09.370Z,sell,7.93e-06,374.0,0.00296582
SNM/BTC,1637256609370,2021-11-18T17:30:09.370Z,sell,7.92e-06,1295.0,0.0102564
SNM/BTC,1637256609370,2021-11-18T17:30:09.370Z,sell,7.91e-06,80.0,0.0006328
SNM/BTC,1637256609370,2021-11-18T17:30:09.370Z,sell,7.9e-06,356.0,0.0028124
SNM/BTC,1637256609370,2021-11-18T17:30:09.370Z,sell,7.89e-06,1804.0,0.014233560000000001
SNM/BTC,1637256609370,2021-11-18T17:30:09.370Z,sell,7.88e-06,475.0,0.0037430000000000002
SNM/BTC,1637256609370,2021-11-18T17:30:09.370Z,sell,7.87e-06,681.0,0.00535947
SNM/BTC,1637256609370,2021-11-18T17:30:09.370Z,sell,7.86e-06,541.0,0.00425226
SNM/BTC,1637256609370,2021-11-18T17:30:09.370Z,sell,7.85e-06,313.0,0.0024570499999999997
SNM/BTC,1637256609370,2021-11-18T17:30:09.370Z,sell,7.84e-06,2310.0,0.0181104
SNM/BTC,1637256614036,2021-11-18T17:30:14.036Z,sell,7.87e-06,38.0,0.00029905999999999997
SNM/BTC,1637256614036,2021-11-18T17:30:14.036Z,sell,7.86e-06,623.0,0.00489678
SNM/BTC,1637256614047,2021-11-18T17:30:14.047Z,sell,7.86e-06,622.0,0.00488892
SNM/BTC,1637256652809,2021-11-18T17:30:52.809Z,buy,7.87e-06,53.0,0.00041710999999999994
SNM/BTC,1637256662250,2021-11-18T17:31:02.250Z,buy,7.88e-06,196.0,0.0015444800000000002
SNM/BTC,1637256662928,2021-11-18T17:31:02.928Z,buy,7.88e-06,55.0,0.0004334
SNM/BTC,1637256664716,2021-11-18T17:31:04.716Z,buy,7.89e-06,1348.0,0.010635720000000001
SNM/BTC,1637256666248,2021-11-18T17:31:06.248Z,buy,7.89e-06,962.0,0.007590180000000001
SNM/BTC,1637256667612,2021-11-18T17:31:07.612Z,buy,7.9e-06,338.0,0.0026702
SNM/BTC,1637256684422,2021-11-18T17:31:24.422Z,sell,7.88e-06,253.0,0.00199364
SNM/BTC,1637256684422,2021-11-18T17:31:24.422Z,sell,7.87e-06,1978.0,0.015566859999999998
SNM/BTC,1637256684422,2021-11-18T17:31:24.422Z,sell,7.86e-06,4226.0,0.03321636
SNM/BTC,1637256684991,2021-11-18T17:31:24.991Z,buy,7.91e-06,374.0,0.0029583400000000003
SNM/BTC,1637256684991,2021-11-18T17:31:24.991Z,buy,7.92e-06,79.0,0.00062568
SNM/BTC,1637256684991,2021-11-18T17:31:24.991Z,buy,7.93e-06,524.0,0.0041553200000000005
SNM/BTC,1637256684991,2021-11-18T17:31:24.991Z,buy,7.94e-06,30.0,0.00023820000000000002
SNM/BTC,1637256690448,2021-11-18T17:31:30.448Z,buy,7.94e-06,250.0,0.0019850000000000002
SNM/BTC,1637256694643,2021-11-18T17:31:34.643Z,buy,7.94e-06,63.0,0.00050022
SNM/BTC,1637256697030,2021-11-18T17:31:37.030Z,buy,7.94e-06,15.0,0.00011910000000000001
SNM/BTC,1637256702486,2021-11-18T17:31:42.486Z,buy,7.94e-06,803.0,0.00637582
SNM/BTC,1637256715300,2021-11-18T17:31:55.300Z,sell,7.94e-06,268.0,0.00212792
SNM/BTC,1637256763087,2021-11-18T17:32:43.087Z,sell,7.9e-06,17.0,0.0001343
SNM/BTC,1637256767494,2021-11-18T17:32:47.494Z,sell,7.9e-06,13.0,0.0001027
SNM/BTC,1637256786042,2021-11-18T17:33:06.042Z,sell,7.91e-06,63.0,0.0004983300000000001
SNM/BTC,1637256786042,2021-11-18T17:33:06.042Z,sell,7.9e-06,3929.0,0.031039100000000003
SNM/BTC,1637256786042,2021-11-18T17:33:06.042Z,sell,7.89e-06,497.0,0.003921330000000001
SNM/BTC,1637256786042,2021-11-18T17:33:06.042Z,sell,7.88e-06,354.0,0.00278952
SNM/BTC,1637256788917,2021-11-18T17:33:08.917Z,sell,7.91e-06,526.0,0.00416066
SNM/BTC,1637256810657,2021-11-18T17:33:30.657Z,buy,7.91e-06,25.0,0.00019775
SNM/BTC,1637256829400,2021-11-18T17:33:49.400Z,buy,7.91e-06,161.0,0.00127351
SNM/BTC,1637256845927,2021-11-18T17:34:05.927Z,buy,7.91e-06,552.0,0.00436632
SNM/BTC,1637256845937,2021-11-18T17:34:05.937Z,buy,7.91e-06,65.0,0.00051415
SNM/BTC,1637256845938,2021-11-18T17:34:05.938Z,buy,7.91e-06,118.0,0.00093338
SNM/BTC,1637256862413,2021-11-18T17:34:22.413Z,sell,7.89e-06,14.0,0.00011046000000000001
SNM/BTC,1637256895115,2021-11-18T17:34:55.115Z,buy,7.9e-06,24.0,0.0001896
SNM/BTC,1637256895155,2021-11-18T17:34:55.155Z,buy,7.93e-06,342.0,0.00271206
SNM/BTC,1637256921871,2021-11-18T17:35:21.871Z,buy,7.94e-06,377.0,0.00299338
SNM/BTC,1637256921871,2021-11-18T17:35:21.871Z,buy,7.95e-06,1115.0,0.00886425
SNM/BTC,1637256921871,2021-11-18T17:35:21.871Z,buy,7.96e-06,165.0,0.0013134
SNM/BTC,1637256921871,2021-11-18T17:35:21.871Z,buy,7.97e-06,491.0,0.00391327
SNM/BTC,1637256934324,2021-11-18T17:35:34.324Z,buy,7.97e-06,1296.0,0.01032912
SNM/BTC,1637256934333,2021-11-18T17:35:34.333Z,buy,7.98e-06,727.0,0.00580146
SNM/BTC,1637256936767,2021-11-18T17:35:36.767Z,sell,7.98e-06,250.0,0.001995
SNM/BTC,1637256937325,2021-11-18T17:35:37.325Z,sell,7.97e-06,89.0,0.00070933
SNM/BTC,1637256942318,2021-11-18T17:35:42.318Z,sell,7.98e-06,49.0,0.00039102
SNM/BTC,1637256942318,2021-11-18T17:35:42.318Z,sell,7.97e-06,7282.0,0.05803754
SNM/BTC,1637256958154,2021-11-18T17:35:58.154Z,buy,7.99e-06,854.0,0.00682346
SNM/BTC,1637256958154,2021-11-18T17:35:58.154Z,buy,8e-06,332.0,0.002656
SNM/BTC,1637256976949,2021-11-18T17:36:16.949Z,sell,7.98e-06,12.0,9.575999999999999e-05
SNM/BTC,1637256995565,2021-11-18T17:36:35.565Z,sell,7.98e-06,238.0,0.00189924
SNM/BTC,1637256995565,2021-11-18T17:36:35.565Z,sell,7.97e-06,7094.0,0.05653918
SNM/BTC,1637257002346,2021-11-18T17:36:42.346Z,buy,7.97e-06,161.0,0.00128317
SNM/BTC,1637257002364,2021-11-18T17:36:42.364Z,sell,7.97e-06,905.0,0.00721285
SNM/BTC,1637257002375,2021-11-18T17:36:42.375Z,sell,7.97e-06,1163.0,0.00926911
SNM/BTC,1637257011378,2021-11-18T17:36:51.378Z,sell,7.97e-06,3095.0,0.02466715
SNM/BTC,1637257015127,2021-11-18T17:36:55.127Z,sell,7.97e-06,1355.0,0.01079935
SNM/BTC,1637257024246,2021-11-18T17:37:04.246Z,sell,7.97e-06,322.0,0.00256634
SNM/BTC,1637257080617,2021-11-18T17:38:00.617Z,buy,7.98e-06,130.0,0.0010374
SNM/BTC,1637257081855,2021-11-18T17:38:01.855Z,sell,7.97e-06,800.0,0.006376
SNM/BTC,1637257097080,2021-11-18T17:38:17.080Z,sell,7.97e-06,300.0,0.002391
SNM/BTC,1637257144950,2021-11-18T17:39:04.950Z,sell,7.97e-06,351.0,0.00279747
SNM/BTC,1637257176291,2021-11-18T17:39:36.291Z,sell,7.97e-06,189.0,0.00150633
SNM/BTC,1637257188478,2021-11-18T17:39:48.478Z,buy,7.98e-06,666.0,0.00531468
SNM/BTC,1637257188478,2021-11-18T17:39:48.478Z,buy,7.99e-06,275.0,0.00219725
SNM/BTC,1637257195262,2021-11-18T17:39:55.262Z,sell,7.99e-06,2366.0,0.01890434
SNM/BTC,1637257195268,2021-11-18T17:39:55.268Z,sell,7.99e-06,612.0,0.00488988
SNM/BTC,1637257195268,2021-11-18T17:39:55.268Z,sell,7.98e-06,276.0,0.00220248
SNM/BTC,1637257196517,2021-11-18T17:39:56.517Z,buy,7.98e-06,188.0,0.00150024
SNM/BTC,1637257203915,2021-11-18T17:40:03.915Z,sell,7.97e-06,743.0,0.00592171
SNM/BTC,1637257210353,2021-11-18T17:40:10.353Z,sell,7.97e-06,47.0,0.00037459
SNM/BTC,1637257210907,2021-11-18T17:40:10.907Z,buy,7.98e-06,14.0,0.00011172
SNM/BTC,1637257210907,2021-11-18T17:40:10.907Z,buy,7.99e-06,1431.0,0.01143369
SNM/BTC,1637257218252,2021-11-18T17:40:18.252Z,sell,7.98e-06,96.0,0.0007660799999999999
SNM/BTC,1637257218252,2021-11-18T17:40:18.252Z,sell,7.97e-06,105.0,0.00083685
SNM/BTC,1637257221951,2021-11-18T17:40:21.951Z,buy,7.99e-06,161.0,0.0012863899999999999
SNM/BTC,1637257232471,2021-11-18T17:40:32.471Z,buy,7.99e-06,75.0,0.00059925
SNM/BTC,1637257237961,2021-11-18T17:40:37.961Z,buy,7.99e-06,81.0,0.00064719
SNM/BTC,1637257240751,2021-11-18T17:40:40.751Z,sell,7.97e-06,14717.0,0.11729449
SNM/BTC,1637257240758,2021-11-18T17:40:40.758Z,sell,7.95e-06,271.0,0.00215445
SNM/BTC,1637257241268,2021-11-18T17:40:41.268Z,buy,7.96e-06,263.0,0.00209348
SNM/BTC,1637257273114,2021-11-18T17:41:13.114Z,sell,7.94e-06,380.0,0.0030172000000000003
SNM/BTC,1637257273114,2021-11-18T17:41:13.114Z,sell,7.93e-06,30.0,0.0002379
SNM/BTC,1637257275029,2021-11-18T17:41:15.029Z,sell,7.93e-06,344.0,0.00272792
SNM/BTC,1637257288461,2021-11-18T17:41:28.461Z,sell,7.92e-06,842.0,0.00666864
SNM/BTC,1637257303079,2021-11-18T17:41:43.079Z,sell,7.91e-06,80.0,0.0006328
SNM/BTC,1637257318390,2021-11-18T17:41:58.390Z,buy,7.91e-06,1304.0,0.01031464
SNM/BTC,1637257335153,2021-11-18T17:42:15.153Z,sell,7.9e-06,52.0,0.0004108
SNM/BTC,1637257369410,2021-11-18T17:42:49.410Z,sell,7.9e-06,170.0,0.001343
SNM/BTC,1637257387731,2021-11-18T17:43:07.731Z,sell,7.9e-06,147.0,0.0011613
SNM/BTC,1637257387731,2021-11-18T17:43:07.731Z,sell,7.89e-06,420.0,0.0033138000000000004
SNM/BTC,1637257387731,2021-11-18T17:43:07.731Z,sell,7.88e-06,736.0,0.005799680000000001
SNM/BTC,1637257394175,2021-11-18T17:43:14.175Z,buy,7.89e-06,96.0,0.0007574400000000001
SNM/BTC,1637257399941,2021-11-18T17:43:19.941Z,buy,7.9e-06,250.0,0.001975
SNM/BTC,1637257399941,2021-11-18T17:43:19.941Z,buy,7.91e-06,220.0,0.0017402000000000001
SNM/BTC,1637257424297,2021-11-18T17:43:44.297Z,buy,7.91e-06,1610.0,0.012735100000000001
SNM/BTC,1637257442113,2021-11-18T17:44:02.113Z,sell,7.88e-06,1640.0,0.012923200000000001
SNM/BTC,1637257442113,2021-11-18T17:44:02.113Z,sell,7.87e-06,1159.0,0.009121329999999999
SNM/BTC,1637257442113,2021-11-18T17:44:02.113Z,sell,7.86e-06,7201.0,0.056599859999999995
SNM/BTC,1637257445462,2021-11-18T17:44:05.462Z,buy,7.9e-06,47.0,0.0003713
SNM/BTC,1637257472251,2021-11-18T17:44:32.251Z,sell,7.87e-06,491.0,0.0038641699999999997
SNM/BTC,1637257472251,2021-11-18T17:44:32.251Z,sell,7.86e-06,694.0,0.00545484
SNM/BTC,1637257484129,2021-11-18T17:44:44.129Z,sell,7.86e-06,1740.0,0.013676399999999998
SNM/BTC,1637257491617,2021-11-18T17:44:51.617Z,sell,7.86e-06,229.0,0.0017999399999999999
SNM/BTC,1637257495129,2021-11-18T17:44:55.129Z,buy,7.89e-06,528.0,0.00416592
SNM/BTC,1637257565954,2021-11-18T17:46:05.954Z,sell,7.86e-06,81.0,0.0006366599999999999
SNM/BTC,1637257607477,2021-11-18T17:46:47.477Z,buy,7.87e-06,784.0,0.00617008
SNM/BTC,1637257610110,2021-11-18T17:46:50.110Z,sell,7.86e-06,178.0,0.0013990799999999998
SNM/BTC,1637257622990,2021-11-18T17:47:02.990Z,buy,7.88e-06,1631.0,0.01285228
SNM/BTC,1637257624852,2021-11-18T17:47:04.852Z,sell,7.87e-06,253.0,0.00199111
SNM/BTC,1637257624852,2021-11-18T17:47:04.852Z,sell,7.86e-06,4218.0,0.03315348
SNM/BTC,1637257629014,2021-11-18T17:47:09.014Z,buy,7.88e-06,70.0,0.0005516000000000001
SNM/BTC,1637257629017,2021-11-18T17:47:09.017Z,buy,7.88e-06,183.0,0.0014420400000000001
SNM/BTC,1637257629020,2021-11-18T17:47:09.020Z,buy,7.89e-06,763.0,0.006020070000000001
SNM/BTC,1637257643095,2021-11-18T17:47:23.095Z,buy,7.89e-06,1036.0,0.00817404
SNM/BTC,1637257643095,2021-11-18T17:47:23.095Z,buy,7.9e-06,106.0,0.0008374000000000001
SNM/BTC,1637257643095,2021-11-18T17:47:23.095Z,buy,7.91e-06,1379.0,0.01090789
SNM/BTC,1637257643095,2021-11-18T17:47:23.095Z,buy,7.92e-06,79.0,0.00062568
SNM/BTC,1637257643095,2021-11-18T17:47:23.095Z,buy,7.93e-06,613.0,0.00486109
SNM/BTC,1637257643095,2021-11-18T17:47:23.095Z,buy,7.94e-06,469.0,0.0037238600000000003
SNM/BTC,1637257643095,2021-11-18T17:47:23.095Z,buy,7.95e-06,356.0,0.0028302
SNM/BTC,1637257643095,2021-11-18T17:47:23.095Z,buy,7.96e-06,41.0,0.00032636
SNM/BTC,1637257647139,2021-11-18T17:47:27.139Z,sell,7.92e-06,95.0,0.0007524000000000001
SNM/BTC,1637257647139,2021-11-18T17:47:27.139Z,sell,7.89e-06,325.0,0.00256425
SNM/BTC,1637257647139,2021-11-18T17:47:27.139Z,sell,7.88e-06,345.0,0.0027186000000000003
SNM/BTC,1637257647139,2021-11-18T17:47:27.139Z,sell,7.87e-06,763.0,0.006004809999999999
SNM/BTC,1637257647139,2021-11-18T17:47:27.139Z,sell,7.86e-06,2942.0,0.023124119999999998
SNM/BTC,1637257651376,2021-11-18T17:47:31.376Z,sell,7.9e-06,65.0,0.0005135000000000001
SNM/BTC,1637257653712,2021-11-18T17:47:33.712Z,sell,7.9e-06,371.0,0.0029309
SNM/BTC,1637257653712,2021-11-18T17:47:33.712Z,sell,7.89e-06,376.0,0.0029666400000000004
SNM/BTC,1637257653712,2021-11-18T17:47:33.712Z,sell,7.88e-06,276.0,0.00217488
SNM/BTC,1637257653712,2021-11-18T17:47:33.712Z,sell,7.87e-06,1162.0,0.009144939999999999
SNM/BTC,1637257653712,2021-11-18T17:47:33.712Z,sell,7.86e-06,6001.0,0.04716786
SNM/BTC,1637257745007,2021-11-18T17:49:05.007Z,sell,7.88e-06,20.0,0.0001576
SNM/BTC,1637257757411,2021-11-18T17:49:17.411Z,buy,7.91e-06,1109.0,0.008772190000000001
SNM/BTC,1637257768629,2021-11-18T17:49:28.629Z,buy,7.92e-06,684.0,0.00541728
SNM/BTC,1637257768629,2021-11-18T17:49:28.629Z,buy,7.93e-06,1303.0,0.01033279
SNM/BTC,1637257773999,2021-11-18T17:49:33.999Z,buy,7.93e-06,43.0,0.00034099
SNM/BTC,1637257833522,2021-11-18T17:50:33.522Z,buy,7.93e-06,32.0,0.00025376
SNM/BTC,1637257837296,2021-11-18T17:50:37.296Z,buy,7.93e-06,44.0,0.00034892
SNM/BTC,1637257888538,2021-11-18T17:51:28.538Z,sell,7.89e-06,63.0,0.0004970700000000001
SNM/BTC,1637257888538,2021-11-18T17:51:28.538Z,sell,7.88e-06,143.0,0.00112684
SNM/BTC,1637257908146,2021-11-18T17:51:48.146Z,sell,7.88e-06,312.0,0.0024585600000000003
SNM/BTC,1637257908146,2021-11-18T17:51:48.146Z,sell,7.87e-06,53.0,0.00041710999999999994
SNM/BTC,1637257908146,2021-11-18T17:51:48.146Z,sell,7.86e-06,72.0,0.0005659199999999999
SNM/BTC,1637257980803,2021-11-18T17:53:00.803Z,sell,7.87e-06,30.0,0.00023609999999999997
SNM/BTC,1637257985897,2021-11-18T17:53:05.897Z,sell,7.87e-06,51.0,0.00040136999999999996
SNM/BTC,1637257987529,2021-11-18T17:53:07.529Z,buy,7.88e-06,56.0,0.00044128000000000006
SNM/BTC,1637258027866,2021-11-18T17:53:47.866Z,buy,7.88e-06,322.0,0.0025373600000000002
SNM/BTC,1637258087197,2021-11-18T17:54:47.197Z,buy,7.9e-06,21.0,0.00016590000000000002
SNM/BTC,1637258185650,2021-11-18T17:56:25.650Z,sell,7.87e-06,41.0,0.00032266999999999994
SNM/BTC,1637258187567,2021-11-18T17:56:27.567Z,buy,7.87e-06,48.0,0.00037776
SNM/BTC,1637258187567,2021-11-18T17:56:27.567Z,buy,7.9e-06,674.0,0.0053246000000000005
SNM/BTC,1637258187567,2021-11-18T17:56:27.567Z,buy,7.92e-06,809.0,0.0064072800000000004
SNM/BTC,1637258187567,2021-11-18T17:56:27.567Z,buy,7.93e-06,538.0,0.00426634
SNM/BTC,1637258187567,2021-11-18T17:56:27.567Z,buy,7.94e-06,377.0,0.00299338
SNM/BTC,1637258187567,2021-11-18T17:56:27.567Z,buy,7.95e-06,2279.0,0.01811805
SNM/BTC,1637258256016,2021-11-18T17:57:36.016Z,sell,7.9e-06,356.0,0.0028124
SNM/BTC,1637258256016,2021-11-18T17:57:36.016Z,sell,7.89e-06,402.0,0.0031717800000000003
SNM/BTC,1637258256016,2021-11-18T17:57:36.016Z,sell,7.88e-06,727.0,0.00572876
SNM/BTC,1637258256016,2021-11-18T17:57:36.016Z,sell,7.87e-06,1001.0,0.007877869999999999
SNM/BTC,1637258256016,2021-11-18T17:57:36.016Z,sell,7.86e-06,524.0,0.00411864
SNM/BTC,1637258256016,2021-11-18T17:57:36.016Z,sell,7.85e-06,1413.0,0.011092049999999999
SNM/BTC,1637258256016,2021-11-18T17:57:36.016Z,sell,7.84e-06,1947.0,0.015264479999999999
SNM/BTC,1637258256016,2021-11-18T17:57:36.016Z,sell,7.83e-06,765.0,0.00598995
SNM/BTC,1637258261945,2021-11-18T17:57:41.945Z,sell,7.87e-06,25.0,0.00019674999999999998
SNM/BTC,1637258293873,2021-11-18T17:58:13.873Z,sell,7.86e-06,29.0,0.00022794
SNM/BTC,1637258417039,2021-11-18T18:00:17.039Z,buy,7.87e-06,27.0,0.00021248999999999997
SNM/BTC,1637258417039,2021-11-18T18:00:17.039Z,buy,7.88e-06,120.0,0.0009456000000000001
SNM/BTC,1637258417039,2021-11-18T18:00:17.039Z,buy,7.89e-06,197.0,0.00155433
SNM/BTC,1637258457640,2021-11-18T18:00:57.640Z,sell,7.86e-06,343.0,0.0026959799999999997
SNM/BTC,1637258457640,2021-11-18T18:00:57.640Z,sell,7.86e-06,343.0,0.0026959799999999997
SNM/BTC,1637258461947,2021-11-18T18:01:01.947Z,buy,7.89e-06,443.0,0.0034952700000000004
SNM/BTC,1637258461947,2021-11-18T18:01:01.947Z,buy,7.9e-06,243.0,0.0019197
SNM/BTC,1637258479449,2021-11-18T18:01:19.449Z,buy,7.9e-06,936.0,0.007394400000000001
SNM/BTC,1637258480233,2021-11-18T18:01:20.233Z,buy,7.9e-06,35.0,0.0002765
SNM/BTC,1637258541203,2021-11-18T18:02:21.203Z,buy,7.9e-06,870.0,0.006873000000000001
SNM/BTC,1637258541203,2021-11-18T18:02:21.203Z,buy,7.91e-06,1426.0,0.01127966
SNM/BTC,1637258575188,2021-11-18T18:02:55.188Z,buy,7.9e-06,35.0,0.0002765
SNM/BTC,1637258575188,2021-11-18T18:02:55.188Z,buy,7.91e-06,84.0,0.0006644400000000001
SNM/BTC,1637258575188,2021-11-18T18:02:55.188Z,buy,7.92e-06,515.0,0.0040788000000000005
SNM/BTC,1637258643186,2021-11-18T18:04:03.186Z,sell,7.9e-06,47.0,0.0003713
SNM/BTC,1637258741810,2021-11-18T18:05:41.810Z,buy,7.9e-06,183.0,0.0014457
SNM/BTC,1637258743418,2021-11-18T18:05:43.418Z,buy,7.9e-06,388.0,0.0030652
SNM/BTC,1637258743609,2021-11-18T18:05:43.609Z,buy,7.9e-06,21.0,0.00016590000000000002
SNM/BTC,1637258750239,2021-11-18T18:05:50.239Z,buy,7.9e-06,103.0,0.0008137000000000001
SNM/BTC,1637258773036,2021-11-18T18:06:13.036Z,sell,7.89e-06,1431.0,0.011290590000000001
SNM/BTC,1637258773036,2021-11-18T18:06:13.036Z,sell,7.88e-06,253.0,0.00199364
SNM/BTC,1637258835649,2021-11-18T18:07:15.649Z,sell,7.87e-06,699.0,0.005501129999999999
SNM/BTC,1637258835649,2021-11-18T18:07:15.649Z,sell,7.86e-06,63.0,0.0004951799999999999
SNM/BTC,1637258979208,2021-11-18T18:09:39.208Z,sell,7.86e-06,1762.0,0.013849319999999998
SNM/BTC,1637259023580,2021-11-18T18:10:23.580Z,buy,7.89e-06,320.0,0.0025248000000000002
SNM/BTC,1637259044650,2021-11-18T18:10:44.650Z,buy,7.89e-06,611.0,0.00482079
SNM/BTC,1637259093193,2021-11-18T18:11:33.193Z,sell,7.89e-06,343.0,0.00270627
SNM/BTC,1637259096598,2021-11-18T18:11:36.598Z,sell,7.89e-06,696.0,0.00549144
SNM/BTC,1637259096790,2021-11-18T18:11:36.790Z,sell,7.88e-06,253.0,0.00199364
SNM/BTC,1637259138332,2021-11-18T18:12:18.332Z,buy,7.88e-06,13.0,0.00010244000000000002
SNM/BTC,1637259150403,2021-11-18T18:12:30.403Z,buy,7.88e-06,240.0,0.0018912000000000002
SNM/BTC,1637259153340,2021-11-18T18:12:33.340Z,sell,7.88e-06,15.0,0.00011820000000000001
SNM/BTC,1637259165538,2021-11-18T18:12:45.538Z,buy,7.88e-06,159.0,0.00125292
SNM/BTC,1637259173543,2021-11-18T18:12:53.543Z,buy,7.88e-06,4846.0,0.03818648
SNM/BTC,1637259225449,2021-11-18T18:13:45.449Z,buy,7.87e-06,1042.0,0.00820054
SNM/BTC,1637259225844,2021-11-18T18:13:45.844Z,buy,7.87e-06,1380.0,0.010860599999999998
SNM/BTC,1637259254676,2021-11-18T18:14:14.676Z,buy,7.87e-06,50.0,0.00039349999999999997
SNM/BTC,1637259324043,2021-11-18T18:15:24.043Z,sell,7.88e-06,523.0,0.004121240000000001
SNM/BTC,1637259324457,2021-11-18T18:15:24.457Z,buy,7.87e-06,523.0,0.00411601
SNM/BTC,1637259328101,2021-11-18T18:15:28.101Z,buy,7.87e-06,273.0,0.0021485099999999997
SNM/BTC,1637259333749,2021-11-18T18:15:33.749Z,buy,7.87e-06,26.0,0.00020461999999999998
SNM/BTC,1637259392492,2021-11-18T18:16:32.492Z,sell,7.86e-06,137.0,0.0010768199999999998
SNM/BTC,1637259521380,2021-11-18T18:18:41.380Z,sell,7.86e-06,1590.0,0.012497399999999999
SNM/BTC,1637259523425,2021-11-18T18:18:43.425Z,buy,7.87e-06,43.0,0.00033841
SNM/BTC,1637259550987,2021-11-18T18:19:10.987Z,sell,7.87e-06,228.0,0.0017943599999999998
SNM/BTC,1637259637158,2021-11-18T18:20:37.158Z,buy,7.88e-06,93.0,0.0007328400000000001
SNM/BTC,1637259654238,2021-11-18T18:20:54.238Z,sell,7.88e-06,28.0,0.00022064000000000003
SNM/BTC,1637259656549,2021-11-18T18:20:56.549Z,sell,7.88e-06,773.0,0.00609124
SNM/BTC,1637259659107,2021-11-18T18:20:59.107Z,sell,7.88e-06,152.0,0.0011977600000000002
SNM/BTC,1637259659107,2021-11-18T18:20:59.107Z,sell,7.87e-06,173.0,0.0013615099999999998
SNM/BTC,1637259679982,2021-11-18T18:21:19.982Z,buy,7.89e-06,1113.0,0.00878157
SNM/BTC,1637259872206,2021-11-18T18:24:32.206Z,buy,7.89e-06,420.0,0.0033138000000000004
SNM/BTC,1637259875586,2021-11-18T18:24:35.586Z,buy,7.9e-06,31.0,0.00024490000000000004
SNM/BTC,1637259893801,2021-11-18T18:24:53.801Z,buy,7.9e-06,49.0,0.00038710000000000003
SNM/BTC,1637259893807,2021-11-18T18:24:53.807Z,sell,7.9e-06,301.0,0.0023779
SNM/BTC,1637259953922,2021-11-18T18:25:53.922Z,buy,7.9e-06,31.0,0.00024490000000000004
SNM/BTC,1637259967732,2021-11-18T18:26:07.732Z,sell,7.89e-06,102.0,0.0008047800000000001
SNM/BTC,1637259996835,2021-11-18T18:26:36.835Z,sell,7.86e-06,298.0,0.00234228
SNM/BTC,1637260003472,2021-11-18T18:26:43.472Z,sell,7.85e-06,1084.0,0.008509399999999999
SNM/BTC,1637260003472,2021-11-18T18:26:43.472Z,sell,7.84e-06,1133.0,0.00888272
SNM/BTC,1637260023342,2021-11-18T18:27:03.342Z,buy,7.89e-06,99.0,0.0007811100000000001
SNM/BTC,1637260065916,2021-11-18T18:27:45.916Z,buy,7.88e-06,288.0,0.00226944
SNM/BTC,1637260065916,2021-11-18T18:27:45.916Z,buy,7.89e-06,150.0,0.0011835
SNM/BTC,1637260085392,2021-11-18T18:28:05.392Z,buy,7.89e-06,745.0,0.00587805
SNM/BTC,1637260106872,2021-11-18T18:28:26.872Z,sell,7.86e-06,36.0,0.00028295999999999996
SNM/BTC,1637260106872,2021-11-18T18:28:26.872Z,sell,7.84e-06,219.0,0.0017169599999999998
SNM/BTC,1637260217264,2021-11-18T18:30:17.264Z,sell,7.85e-06,80.0,0.000628
SNM/BTC,1637260220530,2021-11-18T18:30:20.530Z,sell,7.85e-06,90.0,0.0007065
SNM/BTC,1637260220530,2021-11-18T18:30:20.530Z,sell,7.84e-06,557.0,0.00436688
SNM/BTC,1637260220530,2021-11-18T18:30:20.530Z,sell,7.83e-06,1158.0,0.00906714
SNM/BTC,1637260283230,2021-11-18T18:31:23.230Z,buy,7.87e-06,82.0,0.0006453399999999999
SNM/BTC,1637260283230,2021-11-18T18:31:23.230Z,buy,7.88e-06,137.0,0.00107956
SNM/BTC,1637260296069,2021-11-18T18:31:36.069Z,sell,7.84e-06,63.0,0.00049392
SNM/BTC,1637260301101,2021-11-18T18:31:41.101Z,sell,7.85e-06,91.0,0.00071435
SNM/BTC,1637260416009,2021-11-18T18:33:36.009Z,sell,7.85e-06,71.0,0.00055735
SNM/BTC,1637260426507,2021-11-18T18:33:46.507Z,sell,7.83e-06,238.0,0.00186354
SNM/BTC,1637260426507,2021-11-18T18:33:46.507Z,sell,7.82e-06,794.0,0.00620908
SNM/BTC,1637260426507,2021-11-18T18:33:46.507Z,sell,7.81e-06,75.0,0.00058575
SNM/BTC,1637260542996,2021-11-18T18:35:42.996Z,sell,7.82e-06,23.0,0.00017986
SNM/BTC,1637260634696,2021-11-18T18:37:14.696Z,sell,7.82e-06,24.0,0.00018768
SNM/BTC,1637260826656,2021-11-18T18:40:26.656Z,buy,7.85e-06,1129.0,0.00886265
SNM/BTC,1637260826656,2021-11-18T18:40:26.656Z,buy,7.86e-06,286.0,0.00224796
SNM/BTC,1637260826656,2021-11-18T18:40:26.656Z,buy,7.87e-06,326.0,0.00256562
SNM/BTC,1637260826672,2021-11-18T18:40:26.672Z,buy,7.84e-06,301.0,0.0023598399999999998
SNM/BTC,1637260827935,2021-11-18T18:40:27.935Z,buy,7.86e-06,381.0,0.0029946599999999997
SNM/BTC,1637260844211,2021-11-18T18:40:44.211Z,buy,7.86e-06,875.0,0.006877499999999999
SNM/BTC,1637260847052,2021-11-18T18:40:47.052Z,sell,7.86e-06,195.0,0.0015327
SNM/BTC,1637260861460,2021-11-18T18:41:01.460Z,buy,7.86e-06,72.0,0.0005659199999999999
SNM/BTC,1637260868192,2021-11-18T18:41:08.192Z,buy,7.86e-06,219.0,0.0017213399999999998
SNM/BTC,1637260879371,2021-11-18T18:41:19.371Z,buy,7.86e-06,611.0,0.00480246
SNM/BTC,1637260879371,2021-11-18T18:41:19.371Z,buy,7.87e-06,141.0,0.0011096699999999999
SNM/BTC,1637260879371,2021-11-18T18:41:19.371Z,buy,7.88e-06,447.0,0.0035223600000000004
SNM/BTC,1637261035749,2021-11-18T18:43:55.749Z,sell,7.86e-06,851.0,0.00668886
SNM/BTC,1637261225301,2021-11-18T18:47:05.301Z,buy,7.86e-06,188.0,0.0014776799999999999
SNM/BTC,1637261241656,2021-11-18T18:47:21.656Z,sell,7.86e-06,193.0,0.0015169799999999998
SNM/BTC,1637261241656,2021-11-18T18:47:21.656Z,sell,7.85e-06,254.0,0.0019939
SNM/BTC,1637261241669,2021-11-18T18:47:21.669Z,buy,7.85e-06,267.0,0.0020959499999999996
SNM/BTC,1637261245212,2021-11-18T18:47:25.212Z,sell,7.85e-06,26.0,0.00020409999999999997
SNM/BTC,1637261280480,2021-11-18T18:48:00.480Z,buy,7.89e-06,331.0,0.0026115900000000004
SNM/BTC,1637261379225,2021-11-18T18:49:39.225Z,buy,7.89e-06,1082.0,0.008536980000000001
SNM/BTC,1637261379225,2021-11-18T18:49:39.225Z,buy,7.9e-06,508.0,0.004013200000000001
SNM/BTC,1637261386538,2021-11-18T18:49:46.538Z,buy,7.9e-06,669.0,0.0052851
SNM/BTC,1637261417325,2021-11-18T18:50:17.325Z,sell,7.9e-06,1000.0,0.0079
SNM/BTC,1637261429758,2021-11-18T18:50:29.758Z,sell,7.9e-06,500.0,0.00395
SNM/BTC,1637261492642,2021-11-18T18:51:32.642Z,buy,7.91e-06,232.0,0.0018351200000000002
SNM/BTC,1637261502044,2021-11-18T18:51:42.044Z,buy,7.91e-06,108.0,0.00085428
SNM/BTC,1637261526898,2021-11-18T18:52:06.898Z,buy,7.91e-06,573.0,0.0045324300000000005
SNM/BTC,1637261526898,2021-11-18T18:52:06.898Z,buy,7.92e-06,190.0,0.0015048000000000001
SNM/BTC,1637261546536,2021-11-18T18:52:26.536Z,buy,7.92e-06,47.0,0.00037224000000000003
SNM/BTC,1637261572841,2021-11-18T18:52:52.841Z,sell,7.87e-06,53.0,0.00041710999999999994
SNM/BTC,1637261572841,2021-11-18T18:52:52.841Z,sell,7.86e-06,760.0,0.005973599999999999
SNM/BTC,1637261572841,2021-11-18T18:52:52.841Z,sell,7.85e-06,579.0,0.0045451499999999995
SNM/BTC,1637261572841,2021-11-18T18:52:52.841Z,sell,7.84e-06,419.0,0.00328496
SNM/BTC,1637261572841,2021-11-18T18:52:52.841Z,sell,7.83e-06,631.0,0.00494073
SNM/BTC,1637261598200,2021-11-18T18:53:18.200Z,buy,7.87e-06,14.0,0.00011017999999999999
SNM/BTC,1637261618441,2021-11-18T18:53:38.441Z,sell,7.85e-06,149.0,0.00116965
SNM/BTC,1637261618452,2021-11-18T18:53:38.452Z,buy,7.85e-06,352.0,0.0027632
SNM/BTC,1637261649490,2021-11-18T18:54:09.490Z,sell,7.85e-06,101.0,0.0007928499999999999
SNM/BTC,1637261705727,2021-11-18T18:55:05.727Z,buy,7.87e-06,11.0,8.656999999999999e-05
SNM/BTC,1637261775799,2021-11-18T18:56:15.799Z,sell,7.86e-06,529.0,0.00415794
SNM/BTC,1637261775799,2021-11-18T18:56:15.799Z,sell,7.85e-06,385.0,0.0030222499999999998
SNM/BTC,1637261797301,2021-11-18T18:56:37.301Z,buy,7.88e-06,33.0,0.00026004
SNM/BTC,1637261840431,2021-11-18T18:57:20.431Z,sell,7.85e-06,455.0,0.00357175
SNM/BTC,1637261865877,2021-11-18T18:57:45.877Z,sell,7.85e-06,396.0,0.0031085999999999996
SNM/BTC,1637261987587,2021-11-18T18:59:47.587Z,sell,7.85e-06,68.0,0.0005338
SNM/BTC,1637261991287,2021-11-18T18:59:51.287Z,sell,7.85e-06,232.0,0.0018211999999999998
SNM/BTC,1637262002100,2021-11-18T19:00:02.100Z,sell,7.85e-06,111.0,0.0008713499999999999
SNM/BTC,1637262002100,2021-11-18T19:00:02.100Z,sell,7.85e-06,111.0,0.0008713499999999999
SNM/BTC,1637262061343,2021-11-18T19:01:01.343Z,buy,7.87e-06,159.0,0.00125133
SNM/BTC,1637262139314,2021-11-18T19:02:19.314Z,buy,7.87e-06,64.0,0.00050368
SNM/BTC,1637262161407,2021-11-18T19:02:41.407Z,sell,7.84e-06,2757.0,0.02161488
SNM/BTC,1637262161407,2021-11-18T19:02:41.407Z,sell,7.83e-06,4709.0,0.036871469999999996
SNM/BTC,1637262193147,2021-11-18T19:03:13.147Z,sell,7.83e-06,264.0,0.00206712
SNM/BTC,1637262207826,2021-11-18T19:03:27.826Z,sell,7.83e-06,4272.0,0.033449759999999995
SNM/BTC,1637262226194,2021-11-18T19:03:46.194Z,sell,7.83e-06,47.0,0.00036801
SNM/BTC,1637262305545,2021-11-18T19:05:05.545Z,sell,7.83e-06,160.0,0.0012527999999999999
SNM/BTC,1637262345286,2021-11-18T19:05:45.286Z,sell,7.83e-06,14.0,0.00010962
SNM/BTC,1637262348106,2021-11-18T19:05:48.106Z,sell,7.83e-06,96.0,0.00075168
SNM/BTC,1637262359753,2021-11-18T19:05:59.753Z,sell,7.83e-06,818.0,0.00640494
SNM/BTC,1637262363013,2021-11-18T19:06:03.013Z,sell,7.83e-06,2685.0,0.02102355
SNM/BTC,1637262388593,2021-11-18T19:06:28.593Z,sell,7.83e-06,29.0,0.00022706999999999998
SNM/BTC,1637262396682,2021-11-18T19:06:36.682Z,sell,7.83e-06,5000.0,0.03915
SNM/BTC,1637262469406,2021-11-18T19:07:49.406Z,sell,7.83e-06,576.0,0.00451008
SNM/BTC,1637262484713,2021-11-18T19:08:04.713Z,sell,7.83e-06,6593.0,0.05162319
SNM/BTC,1637262499935,2021-11-18T19:08:19.935Z,buy,7.83e-06,433.0,0.0033903899999999996
SNM/BTC,1637262499945,2021-11-18T19:08:19.945Z,buy,7.83e-06,609.0,0.0047684699999999995
SNM/BTC,1637262499945,2021-11-18T19:08:19.945Z,buy,7.83e-06,488.0,0.00382104
SNM/BTC,1637262514240,2021-11-18T19:08:34.240Z,sell,7.82e-06,1411.0,0.01103402
SNM/BTC,1637262514240,2021-11-18T19:08:34.240Z,sell,7.81e-06,1157.0,0.00903617
SNM/BTC,1637262514240,2021-11-18T19:08:34.240Z,sell,7.8e-06,330.0,0.002574
SNM/BTC,1637262525404,2021-11-18T19:08:45.404Z,buy,7.82e-06,253.0,0.00197846
SNM/BTC,1637262525404,2021-11-18T19:08:45.404Z,buy,7.83e-06,750.0,0.005872499999999999
SNM/BTC,1637262530965,2021-11-18T19:08:50.965Z,sell,7.81e-06,49.0,0.00038269
SNM/BTC,1637262567617,2021-11-18T19:09:27.617Z,buy,7.83e-06,325.0,0.0025447499999999997
SNM/BTC,1637262663135,2021-11-18T19:11:03.135Z,sell,7.81e-06,661.0,0.00516241
SNM/BTC,1637262663809,2021-11-18T19:11:03.809Z,sell,7.81e-06,228.0,0.00178068
SNM/BTC,1637262663809,2021-11-18T19:11:03.809Z,sell,7.8e-06,433.0,0.0033774
SNM/BTC,1637262664389,2021-11-18T19:11:04.389Z,sell,7.8e-06,661.0,0.0051558
SNM/BTC,1637262664969,2021-11-18T19:11:04.969Z,sell,7.8e-06,661.0,0.0051558
SNM/BTC,1637262665568,2021-11-18T19:11:05.568Z,sell,7.8e-06,661.0,0.0051558
SNM/BTC,1637262666171,2021-11-18T19:11:06.171Z,sell,7.8e-06,661.0,0.0051558
SNM/BTC,1637262666756,2021-11-18T19:11:06.756Z,sell,7.8e-06,661.0,0.0051558
SNM/BTC,1637262667331,2021-11-18T19:11:07.331Z,sell,7.8e-06,661.0,0.0051558
SNM/BTC,1637262675420,2021-11-18T19:11:15.420Z,sell,7.8e-06,104.0,0.0008112
SNM/BTC,1637262694664,2021-11-18T19:11:34.664Z,sell,7.8e-06,226.0,0.0017628
SNM/BTC,1637262721392,2021-11-18T19:12:01.392Z,sell,7.8e-06,289.0,0.0022542
SNM/BTC,1637262746197,2021-11-18T19:12:26.197Z,sell,7.8e-06,327.0,0.0025506
SNM/BTC,1637262784300,2021-11-18T19:13:04.300Z,sell,7.8e-06,183.0,0.0014274
SNM/BTC,1637262797319,2021-11-18T19:13:17.319Z,sell,7.8e-06,319.0,0.0024882
SNM/BTC,1637262811919,2021-11-18T19:13:31.919Z,sell,7.8e-06,193.0,0.0015054
SNM/BTC,1637262824263,2021-11-18T19:13:44.263Z,sell,7.8e-06,10778.0,0.0840684
SNM/BTC,1637262839286,2021-11-18T19:13:59.286Z,sell,7.8e-06,21666.0,0.1689948
SNM/BTC,1637262839286,2021-11-18T19:13:59.286Z,sell,7.79e-06,2023.0,0.01575917
SNM/BTC,1637262842577,2021-11-18T19:14:02.577Z,sell,7.78e-06,70.0,0.0005446
SNM/BTC,1637262842577,2021-11-18T19:14:02.577Z,sell,7.78e-06,658.0,0.00511924
SNM/BTC,1637262856407,2021-11-18T19:14:16.407Z,sell,7.78e-06,1516.0,0.01179448
SNM/BTC,1637262862945,2021-11-18T19:14:22.945Z,buy,7.81e-06,26.0,0.00020306
SNM/BTC,1637262863035,2021-11-18T19:14:23.035Z,buy,7.81e-06,23.0,0.00017962999999999999
SNM/BTC,1637262863035,2021-11-18T19:14:23.035Z,buy,7.82e-06,16.0,0.00012512
SNM/BTC,1637262863172,2021-11-18T19:14:23.172Z,buy,7.82e-06,50.0,0.00039099999999999996
SNM/BTC,1637262868407,2021-11-18T19:14:28.407Z,buy,7.82e-06,20.0,0.0001564
SNM/BTC,1637262877976,2021-11-18T19:14:37.976Z,buy,7.83e-06,520.0,0.0040716
SNM/BTC,1637262882283,2021-11-18T19:14:42.283Z,buy,7.83e-06,63.0,0.00049329
SNM/BTC,1637262883060,2021-11-18T19:14:43.060Z,sell,7.81e-06,57.0,0.00044517
SNM/BTC,1637262895966,2021-11-18T19:14:55.966Z,buy,7.83e-06,64.0,0.00050112
SNM/BTC,1637262896147,2021-11-18T19:14:56.147Z,buy,7.83e-06,256.0,0.00200448
SNM/BTC,1637262896212,2021-11-18T19:14:56.212Z,buy,7.83e-06,115.0,0.0009004499999999999
SNM/BTC,1637262896234,2021-11-18T19:14:56.234Z,buy,7.83e-06,1221.0,0.00956043
SNM/BTC,1637262896257,2021-11-18T19:14:56.257Z,buy,7.83e-06,58.0,0.00045413999999999996
SNM/BTC,1637262928346,2021-11-18T19:15:28.346Z,buy,7.83e-06,77.0,0.00060291
SNM/BTC,1637262953290,2021-11-18T19:15:53.290Z,sell,7.81e-06,244.0,0.00190564
SNM/BTC,1637262985338,2021-11-18T19:16:25.338Z,sell,7.81e-06,153.0,0.0011949299999999999
SNM/BTC,1637262985338,2021-11-18T19:16:25.338Z,sell,7.78e-06,10018.0,0.07794004
SNM/BTC,1637262992408,2021-11-18T19:16:32.408Z,buy,7.78e-06,493.0,0.00383554
SNM/BTC,1637263008824,2021-11-18T19:16:48.824Z,buy,7.78e-06,826.0,0.00642628
SNM/BTC,1637263047350,2021-11-18T19:17:27.350Z,sell,7.77e-06,5914.0,0.04595178
SNM/BTC,1637263054712,2021-11-18T19:17:34.712Z,buy,7.81e-06,25.0,0.00019525
SNM/BTC,1637263099830,2021-11-18T19:18:19.830Z,sell,7.77e-06,140.0,0.0010878
SNM/BTC,1637263153077,2021-11-18T19:19:13.077Z,buy,7.81e-06,21.0,0.00016401
SNM/BTC,1637263218846,2021-11-18T19:20:18.846Z,sell,7.77e-06,4075.0,0.03166275
SNM/BTC,1637263292703,2021-11-18T19:21:32.703Z,buy,7.81e-06,616.0,0.0048109599999999995
SNM/BTC,1637263315231,2021-11-18T19:21:55.231Z,sell,7.78e-06,50.0,0.000389
SNM/BTC,1637263400657,2021-11-18T19:23:20.657Z,buy,7.81e-06,52.0,0.00040612
SNM/BTC,1637263413700,2021-11-18T19:23:33.700Z,buy,7.81e-06,87.0,0.0006794699999999999
SNM/BTC,1637263437104,2021-11-18T19:23:57.104Z,buy,7.81e-06,14.0,0.00010934
SNM/BTC,1637263452153,2021-11-18T19:24:12.153Z,buy,7.81e-06,81.0,0.00063261
SNM/BTC,1637263474108,2021-11-18T19:24:34.108Z,buy,7.82e-06,154.0,0.0012042799999999998
SNM/BTC,1637263493816,2021-11-18T19:24:53.816Z,buy,7.81e-06,167.0,0.00130427
SNM/BTC,1637263493816,2021-11-18T19:24:53.816Z,buy,7.82e-06,102.0,0.00079764
SNM/BTC,1637263493816,2021-11-18T19:24:53.816Z,buy,7.83e-06,1002.0,0.007845659999999999
SNM/BTC,1637263493816,2021-11-18T19:24:53.816Z,buy,7.84e-06,1479.0,0.011595359999999999
SNM/BTC,1637263641820,2021-11-18T19:27:21.820Z,sell,7.8e-06,375.0,0.002925
SNM/BTC,1637263719266,2021-11-18T19:28:39.266Z,buy,7.8e-06,39.0,0.0003042
SNM/BTC,1637263738240,2021-11-18T19:28:58.240Z,buy,7.8e-06,231.0,0.0018017999999999999
SNM/BTC,1637263765714,2021-11-18T19:29:25.714Z,buy,7.8e-06,202.0,0.0015756
SNM/BTC,1637263798161,2021-11-18T19:29:58.161Z,buy,7.8e-06,132.0,0.0010295999999999999
SNM/BTC,1637263803772,2021-11-18T19:30:03.772Z,sell,7.79e-06,610.0,0.0047519
SNM/BTC,1637263803772,2021-11-18T19:30:03.772Z,sell,7.78e-06,853.0,0.00663634
SNM/BTC,1637263803772,2021-11-18T19:30:03.772Z,sell,7.77e-06,2177.0,0.01691529
SNM/BTC,1637263803772,2021-11-18T19:30:03.772Z,sell,7.76e-06,776.0,0.00602176
SNM/BTC,1637263803772,2021-11-18T19:30:03.772Z,sell,7.75e-06,59.0,0.00045725000000000003
SNM/BTC,1637263841746,2021-11-18T19:30:41.746Z,buy,7.8e-06,34.0,0.0002652
SNM/BTC,1637263843971,2021-11-18T19:30:43.971Z,buy,7.8e-06,65.0,0.000507
SNM/BTC,1637263942733,2021-11-18T19:32:22.733Z,buy,7.8e-06,96.0,0.0007488
SNM/BTC,1637263945128,2021-11-18T19:32:25.128Z,buy,7.8e-06,25.0,0.000195
SNM/BTC,1637263995929,2021-11-18T19:33:15.929Z,buy,7.81e-06,154.0,0.0012027399999999999
SNM/BTC,1637264020736,2021-11-18T19:33:40.736Z,sell,7.78e-06,97.0,0.00075466
SNM/BTC,1637264020736,2021-11-18T19:33:40.736Z,sell,7.77e-06,13.0,0.00010101
SNM/BTC,1637264090933,2021-11-18T19:34:50.933Z,sell,7.79e-06,84.0,0.00065436
SNM/BTC,1637264090933,2021-11-18T19:34:50.933Z,sell,7.78e-06,2876.0,0.02237528
SNM/BTC,1637264092426,2021-11-18T19:34:52.426Z,sell,7.78e-06,18.0,0.00014004
SNM/BTC,1637264092643,2021-11-18T19:34:52.643Z,buy,7.81e-06,33.0,0.00025773
SNM/BTC,1637264168501,2021-11-18T19:36:08.501Z,sell,7.78e-06,103.0,0.00080134
SNM/BTC,1637264233359,2021-11-18T19:37:13.359Z,sell,7.79e-06,222.0,0.00172938
SNM/BTC,1637264233359,2021-11-18T19:37:13.359Z,sell,7.78e-06,248.0,0.00192944
SNM/BTC,1637264347596,2021-11-18T19:39:07.596Z,buy,7.81e-06,111.0,0.0008669099999999999
SNM/BTC,1637264347596,2021-11-18T19:39:07.596Z,buy,7.82e-06,120.0,0.0009383999999999999
SNM/BTC,1637264359372,2021-11-18T19:39:19.372Z,sell,7.79e-06,24.0,0.00018696
SNM/BTC,1637264421233,2021-11-18T19:40:21.233Z,sell,7.79e-06,24.0,0.00018696
SNM/BTC,1637264488091,2021-11-18T19:41:28.091Z,sell,7.79e-06,116.0,0.00090364
SNM/BTC,1637264520466,2021-11-18T19:42:00.466Z,sell,7.79e-06,1000.0,0.00779
SNM/BTC,1637264528932,2021-11-18T19:42:08.932Z,buy,7.82e-06,33.0,0.00025806
SNM/BTC,1637264543236,2021-11-18T19:42:23.236Z,buy,7.82e-06,63.0,0.00049266
SNM/BTC,1637264551829,2021-11-18T19:42:31.829Z,buy,7.82e-06,66.0,0.00051612
SNM/BTC,1637264551829,2021-11-18T19:42:31.829Z,buy,7.83e-06,750.0,0.005872499999999999
SNM/BTC,1637264551829,2021-11-18T19:42:31.829Z,buy,7.84e-06,746.0,0.00584864
SNM/BTC,1637264561951,2021-11-18T19:42:41.951Z,buy,7.83e-06,326.0,0.00255258
SNM/BTC,1637264561951,2021-11-18T19:42:41.951Z,buy,7.84e-06,240.0,0.0018815999999999998
SNM/BTC,1637264561951,2021-11-18T19:42:41.951Z,buy,7.85e-06,1511.0,0.01186135
SNM/BTC,1637264562551,2021-11-18T19:42:42.551Z,buy,7.84e-06,25.0,0.000196
SNM/BTC,1637264572230,2021-11-18T19:42:52.230Z,buy,7.84e-06,265.0,0.0020775999999999998
SNM/BTC,1637264573290,2021-11-18T19:42:53.290Z,sell,7.8e-06,122.0,0.0009515999999999999
SNM/BTC,1637264651257,2021-11-18T19:44:11.257Z,sell,7.83e-06,49.0,0.00038366999999999996
SNM/BTC,1637264673146,2021-11-18T19:44:33.146Z,sell,7.83e-06,15.0,0.00011745
SNM/BTC,1637264677651,2021-11-18T19:44:37.651Z,buy,7.84e-06,25.0,0.000196
SNM/BTC,1637264677651,2021-11-18T19:44:37.651Z,buy,7.85e-06,214.0,0.0016798999999999998
SNM/BTC,1637264677651,2021-11-18T19:44:37.651Z,buy,7.86e-06,55.0,0.00043229999999999994
SNM/BTC,1637264687488,2021-11-18T19:44:47.488Z,buy,7.86e-06,210.0,0.0016506
SNM/BTC,1637264687488,2021-11-18T19:44:47.488Z,buy,7.87e-06,84.0,0.00066108
SNM/BTC,1637264694776,2021-11-18T19:44:54.776Z,buy,7.87e-06,147.0,0.0011568899999999998
SNM/BTC,1637264697914,2021-11-18T19:44:57.914Z,buy,7.87e-06,514.0,0.00404518
SNM/BTC,1637264697923,2021-11-18T19:44:57.923Z,sell,7.87e-06,28.0,0.00022035999999999998
SNM/BTC,1637264698884,2021-11-18T19:44:58.884Z,buy,7.88e-06,146.0,0.0011504800000000002
SNM/BTC,1637264704801,2021-11-18T19:45:04.801Z,buy,7.88e-06,221.0,0.0017414800000000001
SNM/BTC,1637264719753,2021-11-18T19:45:19.753Z,buy,7.88e-06,252.0,0.00198576
SNM/BTC,1637264719759,2021-11-18T19:45:19.759Z,sell,7.88e-06,1528.0,0.012040640000000002
SNM/BTC,1637264740287,2021-11-18T19:45:40.287Z,buy,7.89e-06,18.0,0.00014202000000000003
SNM/BTC,1637264752599,2021-11-18T19:45:52.599Z,buy,7.89e-06,73.0,0.0005759700000000001
SNM/BTC,1637264755417,2021-11-18T19:45:55.417Z,buy,7.89e-06,159.0,0.0012545100000000001
SNM/BTC,1637264797158,2021-11-18T19:46:37.158Z,buy,7.89e-06,99.0,0.0007811100000000001
SNM/BTC,1637264798556,2021-11-18T19:46:38.556Z,buy,7.89e-06,113.0,0.0008915700000000001
SNM/BTC,1637264798564,2021-11-18T19:46:38.564Z,sell,7.89e-06,1760.0,0.013886400000000002
SNM/BTC,1637264803942,2021-11-18T19:46:43.942Z,buy,7.9e-06,560.0,0.004424
SNM/BTC,1637264803942,2021-11-18T19:46:43.942Z,buy,7.91e-06,2623.0,0.02074793
SNM/BTC,1637264824280,2021-11-18T19:47:04.280Z,sell,7.89e-06,24.0,0.00018936000000000002
SNM/BTC,1637264824280,2021-11-18T19:47:04.280Z,sell,7.86e-06,15.0,0.00011789999999999999
SNM/BTC,1637264826542,2021-11-18T19:47:06.542Z,sell,7.91e-06,133.0,0.00105203
SNM/BTC,1637264828106,2021-11-18T19:47:08.106Z,buy,7.92e-06,301.0,0.0023839200000000003
SNM/BTC,1637264845793,2021-11-18T19:47:25.793Z,buy,7.9e-06,292.0,0.0023068000000000003
SNM/BTC,1637264845793,2021-11-18T19:47:25.793Z,buy,7.91e-06,206.0,0.0016294600000000001
SNM/BTC,1637264858274,2021-11-18T19:47:38.274Z,sell,7.87e-06,150.0,0.0011805
SNM/BTC,1637264858274,2021-11-18T19:47:38.274Z,sell,7.86e-06,180.0,0.0014148
SNM/BTC,1637264911543,2021-11-18T19:48:31.543Z,buy,7.9e-06,2894.0,0.0228626
SNM/BTC,1637264951268,2021-11-18T19:49:11.268Z,buy,7.9e-06,85.0,0.0006715
SNM/BTC,1637264957063,2021-11-18T19:49:17.063Z,buy,7.9e-06,312.0,0.0024648
SNM/BTC,1637264990423,2021-11-18T19:49:50.423Z,buy,7.9e-06,356.0,0.0028124
SNM/BTC,1637264992235,2021-11-18T19:49:52.235Z,buy,7.9e-06,888.0,0.007015200000000001
SNM/BTC,1637265089802,2021-11-18T19:51:29.802Z,sell,7.86e-06,85.0,0.0006680999999999999
SNM/BTC,1637265101760,2021-11-18T19:51:41.760Z,buy,7.9e-06,781.0,0.006169900000000001
SNM/BTC,1637265102265,2021-11-18T19:51:42.265Z,sell,7.86e-06,159.0,0.0012497399999999998
SNM/BTC,1637265123466,2021-11-18T19:52:03.466Z,sell,7.86e-06,287.0,0.00225582
SNM/BTC,1637265152033,2021-11-18T19:52:32.033Z,buy,7.9e-06,52.0,0.0004108
SNM/BTC,1637265152033,2021-11-18T19:52:32.033Z,buy,7.91e-06,255.0,0.0020170500000000003
SNM/BTC,1637265152033,2021-11-18T19:52:32.033Z,buy,7.91e-06,25468.0,0.20145188
SNM/BTC,1637265152033,2021-11-18T19:52:32.033Z,buy,7.92e-06,2460.0,0.019483200000000003
SNM/BTC,1637265152033,2021-11-18T19:52:32.033Z,buy,7.93e-06,19787.0,0.15691091000000001
SNM/BTC,1637265152033,2021-11-18T19:52:32.033Z,buy,7.94e-06,513.0,0.00407322
SNM/BTC,1637265152041,2021-11-18T19:52:32.041Z,buy,7.95e-06,1340.0,0.010653000000000001
SNM/BTC,1637265152041,2021-11-18T19:52:32.041Z,buy,7.96e-06,1358.0,0.01080968
SNM/BTC,1637265152044,2021-11-18T19:52:32.044Z,sell,7.94e-06,142.0,0.00112748
SNM/BTC,1637265152792,2021-11-18T19:52:32.792Z,buy,7.96e-06,257.0,0.00204572
SNM/BTC,1637265156745,2021-11-18T19:52:36.745Z,sell,7.96e-06,221.0,0.00175916
SNM/BTC,1637265177062,2021-11-18T19:52:57.062Z,sell,7.96e-06,177.0,0.00140892
SNM/BTC,1637265181555,2021-11-18T19:53:01.555Z,sell,7.95e-06,251.0,0.00199545
SNM/BTC,1637265187150,2021-11-18T19:53:07.150Z,sell,7.94e-06,58.0,0.00046052
SNM/BTC,1637265187162,2021-11-18T19:53:07.162Z,sell,7.94e-06,115.0,0.0009131
SNM/BTC,1637265187419,2021-11-18T19:53:07.419Z,sell,7.94e-06,256.0,0.00203264
SNM/BTC,1637265187722,2021-11-18T19:53:07.722Z,sell,7.94e-06,1278.0,0.01014732
SNM/BTC,1637265231430,2021-11-18T19:53:51.430Z,buy,7.96e-06,428.0,0.00340688
SNM/BTC,1637265231430,2021-11-18T19:53:51.430Z,buy,7.97e-06,5273.0,0.04202581
SNM/BTC,1637265244759,2021-11-18T19:54:04.759Z,buy,7.97e-06,432.0,0.00344304
SNM/BTC,1637265420089,2021-11-18T19:57:00.089Z,buy,7.96e-06,120.0,0.0009552
SNM/BTC,1637265420089,2021-11-18T19:57:00.089Z,buy,7.97e-06,95.0,0.0007571499999999999
SNM/BTC,1637265559487,2021-11-18T19:59:19.487Z,buy,7.97e-06,115.0,0.00091655
SNM/BTC,1637265561000,2021-11-18T19:59:21.000Z,buy,7.97e-06,874.0,0.0069657799999999995
SNM/BTC,1637265579299,2021-11-18T19:59:39.299Z,sell,7.95e-06,798.0,0.0063441
SNM/BTC,1637265579308,2021-11-18T19:59:39.308Z,buy,7.95e-06,612.0,0.0048654
SNM/BTC,1637265582644,2021-11-18T19:59:42.644Z,buy,7.95e-06,1570.0,0.0124815
SNM/BTC,1637265582644,2021-11-18T19:59:42.644Z,buy,7.95e-06,1570.0,0.0124815
SNM/BTC,1637265609388,2021-11-18T20:00:09.388Z,buy,7.96e-06,251.0,0.00199796
SNM/BTC,1637265609388,2021-11-18T20:00:09.388Z,buy,7.97e-06,1109.0,0.00883873
SNM/BTC,1637265634128,2021-11-18T20:00:34.128Z,buy,7.97e-06,5754.0,0.04585938
SNM/BTC,1637265639094,2021-11-18T20:00:39.094Z,buy,7.97e-06,680.0,0.0054196
SNM/BTC,1637265662890,2021-11-18T20:01:02.890Z,buy,7.97e-06,325.0,0.00259025
SNM/BTC,1637265668105,2021-11-18T20:01:08.105Z,buy,7.97e-06,304.0,0.00242288
SNM/BTC,1637265713324,2021-11-18T20:01:53.324Z,sell,7.95e-06,16.0,0.0001272
SNM/BTC,1637265731101,2021-11-18T20:02:11.101Z,sell,7.95e-06,39.0,0.00031005000000000003
SNM/BTC,1637265743728,2021-11-18T20:02:23.728Z,buy,7.97e-06,16.0,0.00012752
SNM/BTC,1637265745446,2021-11-18T20:02:25.446Z,sell,7.96e-06,65.0,0.0005174
SNM/BTC,1637265745446,2021-11-18T20:02:25.446Z,sell,7.95e-06,150.0,0.0011925
SNM/BTC,1637265745724,2021-11-18T20:02:25.724Z,sell,7.95e-06,1058.0,0.0084111
SNM/BTC,1637265754060,2021-11-18T20:02:34.060Z,sell,7.92e-06,33.0,0.00026136000000000003
SNM/BTC,1637265782973,2021-11-18T20:03:02.973Z,buy,7.95e-06,266.0,0.0021147
SNM/BTC,1637265783675,2021-11-18T20:03:03.675Z,buy,7.95e-06,269.0,0.00213855
SNM/BTC,1637265784809,2021-11-18T20:03:04.809Z,buy,7.95e-06,272.0,0.0021624
SNM/BTC,1637265785449,2021-11-18T20:03:05.449Z,buy,7.95e-06,123.0,0.00097785
SNM/BTC,1637265785449,2021-11-18T20:03:05.449Z,buy,7.96e-06,25.0,0.000199
SNM/BTC,1637265785449,2021-11-18T20:03:05.449Z,buy,7.97e-06,128.0,0.00102016
SNM/BTC,1637265786586,2021-11-18T20:03:06.586Z,buy,7.95e-06,280.0,0.002226
SNM/BTC,1637265787223,2021-11-18T20:03:07.223Z,buy,7.95e-06,283.0,0.00224985
SNM/BTC,1637265787239,2021-11-18T20:03:07.239Z,sell,7.92e-06,510.0,0.004039200000000001
SNM/BTC,1637265787874,2021-11-18T20:03:07.874Z,buy,7.94e-06,287.0,0.00227878
SNM/BTC,1637265788520,2021-11-18T20:03:08.520Z,buy,7.93e-06,116.0,0.0009198800000000001
SNM/BTC,1637265788520,2021-11-18T20:03:08.520Z,buy,7.94e-06,175.0,0.0013895000000000001
SNM/BTC,1637265796198,2021-11-18T20:03:16.198Z,sell,7.92e-06,114.0,0.00090288
SNM/BTC,1637265797724,2021-11-18T20:03:17.724Z,sell,7.91e-06,80.0,0.0006328
SNM/BTC,1637265797724,2021-11-18T20:03:17.724Z,sell,7.9e-06,403.0,0.0031837000000000002
SNM/BTC,1637265797724,2021-11-18T20:03:17.724Z,sell,7.89e-06,507.0,0.0040002300000000005
SNM/BTC,1637265797724,2021-11-18T20:03:17.724Z,sell,7.88e-06,2190.0,0.0172572
SNM/BTC,1637265845734,2021-11-18T20:04:05.734Z,sell,7.88e-06,347.0,0.0027343600000000003
SNM/BTC,1637265845734,2021-11-18T20:04:05.734Z,sell,7.87e-06,53.0,0.00041710999999999994
SNM/BTC,1637265845734,2021-11-18T20:04:05.734Z,sell,7.86e-06,1654.0,0.013000439999999999
SNM/BTC,1637265845734,2021-11-18T20:04:05.734Z,sell,7.85e-06,4211.0,0.03305635
SNM/BTC,1637265845734,2021-11-18T20:04:05.734Z,sell,7.84e-06,2115.0,0.0165816
SNM/BTC,1637265845734,2021-11-18T20:04:05.734Z,sell,7.83e-06,7719.0,0.06043977
SNM/BTC,1637265967966,2021-11-18T20:06:07.966Z,sell,7.85e-06,88.0,0.0006908
SNM/BTC,1637265967966,2021-11-18T20:06:07.966Z,sell,7.84e-06,286.0,0.00224224
SNM/BTC,1637265969543,2021-11-18T20:06:09.543Z,buy,7.86e-06,89.0,0.0006995399999999999
SNM/BTC,1637265971149,2021-11-18T20:06:11.149Z,sell,7.85e-06,234.0,0.0018368999999999998
SNM/BTC,1637265971149,2021-11-18T20:06:11.149Z,sell,7.84e-06,540.0,0.0042336
SNM/BTC,1637266005629,2021-11-18T20:06:45.629Z,sell,7.84e-06,229.0,0.00179536
SNM/BTC,1637266005629,2021-11-18T20:06:45.629Z,sell,7.83e-06,36.0,0.00028188
SNM/BTC,1637266036154,2021-11-18T20:07:16.154Z,buy,7.86e-06,251.0,0.00197286
SNM/BTC,1637266036535,2021-11-18T20:07:16.535Z,sell,7.84e-06,424.0,0.0033241599999999996
SNM/BTC,1637266036535,2021-11-18T20:07:16.535Z,sell,7.83e-06,711.0,0.00556713
SNM/BTC,1637266067285,2021-11-18T20:07:47.285Z,sell,7.85e-06,77.0,0.00060445
SNM/BTC,1637266075513,2021-11-18T20:07:55.513Z,buy,7.85e-06,1133.0,0.008894049999999999
SNM/BTC,1637266075513,2021-11-18T20:07:55.513Z,buy,7.87e-06,471.0,0.0037067699999999994
SNM/BTC,1637266213046,2021-11-18T20:10:13.046Z,buy,7.84e-06,50.0,0.000392
SNM/BTC,1637266246924,2021-11-18T20:10:46.924Z,sell,7.83e-06,125.0,0.00097875
SNM/BTC,1637266256061,2021-11-18T20:10:56.061Z,sell,7.82e-06,758.0,0.00592756
SNM/BTC,1637266256061,2021-11-18T20:10:56.061Z,sell,7.81e-06,1888.0,0.01474528
SNM/BTC,1637266295643,2021-11-18T20:11:35.643Z,sell,7.81e-06,1362.0,0.01063722
SNM/BTC,1637266399073,2021-11-18T20:13:19.073Z,buy,7.83e-06,55.0,0.00043065
SNM/BTC,1637266440650,2021-11-18T20:14:00.650Z,buy,7.83e-06,1240.0,0.0097092
SNM/BTC,1637266440738,2021-11-18T20:14:00.738Z,buy,7.84e-06,255.0,0.0019992
SNM/BTC,1637266471404,2021-11-18T20:14:31.404Z,sell,7.83e-06,55.0,0.00043065
SNM/BTC,1637266471404,2021-11-18T20:14:31.404Z,sell,7.82e-06,157.0,0.00122774
SNM/BTC,1637266505549,2021-11-18T20:15:05.549Z,buy,7.86e-06,225.0,0.0017684999999999999
SNM/BTC,1637266524569,2021-11-18T20:15:24.569Z,sell,7.82e-06,707.0,0.00552874
SNM/BTC,1637266524569,2021-11-18T20:15:24.569Z,sell,7.81e-06,7383.0,0.05766123
SNM/BTC,1637266535179,2021-11-18T20:15:35.179Z,sell,7.83e-06,242.0,0.00189486
SNM/BTC,1637266535179,2021-11-18T20:15:35.179Z,sell,7.81e-06,7848.0,0.06129288
SNM/BTC,1637266545806,2021-11-18T20:15:45.806Z,sell,7.81e-06,3242.0,0.02532002
SNM/BTC,1637266545806,2021-11-18T20:15:45.806Z,sell,7.8e-06,742.0,0.0057875999999999995
SNM/BTC,1637266545806,2021-11-18T20:15:45.806Z,sell,7.79e-06,651.0,0.00507129
SNM/BTC,1637266545813,2021-11-18T20:15:45.813Z,buy,7.79e-06,126.0,0.00098154
SNM/BTC,1637266545814,2021-11-18T20:15:45.814Z,buy,7.79e-06,150.0,0.0011685
SNM/BTC,1637266547920,2021-11-18T20:15:47.920Z,buy,7.79e-06,51.0,0.00039729
SNM/BTC,1637266551232,2021-11-18T20:15:51.232Z,sell,7.78e-06,70.0,0.0005446
SNM/BTC,1637266551232,2021-11-18T20:15:51.232Z,sell,7.78e-06,1786.0,0.01389508
SNM/BTC,1637266551232,2021-11-18T20:15:51.232Z,sell,7.77e-06,1335.0,0.01037295
SNM/BTC,1637266551232,2021-11-18T20:15:51.232Z,sell,7.76e-06,406.0,0.00315056
SNM/BTC,1637266551232,2021-11-18T20:15:51.232Z,sell,7.75e-06,21523.0,0.16680325000000001
SNM/BTC,1637266551232,2021-11-18T20:15:51.232Z,sell,7.74e-06,1658.0,0.012832920000000001
SNM/BTC,1637266551232,2021-11-18T20:15:51.232Z,sell,7.73e-06,9202.0,0.07113146000000001
SNM/BTC,1637266551232,2021-11-18T20:15:51.232Z,sell,7.72e-06,14122.0,0.10902184000000001
SNM/BTC,1637266551461,2021-11-18T20:15:51.461Z,buy,7.77e-06,1100.0,0.008547
SNM/BTC,1637266552458,2021-11-18T20:15:52.458Z,buy,7.76e-06,19.0,0.00014744
SNM/BTC,1637266552458,2021-11-18T20:15:52.458Z,buy,7.77e-06,39.0,0.00030303000000000003
SNM/BTC,1637266552527,2021-11-18T20:15:52.527Z,buy,7.77e-06,76.0,0.00059052
SNM/BTC,1637266556777,2021-11-18T20:15:56.777Z,sell,7.75e-06,90.0,0.0006975
SNM/BTC,1637266556777,2021-11-18T20:15:56.777Z,sell,7.74e-06,93.0,0.00071982
SNM/BTC,1637266556777,2021-11-18T20:15:56.777Z,sell,7.73e-06,260.0,0.0020098
SNM/BTC,1637266556777,2021-11-18T20:15:56.777Z,sell,7.71e-06,7244.0,0.05585124
SNM/BTC,1637266556903,2021-11-18T20:15:56.903Z,buy,7.73e-06,261.0,0.00201753
SNM/BTC,1637266560970,2021-11-18T20:16:00.970Z,sell,7.72e-06,320.0,0.0024704
SNM/BTC,1637266569435,2021-11-18T20:16:09.435Z,buy,7.75e-06,90.0,0.0006975
SNM/BTC,1637266569435,2021-11-18T20:16:09.435Z,buy,7.76e-06,909.0,0.0070538400000000005
SNM/BTC,1637266589098,2021-11-18T20:16:29.098Z,sell,7.73e-06,18.0,0.00013914
SNM/BTC,1637266590863,2021-11-18T20:16:30.863Z,buy,7.75e-06,247.0,0.0019142500000000002
SNM/BTC,1637266619820,2021-11-18T20:16:59.820Z,buy,7.75e-06,78.0,0.0006045
SNM/BTC,1637266691539,2021-11-18T20:18:11.539Z,buy,7.75e-06,50.0,0.00038750000000000004
SNM/BTC,1637266720418,2021-11-18T20:18:40.418Z,sell,7.73e-06,152.0,0.00117496
SNM/BTC,1637266735618,2021-11-18T20:18:55.618Z,buy,7.75e-06,762.0,0.0059055
SNM/BTC,1637266735618,2021-11-18T20:18:55.618Z,buy,7.76e-06,113.0,0.00087688
SNM/BTC,1637266735618,2021-11-18T20:18:55.618Z,buy,7.77e-06,390.0,0.0030303
SNM/BTC,1637266805816,2021-11-18T20:20:05.816Z,sell,7.73e-06,122.0,0.00094306
SNM/BTC,1637266854515,2021-11-18T20:20:54.515Z,sell,7.74e-06,353.0,0.00273222
SNM/BTC,1637266863941,2021-11-18T20:21:03.941Z,sell,7.74e-06,187.0,0.00144738
SNM/BTC,1637266902389,2021-11-18T20:21:42.389Z,sell,7.74e-06,80.0,0.0006192000000000001
SNM/BTC,1637266952030,2021-11-18T20:22:32.030Z,sell,7.75e-06,257.0,0.00199175
SNM/BTC,1637266956126,2021-11-18T20:22:36.126Z,sell,7.74e-06,422.0,0.0032662800000000003
SNM/BTC,1637266965605,2021-11-18T20:22:45.605Z,buy,7.74e-06,386.0,0.00298764
SNM/BTC,1637266968701,2021-11-18T20:22:48.701Z,buy,7.76e-06,31.0,0.00024056000000000001
SNM/BTC,1637266968772,2021-11-18T20:22:48.772Z,buy,7.76e-06,33.0,0.00025608
SNM/BTC,1637267006414,2021-11-18T20:23:26.414Z,buy,7.76e-06,193.0,0.0014976800000000001
SNM/BTC,1637267036805,2021-11-18T20:23:56.805Z,buy,7.77e-06,1375.0,0.01068375
SNM/BTC,1637267057259,2021-11-18T20:24:17.259Z,buy,7.77e-06,526.0,0.00408702
SNM/BTC,1637267057271,2021-11-18T20:24:17.271Z,sell,7.77e-06,103.0,0.00080031
SNM/BTC,1637267067110,2021-11-18T20:24:27.110Z,sell,7.76e-06,39.0,0.00030264
SNM/BTC,1637267089247,2021-11-18T20:24:49.247Z,sell,7.76e-06,65.0,0.0005044
SNM/BTC,1637267101871,2021-11-18T20:25:01.871Z,sell,7.76e-06,14.0,0.00010864
SNM/BTC,1637267104006,2021-11-18T20:25:04.006Z,buy,7.78e-06,16.0,0.00012448
SNM/BTC,1637267131197,2021-11-18T20:25:31.197Z,buy,7.78e-06,34.0,0.00026452
SNM/BTC,1637267168068,2021-11-18T20:26:08.068Z,buy,7.78e-06,25.0,0.0001945
SNM/BTC,1637267174683,2021-11-18T20:26:14.683Z,sell,7.76e-06,252.0,0.00195552
SNM/BTC,1637267182943,2021-11-18T20:26:22.943Z,sell,7.76e-06,67.0,0.00051992
SNM/BTC,1637267217096,2021-11-18T20:26:57.096Z,buy,7.78e-06,264.0,0.00205392
SNM/BTC,1637267334760,2021-11-18T20:28:54.760Z,buy,7.78e-06,364.0,0.00283192
SNM/BTC,1637267388591,2021-11-18T20:29:48.591Z,buy,7.78e-06,572.0,0.00445016
SNM/BTC,1637267388597,2021-11-18T20:29:48.597Z,sell,7.78e-06,548.0,0.00426344
SNM/BTC,1637267428442,2021-11-18T20:30:28.442Z,buy,7.78e-06,361.0,0.00280858
SNM/BTC,1637267459314,2021-11-18T20:30:59.314Z,buy,7.79e-06,125.0,0.00097375
SNM/BTC,1637267483626,2021-11-18T20:31:23.626Z,buy,7.79e-06,348.0,0.00271092
SNM/BTC,1637267490539,2021-11-18T20:31:30.539Z,buy,7.79e-06,3480.0,0.0271092
SNM/BTC,1637267490539,2021-11-18T20:31:30.539Z,buy,7.8e-06,174.0,0.0013572
SNM/BTC,1637267511420,2021-11-18T20:31:51.420Z,buy,7.81e-06,448.0,0.00349888
SNM/BTC,1637267511420,2021-11-18T20:31:51.420Z,buy,7.82e-06,309.0,0.00241638
SNM/BTC,1637267511420,2021-11-18T20:31:51.420Z,buy,7.83e-06,243.0,0.0019026899999999999
SNM/BTC,1637267511420,2021-11-18T20:31:51.420Z,buy,7.83e-06,375.0,0.0029362499999999996
SNM/BTC,1637267511420,2021-11-18T20:31:51.420Z,buy,7.84e-06,12328.0,0.09665151999999999
SNM/BTC,1637267511420,2021-11-18T20:31:51.420Z,buy,7.85e-06,1555.0,0.012206749999999999
SNM/BTC,1637267511420,2021-11-18T20:31:51.420Z,buy,7.86e-06,1230.0,0.009667799999999999
SNM/BTC,1637267511420,2021-11-18T20:31:51.420Z,buy,7.87e-06,20373.0,0.16033551
SNM/BTC,1637267511420,2021-11-18T20:31:51.420Z,buy,7.88e-06,506.0,0.00398728
SNM/BTC,1637267511420,2021-11-18T20:31:51.420Z,buy,7.89e-06,419.0,0.0033059100000000004
SNM/BTC,1637267511420,2021-11-18T20:31:51.420Z,buy,7.9e-06,7598.0,0.06002420000000001
SNM/BTC,1637267511420,2021-11-18T20:31:51.420Z,buy,7.91e-06,374.0,0.0029583400000000003
SNM/BTC,1637267511434,2021-11-18T20:31:51.434Z,buy,7.92e-06,290.0,0.0022968000000000003
SNM/BTC,1637267515315,2021-11-18T20:31:55.315Z,buy,7.92e-06,257.0,0.00203544
SNM/BTC,1637267515324,2021-11-18T20:31:55.324Z,sell,7.91e-06,467.0,0.0036939700000000004
SNM/BTC,1637267516504,2021-11-18T20:31:56.504Z,sell,7.91e-06,78.0,0.00061698
SNM/BTC,1637267517329,2021-11-18T20:31:57.329Z,sell,7.91e-06,19.0,0.00015029
SNM/BTC,1637267525158,2021-11-18T20:32:05.158Z,sell,7.91e-06,49.0,0.00038759000000000005
SNM/BTC,1637267525850,2021-11-18T20:32:05.850Z,sell,7.91e-06,74.0,0.0005853400000000001
SNM/BTC,1637267567322,2021-11-18T20:32:47.322Z,sell,7.91e-06,179.0,0.0014158900000000002
SNM/BTC,1637267568186,2021-11-18T20:32:48.186Z,buy,7.92e-06,2159.0,0.01709928
SNM/BTC,1637267571203,2021-11-18T20:32:51.203Z,sell,7.91e-06,3854.0,0.03048514
SNM/BTC,1637267585349,2021-11-18T20:33:05.349Z,sell,7.91e-06,3935.0,0.031125850000000004
SNM/BTC,1637267647712,2021-11-18T20:34:07.712Z,sell,7.91e-06,13.0,0.00010283
SNM/BTC,1637267664320,2021-11-18T20:34:24.320Z,buy,7.92e-06,17.0,0.00013464
SNM/BTC,1637267698875,2021-11-18T20:34:58.875Z,sell,7.91e-06,647.0,0.005117770000000001
SNM/BTC,1637267716156,2021-11-18T20:35:16.156Z,sell,7.91e-06,82.0,0.00064862
SNM/BTC,1637267717923,2021-11-18T20:35:17.923Z,sell,7.87e-06,33.0,0.00025970999999999996
SNM/BTC,1637267718831,2021-11-18T20:35:18.831Z,sell,7.87e-06,30.0,0.00023609999999999997
SNM/BTC,1637267773002,2021-11-18T20:36:13.002Z,sell,7.86e-06,100.0,0.0007859999999999999
SNM/BTC,1637267784383,2021-11-18T20:36:24.383Z,buy,7.91e-06,200.0,0.001582
SNM/BTC,1637267822619,2021-11-18T20:37:02.619Z,buy,7.91e-06,39.0,0.00030849
SNM/BTC,1637267853207,2021-11-18T20:37:33.207Z,sell,7.86e-06,568.0,0.00446448
SNM/BTC,1637267853741,2021-11-18T20:37:33.741Z,buy,7.86e-06,70.0,0.0005501999999999999
SNM/BTC,1637267876984,2021-11-18T20:37:56.984Z,sell,7.85e-06,1362.0,0.010691699999999998
SNM/BTC,1637267881811,2021-11-18T20:38:01.811Z,sell,7.84e-06,419.0,0.00328496
SNM/BTC,1637267883567,2021-11-18T20:38:03.567Z,sell,7.83e-06,25.0,0.00019575
SNM/BTC,1637268012215,2021-11-18T20:40:12.215Z,sell,7.84e-06,890.0,0.0069776
SNM/BTC,1637268065942,2021-11-18T20:41:05.942Z,sell,7.84e-06,542.0,0.004249279999999999
SNM/BTC,1637268066817,2021-11-18T20:41:06.817Z,sell,7.84e-06,423.0,0.0033163199999999998
SNM/BTC,1637268066817,2021-11-18T20:41:06.817Z,sell,7.83e-06,641.0,0.00501903
SNM/BTC,1637268141456,2021-11-18T20:42:21.456Z,sell,7.83e-06,193.0,0.00151119
SNM/BTC,1637268141456,2021-11-18T20:42:21.456Z,sell,7.82e-06,574.0,0.00448868
SNM/BTC,1637268141456,2021-11-18T20:42:21.456Z,sell,7.81e-06,932.0,0.0072789199999999995
SNM/BTC,1637268141456,2021-11-18T20:42:21.456Z,sell,7.8e-06,1114.0,0.0086892
SNM/BTC,1637268141456,2021-11-18T20:42:21.456Z,sell,7.79e-06,1264.0,0.00984656
SNM/BTC,1637268162432,2021-11-18T20:42:42.432Z,buy,7.83e-06,31.0,0.00024272999999999997
SNM/BTC,1637268181376,2021-11-18T20:43:01.376Z,sell,7.78e-06,865.0,0.0067297
SNM/BTC,1637268238391,2021-11-18T20:43:58.391Z,sell,7.78e-06,99.0,0.00077022
SNM/BTC,1637268238391,2021-11-18T20:43:58.391Z,sell,7.77e-06,18.0,0.00013986
SNM/BTC,1637268253955,2021-11-18T20:44:13.955Z,sell,7.77e-06,162.0,0.00125874
SNM/BTC,1637268346319,2021-11-18T20:45:46.319Z,sell,7.77e-06,24.0,0.00018648
SNM/BTC,1637268384944,2021-11-18T20:46:24.944Z,sell,7.77e-06,1853.0,0.01439781
SNM/BTC,1637268417727,2021-11-18T20:46:57.727Z,sell,7.77e-06,738.0,0.00573426
SNM/BTC,1637268531427,2021-11-18T20:48:51.427Z,buy,7.82e-06,535.0,0.004183699999999999
SNM/BTC,1637268558054,2021-11-18T20:49:18.054Z,buy,7.81e-06,150.0,0.0011715
SNM/BTC,1637268599718,2021-11-18T20:49:59.718Z,buy,7.82e-06,219.0,0.00171258
SNM/BTC,1637268643099,2021-11-18T20:50:43.099Z,buy,7.83e-06,79.0,0.0006185699999999999
SNM/BTC,1637268657112,2021-11-18T20:50:57.112Z,buy,7.82e-06,20.0,0.0001564
SNM/BTC,1637268657112,2021-11-18T20:50:57.112Z,buy,7.83e-06,5.0,3.9149999999999996e-05
SNM/BTC,1637268692938,2021-11-18T20:51:32.938Z,buy,7.83e-06,153.0,0.00119799
SNM/BTC,1637268882269,2021-11-18T20:54:42.269Z,sell,7.78e-06,267.0,0.00207726
SNM/BTC,1637268931520,2021-11-18T20:55:31.520Z,sell,7.78e-06,69.0,0.00053682
SNM/BTC,1637269021325,2021-11-18T20:57:01.325Z,sell,7.78e-06,150.0,0.001167
SNM/BTC,1637269021325,2021-11-18T20:57:01.325Z,sell,7.77e-06,50.0,0.0003885
SNM/BTC,1637269026622,2021-11-18T20:57:06.622Z,buy,7.81e-06,16.0,0.00012496
SNM/BTC,1637269043055,2021-11-18T20:57:23.055Z,sell,7.77e-06,30.0,0.0002331
SNM/BTC,1637269103648,2021-11-18T20:58:23.648Z,sell,7.77e-06,133.0,0.00103341
SNM/BTC,1637269149847,2021-11-18T20:59:09.847Z,buy,7.81e-06,256.0,0.00199936
SNM/BTC,1637269149847,2021-11-18T20:59:09.847Z,buy,7.82e-06,7.0,5.4739999999999994e-05
SNM/BTC,1637269149847,2021-11-18T20:59:09.847Z,buy,7.81e-06,256.0,0.00199936
SNM/BTC,1637269149847,2021-11-18T20:59:09.847Z,buy,7.82e-06,7.0,5.4739999999999994e-05
SNM/BTC,1637269306406,2021-11-18T21:01:46.406Z,buy,7.81e-06,311.0,0.00242891
SNM/BTC,1637269383920,2021-11-18T21:03:03.920Z,buy,7.8e-06,13.0,0.0001014
SNM/BTC,1637269403377,2021-11-18T21:03:23.377Z,sell,7.77e-06,50.0,0.0003885
SNM/BTC,1637269410034,2021-11-18T21:03:30.034Z,sell,7.78e-06,256.0,0.00199168
SNM/BTC,1637269410034,2021-11-18T21:03:30.034Z,sell,7.77e-06,1107.0,0.00860139
SNM/BTC,1637269457540,2021-11-18T21:04:17.540Z,sell,7.76e-06,613.0,0.00475688
SNM/BTC,1637269457540,2021-11-18T21:04:17.540Z,sell,7.75e-06,5.0,3.875e-05
SNM/BTC,1637269465326,2021-11-18T21:04:25.326Z,buy,7.76e-06,82.0,0.00063632
SNM/BTC,1637269467912,2021-11-18T21:04:27.912Z,buy,7.77e-06,152.0,0.00118104
SNM/BTC,1637269471736,2021-11-18T21:04:31.736Z,sell,7.75e-06,147.0,0.00113925
SNM/BTC,1637269481269,2021-11-18T21:04:41.269Z,sell,7.75e-06,1371.0,0.010625250000000001
SNM/BTC,1637269548893,2021-11-18T21:05:48.893Z,sell,7.74e-06,197.0,0.00152478
SNM/BTC,1637269571880,2021-11-18T21:06:11.880Z,sell,7.74e-06,875.0,0.006772500000000001
SNM/BTC,1637269620257,2021-11-18T21:07:00.257Z,sell,7.74e-06,6764.0,0.05235336
SNM/BTC,1637269680210,2021-11-18T21:08:00.210Z,sell,7.74e-06,16701.0,0.12926574000000002
SNM/BTC,1637269706653,2021-11-18T21:08:26.653Z,sell,7.73e-06,1147.0,0.00886631
SNM/BTC,1637269706653,2021-11-18T21:08:26.653Z,sell,7.72e-06,2442.0,0.018852240000000003
SNM/BTC,1637269709540,2021-11-18T21:08:29.540Z,buy,7.77e-06,78.0,0.0006060600000000001
SNM/BTC,1637269711316,2021-11-18T21:08:31.316Z,sell,7.73e-06,70.0,0.0005411000000000001
SNM/BTC,1637269717579,2021-11-18T21:08:37.579Z,buy,7.76e-06,26.0,0.00020176
SNM/BTC,1637269717579,2021-11-18T21:08:37.579Z,buy,7.77e-06,198.0,0.00153846
SNM/BTC,1637269798268,2021-11-18T21:09:58.268Z,sell,7.73e-06,246.0,0.0019015800000000002
SNM/BTC,1637269798268,2021-11-18T21:09:58.268Z,sell,7.72e-06,795.0,0.0061374
SNM/BTC,1637269828693,2021-11-18T21:10:28.693Z,sell,7.74e-06,85.0,0.0006579
SNM/BTC,1637269873306,2021-11-18T21:11:13.306Z,sell,7.72e-06,31.0,0.00023932
SNM/BTC,1637269910324,2021-11-18T21:11:50.324Z,buy,7.76e-06,563.0,0.00436888
SNM/BTC,1637269910324,2021-11-18T21:11:50.324Z,buy,7.77e-06,190.0,0.0014763
SNM/BTC,1637269921187,2021-11-18T21:12:01.187Z,buy,7.76e-06,123.0,0.0009544800000000001
SNM/BTC,1637269940964,2021-11-18T21:12:20.964Z,sell,7.74e-06,69.0,0.00053406
SNM/BTC,1637269940964,2021-11-18T21:12:20.964Z,sell,7.72e-06,59.0,0.00045548
SNM/BTC,1637269945725,2021-11-18T21:12:25.725Z,buy,7.76e-06,25.0,0.000194
SNM/BTC,1637269955726,2021-11-18T21:12:35.726Z,sell,7.74e-06,65.0,0.0005031
SNM/BTC,1637269967379,2021-11-18T21:12:47.379Z,sell,7.74e-06,733.0,0.00567342
SNM/BTC,1637270115850,2021-11-18T21:15:15.850Z,buy,7.76e-06,75.0,0.000582
SNM/BTC,1637270132073,2021-11-18T21:15:32.073Z,sell,7.74e-06,189.0,0.00146286
SNM/BTC,1637270144151,2021-11-18T21:15:44.151Z,sell,7.74e-06,772.0,0.00597528
SNM/BTC,1637270225401,2021-11-18T21:17:05.401Z,sell,7.74e-06,115.0,0.0008901
SNM/BTC,1637270282526,2021-11-18T21:18:02.526Z,sell,7.73e-06,25.0,0.00019325
SNM/BTC,1637270299558,2021-11-18T21:18:19.558Z,sell,7.73e-06,145.0,0.00112085
SNM/BTC,1637270299658,2021-11-18T21:18:19.658Z,sell,7.73e-06,75.0,0.0005797500000000001
SNM/BTC,1637270299723,2021-11-18T21:18:19.723Z,buy,7.74e-06,112.0,0.00086688
SNM/BTC,1637270310299,2021-11-18T21:18:30.299Z,sell,7.73e-06,187.0,0.0014455100000000001
SNM/BTC,1637270324182,2021-11-18T21:18:44.182Z,sell,7.73e-06,74.0,0.00057202
SNM/BTC,1637270363435,2021-11-18T21:19:23.435Z,sell,7.73e-06,1586.0,0.012259780000000001
SNM/BTC,1637270366391,2021-11-18T21:19:26.391Z,sell,7.73e-06,200.0,0.001546
SNM/BTC,1637270369477,2021-11-18T21:19:29.477Z,buy,7.74e-06,230.0,0.0017802
SNM/BTC,1637270369487,2021-11-18T21:19:29.487Z,buy,7.74e-06,160.0,0.0012384000000000002
SNM/BTC,1637270417021,2021-11-18T21:20:17.021Z,sell,7.73e-06,1174.0,0.009075020000000001
SNM/BTC,1637270443370,2021-11-18T21:20:43.370Z,sell,7.73e-06,1000.0,0.007730000000000001
SNM/BTC,1637270443516,2021-11-18T21:20:43.516Z,buy,7.74e-06,289.0,0.0022368600000000002
SNM/BTC,1637270444227,2021-11-18T21:20:44.227Z,sell,7.73e-06,94.0,0.0007266200000000001
SNM/BTC,1637270452983,2021-11-18T21:20:52.983Z,sell,7.73e-06,249.0,0.0019247700000000001
SNM/BTC,1637270470767,2021-11-18T21:21:10.767Z,buy,7.74e-06,17.0,0.00013158
SNM/BTC,1637270484924,2021-11-18T21:21:24.924Z,sell,7.73e-06,18.0,0.00013914
SNM/BTC,1637270500393,2021-11-18T21:21:40.393Z,sell,7.72e-06,780.0,0.0060216
SNM/BTC,1637270597086,2021-11-18T21:23:17.086Z,buy,7.73e-06,96.0,0.00074208
SNM/BTC,1637270597753,2021-11-18T21:23:17.753Z,buy,7.73e-06,473.0,0.0036562900000000004
SNM/BTC,1637270607811,2021-11-18T21:23:27.811Z,buy,7.74e-06,235.0,0.0018189
SNM/BTC,1637270619874,2021-11-18T21:23:39.874Z,buy,7.74e-06,25.0,0.00019350000000000001
SNM/BTC,1637270636475,2021-11-18T21:23:56.475Z,buy,7.74e-06,346.0,0.00267804
SNM/BTC,1637270636704,2021-11-18T21:23:56.704Z,buy,7.74e-06,4019.0,0.031107060000000002
SNM/BTC,1637270690295,2021-11-18T21:24:50.295Z,buy,7.76e-06,66.0,0.00051216
SNM/BTC,1637270741597,2021-11-18T21:25:41.597Z,sell,7.76e-06,237.0,0.00183912
SNM/BTC,1637270744604,2021-11-18T21:25:44.604Z,sell,7.76e-06,26.0,0.00020176
SNM/BTC,1637270744604,2021-11-18T21:25:44.604Z,sell,7.74e-06,726.0,0.00561924
SNM/BTC,1637270815075,2021-11-18T21:26:55.075Z,buy,7.77e-06,16.0,0.00012432
SNM/BTC,1637270840825,2021-11-18T21:27:20.825Z,buy,7.77e-06,110.0,0.0008547
SNM/BTC,1637270873906,2021-11-18T21:27:53.906Z,buy,7.77e-06,52.0,0.00040404
SNM/BTC,1637271052888,2021-11-18T21:30:52.888Z,buy,7.77e-06,32.0,0.00024864
SNM/BTC,1637271220950,2021-11-18T21:33:40.950Z,sell,7.74e-06,68.0,0.00052632
SNM/BTC,1637271259191,2021-11-18T21:34:19.191Z,buy,7.76e-06,32.0,0.00024832
SNM/BTC,1637271269855,2021-11-18T21:34:29.855Z,buy,7.76e-06,36.0,0.00027936
SNM/BTC,1637271269855,2021-11-18T21:34:29.855Z,buy,7.77e-06,198.0,0.00153846
SNM/BTC,1637271274551,2021-11-18T21:34:34.551Z,sell,7.74e-06,16.0,0.00012384
SNM/BTC,1637271287163,2021-11-18T21:34:47.163Z,sell,7.74e-06,18.0,0.00013932000000000001
SNM/BTC,1637271292078,2021-11-18T21:34:52.078Z,sell,7.74e-06,188.0,0.00145512
SNM/BTC,1637271299447,2021-11-18T21:34:59.447Z,sell,7.74e-06,36.0,0.00027864000000000003
SNM/BTC,1637271299447,2021-11-18T21:34:59.447Z,sell,7.73e-06,690.0,0.0053337
SNM/BTC,1637271302848,2021-11-18T21:35:02.848Z,sell,7.73e-06,778.0,0.006013940000000001
SNM/BTC,1637271396541,2021-11-18T21:36:36.541Z,buy,7.76e-06,294.0,0.00228144
SNM/BTC,1637271396541,2021-11-18T21:36:36.541Z,buy,7.77e-06,1069.0,0.00830613
SNM/BTC,1637271399398,2021-11-18T21:36:39.398Z,sell,7.73e-06,106.0,0.0008193800000000001
SNM/BTC,1637271522045,2021-11-18T21:38:42.045Z,sell,7.73e-06,1397.0,0.01079881
SNM/BTC,1637271530771,2021-11-18T21:38:50.771Z,sell,7.72e-06,690.0,0.0053268000000000005
SNM/BTC,1637271533996,2021-11-18T21:38:53.996Z,buy,7.72e-06,258.0,0.00199176
SNM/BTC,1637271546871,2021-11-18T21:39:06.871Z,sell,7.71e-06,696.0,0.005366160000000001
SNM/BTC,1637271555470,2021-11-18T21:39:15.470Z,buy,7.71e-06,1003.0,0.00773313
SNM/BTC,1637271557615,2021-11-18T21:39:17.615Z,sell,7.7e-06,475.0,0.0036575000000000006
SNM/BTC,1637271575222,2021-11-18T21:39:35.222Z,sell,7.7e-06,3209.0,0.024709300000000003
SNM/BTC,1637271576708,2021-11-18T21:39:36.708Z,buy,7.71e-06,279.0,0.00215109
SNM/BTC,1637271585415,2021-11-18T21:39:45.415Z,sell,7.7e-06,2000.0,0.015400000000000002
SNM/BTC,1637271630440,2021-11-18T21:40:30.440Z,buy,7.71e-06,163.0,0.0012567300000000002
SNM/BTC,1637271633332,2021-11-18T21:40:33.332Z,sell,7.7e-06,2134.0,0.016431800000000003
SNM/BTC,1637271652536,2021-11-18T21:40:52.536Z,sell,7.7e-06,1524.0,0.011734800000000002
SNM/BTC,1637271682921,2021-11-18T21:41:22.921Z,sell,7.7e-06,1706.0,0.0131362
SNM/BTC,1637271683315,2021-11-18T21:41:23.315Z,buy,7.71e-06,822.0,0.00633762
SNM/BTC,1637271750942,2021-11-18T21:42:30.942Z,sell,7.7e-06,870.0,0.006699000000000001
SNM/BTC,1637271770412,2021-11-18T21:42:50.412Z,sell,7.71e-06,96.0,0.0007401600000000001
SNM/BTC,1637271776439,2021-11-18T21:42:56.439Z,buy,7.73e-06,210.0,0.0016233
SNM/BTC,1637271776673,2021-11-18T21:42:56.673Z,buy,7.73e-06,1059.0,0.00818607
SNM/BTC,1637271804071,2021-11-18T21:43:24.071Z,buy,7.74e-06,198.0,0.00153252
SNM/BTC,1637271858922,2021-11-18T21:44:18.922Z,buy,7.74e-06,36.0,0.00027864000000000003
SNM/BTC,1637271859154,2021-11-18T21:44:19.154Z,sell,7.73e-06,388.0,0.0029992400000000002
SNM/BTC,1637271864243,2021-11-18T21:44:24.243Z,buy,7.74e-06,2113.0,0.01635462
SNM/BTC,1637271864252,2021-11-18T21:44:24.252Z,buy,7.74e-06,388.0,0.00300312
SNM/BTC,1637271898870,2021-11-18T21:44:58.870Z,sell,7.73e-06,819.0,0.006330870000000001
SNM/BTC,1637271899113,2021-11-18T21:44:59.113Z,sell,7.73e-06,852.0,0.00658596
SNM/BTC,1637272073081,2021-11-18T21:47:53.081Z,sell,7.71e-06,259.0,0.0019968900000000003
SNM/BTC,1637272073334,2021-11-18T21:47:53.334Z,buy,7.71e-06,158.0,0.0012181800000000001
SNM/BTC,1637272095094,2021-11-18T21:48:15.094Z,sell,7.7e-06,14.0,0.00010780000000000002
SNM/BTC,1637272122918,2021-11-18T21:48:42.918Z,sell,7.7e-06,1479.0,0.0113883
SNM/BTC,1637272126181,2021-11-18T21:48:46.181Z,buy,7.71e-06,694.0,0.0053507400000000005
SNM/BTC,1637272140940,2021-11-18T21:49:00.940Z,buy,7.71e-06,14.0,0.00010794000000000001
SNM/BTC,1637272146818,2021-11-18T21:49:06.818Z,sell,7.7e-06,366.0,0.0028182000000000003
SNM/BTC,1637272165715,2021-11-18T21:49:25.715Z,sell,7.7e-06,871.0,0.0067067
SNM/BTC,1637272210783,2021-11-18T21:50:10.783Z,buy,7.71e-06,131.0,0.00101001
SNM/BTC,1637272212923,2021-11-18T21:50:12.923Z,sell,7.7e-06,110.0,0.0008470000000000001
SNM/BTC,1637272275767,2021-11-18T21:51:15.767Z,sell,7.7e-06,87.0,0.0006699000000000001
SNM/BTC,1637272323934,2021-11-18T21:52:03.934Z,sell,7.7e-06,104.0,0.0008008000000000001
SNM/BTC,1637272335804,2021-11-18T21:52:15.804Z,sell,7.7e-06,78.0,0.0006006000000000001
SNM/BTC,1637272344990,2021-11-18T21:52:24.990Z,sell,7.7e-06,39.0,0.00030030000000000004
SNM/BTC,1637272362762,2021-11-18T21:52:42.762Z,sell,7.7e-06,460.0,0.0035420000000000004
SNM/BTC,1637272377301,2021-11-18T21:52:57.301Z,sell,7.7e-06,1968.0,0.015153600000000001
SNM/BTC,1637272392641,2021-11-18T21:53:12.641Z,buy,7.71e-06,2327.0,0.017941170000000003
SNM/BTC,1637272431926,2021-11-18T21:53:51.926Z,buy,7.71e-06,2525.0,0.019467750000000002
SNM/BTC,1637272462260,2021-11-18T21:54:22.260Z,buy,7.71e-06,19.0,0.00014649000000000002
SNM/BTC,1637272476167,2021-11-18T21:54:36.167Z,buy,7.71e-06,20.0,0.0001542
SNM/BTC,1637272531802,2021-11-18T21:55:31.802Z,sell,7.7e-06,26.0,0.00020020000000000001
SNM/BTC,1637272620219,2021-11-18T21:57:00.219Z,sell,7.7e-06,207.0,0.0015939
SNM/BTC,1637272643276,2021-11-18T21:57:23.276Z,sell,7.7e-06,16.0,0.0001232
SNM/BTC,1637272681428,2021-11-18T21:58:01.428Z,sell,7.7e-06,2324.0,0.017894800000000002
SNM/BTC,1637272681428,2021-11-18T21:58:01.428Z,sell,7.7e-06,2324.0,0.017894800000000002
SNM/BTC,1637272799529,2021-11-18T21:59:59.529Z,sell,7.7e-06,249.0,0.0019173000000000003
SNM/BTC,1637272900236,2021-11-18T22:01:40.236Z,sell,7.7e-06,2381.0,0.0183337
SNM/BTC,1637272900246,2021-11-18T22:01:40.246Z,sell,7.7e-06,1974.0,0.015199800000000001
SNM/BTC,1637272987817,2021-11-18T22:03:07.817Z,sell,7.69e-06,2018.0,0.015518419999999998
SNM/BTC,1637272987817,2021-11-18T22:03:07.817Z,sell,7.68e-06,1594.0,0.012241919999999998
SNM/BTC,1637272987817,2021-11-18T22:03:07.817Z,sell,7.67e-06,612.0,0.00469404
SNM/BTC,1637272987825,2021-11-18T22:03:07.825Z,buy,7.67e-06,1974.0,0.015140579999999999
SNM/BTC,1637272998942,2021-11-18T22:03:18.942Z,buy,7.67e-06,58.0,0.00044485999999999994
SNM/BTC,1637273070064,2021-11-18T22:04:30.064Z,buy,7.67e-06,462.0,0.0035435399999999995
SNM/BTC,1637273071822,2021-11-18T22:04:31.822Z,buy,7.67e-06,53.0,0.00040650999999999996
SNM/BTC,1637273119214,2021-11-18T22:05:19.214Z,sell,7.66e-06,2888.0,0.02212208
SNM/BTC,1637273119214,2021-11-18T22:05:19.214Z,sell,7.65e-06,1331.0,0.01018215
SNM/BTC,1637273119214,2021-11-18T22:05:19.214Z,sell,7.64e-06,1089.0,0.00831996
SNM/BTC,1637273124728,2021-11-18T22:05:24.728Z,sell,7.64e-06,70.0,0.0005348
SNM/BTC,1637273129913,2021-11-18T22:05:29.913Z,buy,7.67e-06,423.0,0.0032444099999999997
SNM/BTC,1637273140477,2021-11-18T22:05:40.477Z,sell,7.64e-06,356.0,0.00271984
SNM/BTC,1637273197421,2021-11-18T22:06:37.421Z,sell,7.65e-06,35.0,0.00026775
SNM/BTC,1637273268778,2021-11-18T22:07:48.778Z,buy,7.67e-06,17.0,0.00013038999999999998
SNM/BTC,1637273354071,2021-11-18T22:09:14.071Z,sell,7.64e-06,260.0,0.0019863999999999997
SNM/BTC,1637273354071,2021-11-18T22:09:14.071Z,sell,7.63e-06,505.0,0.00385315
SNM/BTC,1637273360275,2021-11-18T22:09:20.275Z,sell,7.63e-06,122.0,0.0009308599999999999
SNM/BTC,1637273385676,2021-11-18T22:09:45.676Z,buy,7.65e-06,35.0,0.00026775
SNM/BTC,1637273385676,2021-11-18T22:09:45.676Z,buy,7.66e-06,79.0,0.00060514
SNM/BTC,1637273387988,2021-11-18T22:09:47.988Z,buy,7.66e-06,732.0,0.005607119999999999
SNM/BTC,1637273389373,2021-11-18T22:09:49.373Z,buy,7.66e-06,127.0,0.0009728199999999999
SNM/BTC,1637273404261,2021-11-18T22:10:04.261Z,buy,7.67e-06,153.0,0.00117351
SNM/BTC,1637273404261,2021-11-18T22:10:04.261Z,buy,7.68e-06,83.0,0.00063744
SNM/BTC,1637273412340,2021-11-18T22:10:12.340Z,buy,7.68e-06,110.0,0.0008447999999999999
SNM/BTC,1637273417776,2021-11-18T22:10:17.776Z,buy,7.68e-06,116.0,0.0008908799999999999
SNM/BTC,1637273431922,2021-11-18T22:10:31.922Z,sell,7.66e-06,264.0,0.00202224
SNM/BTC,1637273431922,2021-11-18T22:10:31.922Z,sell,7.64e-06,285.0,0.0021774
SNM/BTC,1637273492372,2021-11-18T22:11:32.372Z,sell,7.64e-06,229.0,0.0017495599999999998
SNM/BTC,1637273549293,2021-11-18T22:12:29.293Z,sell,7.65e-06,116.0,0.0008874
SNM/BTC,1637273561171,2021-11-18T22:12:41.171Z,sell,7.65e-06,135.0,0.00103275
SNM/BTC,1637273561171,2021-11-18T22:12:41.171Z,sell,7.64e-06,82.0,0.00062648
SNM/BTC,1637273561171,2021-11-18T22:12:41.171Z,sell,7.63e-06,2327.0,0.017755009999999998
SNM/BTC,1637273561171,2021-11-18T22:12:41.171Z,sell,7.62e-06,3151.0,0.02401062
SNM/BTC,1637273589685,2021-11-18T22:13:09.685Z,sell,7.62e-06,88.0,0.00067056
SNM/BTC,1637273594689,2021-11-18T22:13:14.689Z,sell,7.63e-06,261.0,0.0019914299999999998
SNM/BTC,1637273630449,2021-11-18T22:13:50.449Z,buy,7.65e-06,1000.0,0.00765
SNM/BTC,1637273639308,2021-11-18T22:13:59.308Z,buy,7.65e-06,134.0,0.0010251
SNM/BTC,1637273639308,2021-11-18T22:13:59.308Z,buy,7.67e-06,116.0,0.0008897199999999999
SNM/BTC,1637273691010,2021-11-18T22:14:51.010Z,sell,7.65e-06,439.0,0.00335835
SNM/BTC,1637273694592,2021-11-18T22:14:54.592Z,buy,7.65e-06,5.0,3.8249999999999995e-05
SNM/BTC,1637273700430,2021-11-18T22:15:00.430Z,buy,7.67e-06,16.0,0.00012272
SNM/BTC,1637273723354,2021-11-18T22:15:23.354Z,sell,7.65e-06,441.0,0.0033736499999999997
SNM/BTC,1637273734968,2021-11-18T22:15:34.968Z,buy,7.65e-06,443.0,0.00338895
SNM/BTC,1637273783707,2021-11-18T22:16:23.707Z,sell,7.65e-06,19830.0,0.1516995
SNM/BTC,1637273783718,2021-11-18T22:16:23.718Z,sell,7.63e-06,245.0,0.0018693499999999999
SNM/BTC,1637273789930,2021-11-18T22:16:29.930Z,buy,7.64e-06,430.0,0.0032852
SNM/BTC,1637273793471,2021-11-18T22:16:33.471Z,buy,7.63e-06,393.0,0.0029985899999999998
SNM/BTC,1637273795919,2021-11-18T22:16:35.919Z,buy,7.63e-06,68.0,0.00051884
SNM/BTC,1637273805779,2021-11-18T22:16:45.779Z,sell,7.63e-06,325.0,0.0024797499999999997
SNM/BTC,1637273805779,2021-11-18T22:16:45.779Z,sell,7.62e-06,66091.0,0.50361342
SNM/BTC,1637273806274,2021-11-18T22:16:46.274Z,buy,7.64e-06,392.0,0.0029948799999999997
SNM/BTC,1637273855047,2021-11-18T22:17:35.047Z,buy,7.66e-06,165.0,0.0012638999999999999
SNM/BTC,1637273855972,2021-11-18T22:17:35.972Z,buy,7.66e-06,130.0,0.0009958
SNM/BTC,1637273898370,2021-11-18T22:18:18.370Z,buy,7.66e-06,564.0,0.0043202399999999995
SNM/BTC,1637273898577,2021-11-18T22:18:18.577Z,sell,7.66e-06,574.0,0.00439684
SNM/BTC,1637273900729,2021-11-18T22:18:20.729Z,buy,7.67e-06,32.0,0.00024544
SNM/BTC,1637273943524,2021-11-18T22:19:03.524Z,buy,7.67e-06,614.0,0.00470938
SNM/BTC,1637273943524,2021-11-18T22:19:03.524Z,buy,7.68e-06,36.0,0.00027647999999999995
SNM/BTC,1637273992937,2021-11-18T22:19:52.937Z,sell,7.63e-06,153.0,0.00116739
SNM/BTC,1637273997854,2021-11-18T22:19:57.854Z,sell,7.63e-06,1070.0,0.0081641
SNM/BTC,1637273997854,2021-11-18T22:19:57.854Z,sell,7.62e-06,2657.0,0.020246339999999998
SNM/BTC,1637274015285,2021-11-18T22:20:15.285Z,buy,7.68e-06,165.0,0.0012671999999999998
SNM/BTC,1637274085005,2021-11-18T22:21:25.005Z,buy,7.68e-06,69.0,0.0005299199999999999
SNM/BTC,1637274085005,2021-11-18T22:21:25.005Z,buy,7.69e-06,197.0,0.0015149299999999998
SNM/BTC,1637274085005,2021-11-18T22:21:25.005Z,buy,7.7e-06,352.0,0.0027104000000000004
SNM/BTC,1637274085287,2021-11-18T22:21:25.287Z,buy,7.68e-06,25.0,0.00019199999999999998
SNM/BTC,1637274085291,2021-11-18T22:21:25.291Z,buy,7.68e-06,60.0,0.0004608
SNM/BTC,1637274085299,2021-11-18T22:21:25.299Z,buy,7.68e-06,25.0,0.00019199999999999998
SNM/BTC,1637274085353,2021-11-18T22:21:25.353Z,buy,7.68e-06,363.0,0.0027878399999999998
SNM/BTC,1637274085784,2021-11-18T22:21:25.784Z,buy,7.68e-06,362.0,0.00278016
SNM/BTC,1637274101050,2021-11-18T22:21:41.050Z,buy,7.68e-06,107.0,0.0008217599999999999
SNM/BTC,1637274101281,2021-11-18T22:21:41.281Z,buy,7.68e-06,470.0,0.0036095999999999997
SNM/BTC,1637274107655,2021-11-18T22:21:47.655Z,sell,7.68e-06,1781.0,0.013678079999999999
SNM/BTC,1637274129694,2021-11-18T22:22:09.694Z,sell,7.68e-06,313.0,0.00240384
SNM/BTC,1637274153631,2021-11-18T22:22:33.631Z,sell,7.68e-06,32.0,0.00024576
SNM/BTC,1637274226206,2021-11-18T22:23:46.206Z,sell,7.69e-06,909.0,0.006990209999999999
SNM/BTC,1637274226227,2021-11-18T22:23:46.227Z,buy,7.69e-06,251.0,0.0019301899999999998
SNM/BTC,1637274236351,2021-11-18T22:23:56.351Z,buy,7.7e-06,158.0,0.0012166000000000002
SNM/BTC,1637274236633,2021-11-18T22:23:56.633Z,buy,7.7e-06,400.0,0.0030800000000000003
SNM/BTC,1637274323630,2021-11-18T22:25:23.630Z,sell,7.68e-06,18.0,0.00013823999999999998
SNM/BTC,1637274363277,2021-11-18T22:26:03.277Z,sell,7.66e-06,72.0,0.00055152
SNM/BTC,1637274363277,2021-11-18T22:26:03.277Z,sell,7.65e-06,474.0,0.0036260999999999997
SNM/BTC,1637274363277,2021-11-18T22:26:03.277Z,sell,7.64e-06,137.0,0.00104668
SNM/BTC,1637274363277,2021-11-18T22:26:03.277Z,sell,7.63e-06,843.0,0.00643209
SNM/BTC,1637274363277,2021-11-18T22:26:03.277Z,sell,7.62e-06,25.0,0.0001905
SNM/BTC,1637274367606,2021-11-18T22:26:07.606Z,buy,7.69e-06,214.0,0.0016456599999999997
SNM/BTC,1637274393205,2021-11-18T22:26:33.205Z,buy,7.68e-06,159.0,0.0012211199999999998
SNM/BTC,1637274514049,2021-11-18T22:28:34.049Z,sell,7.64e-06,26.0,0.00019863999999999998
SNM/BTC,1637274514049,2021-11-18T22:28:34.049Z,sell,7.63e-06,613.0,0.0046771899999999995
SNM/BTC,1637274514049,2021-11-18T22:28:34.049Z,sell,7.62e-06,231.0,0.00176022
SNM/BTC,1637274524962,2021-11-18T22:28:44.962Z,buy,7.67e-06,32.0,0.00024544
SNM/BTC,1637274568038,2021-11-18T22:29:28.038Z,sell,7.63e-06,139.0,0.00106057
SNM/BTC,1637274654716,2021-11-18T22:30:54.716Z,sell,7.63e-06,631.0,0.00481453
SNM/BTC,1637274654744,2021-11-18T22:30:54.744Z,buy,7.63e-06,323.0,0.0024644899999999997
SNM/BTC,1637274700263,2021-11-18T22:31:40.263Z,sell,7.62e-06,500.0,0.00381
SNM/BTC,1637274700274,2021-11-18T22:31:40.274Z,buy,7.62e-06,25.0,0.0001905
SNM/BTC,1637274721665,2021-11-18T22:32:01.665Z,sell,7.61e-06,664.0,0.00505304
SNM/BTC,1637274721665,2021-11-18T22:32:01.665Z,sell,7.6e-06,4168.0,0.0316768
SNM/BTC,1637274728658,2021-11-18T22:32:08.658Z,sell,7.61e-06,100.0,0.000761
SNM/BTC,1637274728658,2021-11-18T22:32:08.658Z,sell,7.6e-06,342.0,0.0025992
SNM/BTC,1637274739874,2021-11-18T22:32:19.874Z,buy,7.63e-06,168.0,0.00128184
SNM/BTC,1637274779405,2021-11-18T22:32:59.405Z,buy,7.63e-06,139.0,0.00106057
SNM/BTC,1637274802792,2021-11-18T22:33:22.792Z,buy,7.63e-06,685.0,0.00522655
SNM/BTC,1637274802792,2021-11-18T22:33:22.792Z,buy,7.65e-06,773.0,0.00591345
SNM/BTC,1637274802792,2021-11-18T22:33:22.792Z,buy,7.66e-06,322.0,0.00246652
SNM/BTC,1637274802792,2021-11-18T22:33:22.792Z,buy,7.67e-06,172.0,0.00131924
SNM/BTC,1637274895964,2021-11-18T22:34:55.964Z,sell,7.63e-06,857.0,0.00653891
SNM/BTC,1637274899893,2021-11-18T22:34:59.893Z,buy,7.67e-06,542.0,0.004157139999999999
SNM/BTC,1637274900265,2021-11-18T22:35:00.265Z,buy,7.68e-06,81.0,0.0006220799999999999
SNM/BTC,1637274902341,2021-11-18T22:35:02.341Z,buy,7.68e-06,290.0,0.0022272
SNM/BTC,1637274902728,2021-11-18T22:35:02.728Z,sell,7.67e-06,31.0,0.00023777
SNM/BTC,1637275037245,2021-11-18T22:37:17.245Z,sell,7.64e-06,298.0,0.00227672
SNM/BTC,1637275037245,2021-11-18T22:37:17.245Z,sell,7.63e-06,7110.0,0.0542493
SNM/BTC,1637275119515,2021-11-18T22:38:39.515Z,sell,7.63e-06,47.0,0.00035861
SNM/BTC,1637275211562,2021-11-18T22:40:11.562Z,buy,7.66e-06,96.0,0.00073536
SNM/BTC,1637275212520,2021-11-18T22:40:12.520Z,buy,7.65e-06,288.0,0.0022031999999999998
SNM/BTC,1637275212532,2021-11-18T22:40:12.532Z,sell,7.65e-06,10.0,7.649999999999999e-05
SNM/BTC,1637275241297,2021-11-18T22:40:41.297Z,sell,7.63e-06,24.0,0.00018312
SNM/BTC,1637275292818,2021-11-18T22:41:32.818Z,sell,7.63e-06,86.0,0.00065618
SNM/BTC,1637275292818,2021-11-18T22:41:32.818Z,sell,7.62e-06,677.0,0.00515874
SNM/BTC,1637275292818,2021-11-18T22:41:32.818Z,sell,7.61e-06,476.0,0.00362236
SNM/BTC,1637275292818,2021-11-18T22:41:32.818Z,sell,7.6e-06,5707.0,0.0433732
SNM/BTC,1637275292818,2021-11-18T22:41:32.818Z,sell,7.59e-06,1545.0,0.01172655
SNM/BTC,1637275297259,2021-11-18T22:41:37.259Z,sell,7.58e-06,70.0,0.0005306
SNM/BTC,1637275297354,2021-11-18T22:41:37.354Z,buy,7.59e-06,1679.0,0.01274361
SNM/BTC,1637275297357,2021-11-18T22:41:37.357Z,buy,7.59e-06,167.0,0.00126753
SNM/BTC,1637275297361,2021-11-18T22:41:37.361Z,buy,7.59e-06,235.0,0.0017836500000000001
SNM/BTC,1637275297532,2021-11-18T22:41:37.532Z,buy,7.59e-06,14.0,0.00010626
SNM/BTC,1637275387692,2021-11-18T22:43:07.692Z,buy,7.59e-06,14.0,0.00010626
SNM/BTC,1637275388348,2021-11-18T22:43:08.348Z,buy,7.59e-06,6188.0,0.04696692
SNM/BTC,1637275408800,2021-11-18T22:43:28.800Z,buy,7.64e-06,403.0,0.0030789199999999997
SNM/BTC,1637275408800,2021-11-18T22:43:28.800Z,buy,7.65e-06,522.0,0.0039933
SNM/BTC,1637275408800,2021-11-18T22:43:28.800Z,buy,7.66e-06,583.0,0.00446578
SNM/BTC,1637275408800,2021-11-18T22:43:28.800Z,buy,7.67e-06,97.0,0.0007439899999999999
SNM/BTC,1637275493262,2021-11-18T22:44:53.262Z,sell,7.62e-06,329.0,0.00250698
SNM/BTC,1637275493262,2021-11-18T22:44:53.262Z,sell,7.61e-06,374.0,0.00284614
SNM/BTC,1637275493262,2021-11-18T22:44:53.262Z,sell,7.6e-06,120.0,0.000912
SNM/BTC,1637275576848,2021-11-18T22:46:16.848Z,sell,7.6e-06,168.0,0.0012768
SNM/BTC,1637275606835,2021-11-18T22:46:46.835Z,sell,7.61e-06,271.0,0.00206231
SNM/BTC,1637275606835,2021-11-18T22:46:46.835Z,sell,7.6e-06,807.0,0.0061332
SNM/BTC,1637275606835,2021-11-18T22:46:46.835Z,sell,7.59e-06,874.0,0.00663366
SNM/BTC,1637275607971,2021-11-18T22:46:47.971Z,buy,7.64e-06,33.0,0.00025212
SNM/BTC,1637275612050,2021-11-18T22:46:52.050Z,sell,7.6e-06,526.0,0.0039976000000000005
SNM/BTC,1637275612050,2021-11-18T22:46:52.050Z,sell,7.59e-06,3346.0,0.02539614
SNM/BTC,1637275655082,2021-11-18T22:47:35.082Z,sell,7.6e-06,1057.0,0.0080332
SNM/BTC,1637275655082,2021-11-18T22:47:35.082Z,sell,7.59e-06,228.0,0.0017305200000000001
SNM/BTC,1637275668070,2021-11-18T22:47:48.070Z,sell,7.59e-06,220.0,0.0016698
SNM/BTC,1637275701926,2021-11-18T22:48:21.926Z,sell,7.59e-06,1766.0,0.01340394
SNM/BTC,1637275702157,2021-11-18T22:48:22.157Z,buy,7.59e-06,3725.0,0.02827275
SNM/BTC,1637275763516,2021-11-18T22:49:23.516Z,buy,7.63e-06,115.0,0.00087745
SNM/BTC,1637275785072,2021-11-18T22:49:45.072Z,buy,7.63e-06,734.0,0.00560042
SNM/BTC,1637275785072,2021-11-18T22:49:45.072Z,buy,7.64e-06,37.0,0.00028268
SNM/BTC,1637275793403,2021-11-18T22:49:53.403Z,sell,7.58e-06,145.0,0.0010991
SNM/BTC,1637275827324,2021-11-18T22:50:27.324Z,sell,7.58e-06,280.0,0.0021224
SNM/BTC,1637275830807,2021-11-18T22:50:30.807Z,buy,7.63e-06,81.0,0.00061803
SNM/BTC,1637275876516,2021-11-18T22:51:16.516Z,buy,7.62e-06,26.0,0.00019812
SNM/BTC,1637275876516,2021-11-18T22:51:16.516Z,buy,7.63e-06,309.0,0.00235767
SNM/BTC,1637275878052,2021-11-18T22:51:18.052Z,buy,7.63e-06,34.0,0.00025942
SNM/BTC,1637275884597,2021-11-18T22:51:24.597Z,buy,7.63e-06,83.0,0.00063329
SNM/BTC,1637275893276,2021-11-18T22:51:33.276Z,buy,7.63e-06,436.0,0.00332668
SNM/BTC,1637275893276,2021-11-18T22:51:33.276Z,buy,7.64e-06,558.0,0.00426312
SNM/BTC,1637275893276,2021-11-18T22:51:33.276Z,buy,7.65e-06,9.0,6.884999999999999e-05
SNM/BTC,1637275918297,2021-11-18T22:51:58.297Z,sell,7.59e-06,509.0,0.00386331
SNM/BTC,1637275932536,2021-11-18T22:52:12.536Z,sell,7.59e-06,96.0,0.00072864
SNM/BTC,1637275948042,2021-11-18T22:52:28.042Z,sell,7.6e-06,288.0,0.0021888
SNM/BTC,1637276053641,2021-11-18T22:54:13.641Z,buy,7.64e-06,56.0,0.00042783999999999997
SNM/BTC,1637276053641,2021-11-18T22:54:13.641Z,buy,7.65e-06,61.0,0.00046665
SNM/BTC,1637276067886,2021-11-18T22:54:27.886Z,sell,7.59e-06,100.0,0.000759
SNM/BTC,1637276072102,2021-11-18T22:54:32.102Z,buy,7.6e-06,100.0,0.00076
SNM/BTC,1637276085519,2021-11-18T22:54:45.519Z,sell,7.6e-06,556.0,0.0042256
SNM/BTC,1637276085519,2021-11-18T22:54:45.519Z,sell,7.59e-06,3359.0,0.02549481
SNM/BTC,1637276153808,2021-11-18T22:55:53.808Z,buy,7.63e-06,14.0,0.00010682
SNM/BTC,1637276167210,2021-11-18T22:56:07.210Z,buy,7.64e-06,595.0,0.0045458
SNM/BTC,1637276167820,2021-11-18T22:56:07.820Z,buy,7.65e-06,2183.0,0.016699949999999998
SNM/BTC,1637276179225,2021-11-18T22:56:19.225Z,buy,7.66e-06,322.0,0.00246652
SNM/BTC,1637276192626,2021-11-18T22:56:32.626Z,buy,7.67e-06,166.0,0.0012732199999999998
SNM/BTC,1637276192851,2021-11-18T22:56:32.851Z,buy,7.67e-06,793.0,0.00608231
SNM/BTC,1637276204197,2021-11-18T22:56:44.197Z,sell,7.67e-06,3199.0,0.02453633
SNM/BTC,1637276216482,2021-11-18T22:56:56.482Z,buy,7.68e-06,20.0,0.0001536
SNM/BTC,1637276216726,2021-11-18T22:56:56.726Z,buy,7.68e-06,61.0,0.00046847999999999996
SNM/BTC,1637276226630,2021-11-18T22:57:06.630Z,buy,7.69e-06,83.0,0.0006382699999999999
SNM/BTC,1637276227209,2021-11-18T22:57:07.209Z,buy,7.69e-06,16.0,0.00012304
SNM/BTC,1637276227440,2021-11-18T22:57:07.440Z,buy,7.69e-06,59.0,0.00045370999999999996
SNM/BTC,1637276248987,2021-11-18T22:57:28.987Z,sell,7.69e-06,44.0,0.00033835999999999995
SNM/BTC,1637276272173,2021-11-18T22:57:52.173Z,buy,7.7e-06,161.0,0.0012397
SNM/BTC,1637276272173,2021-11-18T22:57:52.173Z,buy,7.7e-06,161.0,0.0012397
SNM/BTC,1637276329374,2021-11-18T22:58:49.374Z,buy,7.7e-06,114.0,0.0008778000000000001
SNM/BTC,1637276331534,2021-11-18T22:58:51.534Z,sell,7.69e-06,85.0,0.00065365
SNM/BTC,1637276338631,2021-11-18T22:58:58.631Z,buy,7.7e-06,353.0,0.0027181
SNM/BTC,1637276339281,2021-11-18T22:58:59.281Z,sell,7.69e-06,53.0,0.00040756999999999995
SNM/BTC,1637276347745,2021-11-18T22:59:07.745Z,sell,7.69e-06,36.0,0.00027684
SNM/BTC,1637276349823,2021-11-18T22:59:09.823Z,sell,7.69e-06,408.0,0.0031375199999999995
SNM/BTC,1637276385909,2021-11-18T22:59:45.909Z,sell,7.69e-06,894.0,0.006874859999999999
SNM/BTC,1637276387078,2021-11-18T22:59:47.078Z,sell,7.66e-06,739.0,0.00566074
SNM/BTC,1637276440334,2021-11-18T23:00:40.334Z,buy,7.69e-06,33.0,0.00025376999999999995
SNM/BTC,1637276451878,2021-11-18T23:00:51.878Z,buy,7.69e-06,798.0,0.00613662
SNM/BTC,1637276473003,2021-11-18T23:01:13.003Z,sell,7.69e-06,558.0,0.0042910199999999996
SNM/BTC,1637276474299,2021-11-18T23:01:14.299Z,sell,7.69e-06,3550.0,0.027299499999999997
SNM/BTC,1637276504006,2021-11-18T23:01:44.006Z,buy,7.7e-06,923.0,0.007107100000000001
SNM/BTC,1637276504006,2021-11-18T23:01:44.006Z,buy,7.71e-06,746.0,0.0057516600000000005
SNM/BTC,1637276541743,2021-11-18T23:02:21.743Z,buy,7.71e-06,585.0,0.004510350000000001
SNM/BTC,1637276541751,2021-11-18T23:02:21.751Z,sell,7.71e-06,191.0,0.00147261
SNM/BTC,1637276590848,2021-11-18T23:03:10.848Z,buy,7.7e-06,160.0,0.001232
SNM/BTC,1637276597473,2021-11-18T23:03:17.473Z,sell,7.66e-06,821.0,0.006288859999999999
SNM/BTC,1637276597473,2021-11-18T23:03:17.473Z,sell,7.65e-06,534.0,0.0040850999999999995
SNM/BTC,1637276597473,2021-11-18T23:03:17.473Z,sell,7.64e-06,1100.0,0.008404
SNM/BTC,1637276602294,2021-11-18T23:03:22.294Z,buy,7.68e-06,26.0,0.00019967999999999999
SNM/BTC,1637276618148,2021-11-18T23:03:38.148Z,buy,7.68e-06,175.0,0.001344
SNM/BTC,1637276620220,2021-11-18T23:03:40.220Z,buy,7.68e-06,68.0,0.00052224
SNM/BTC,1637276620450,2021-11-18T23:03:40.450Z,buy,7.68e-06,607.0,0.004661759999999999
SNM/BTC,1637276677459,2021-11-18T23:04:37.459Z,sell,7.68e-06,116.0,0.0008908799999999999
SNM/BTC,1637276699130,2021-11-18T23:04:59.130Z,buy,7.68e-06,119.0,0.0009139199999999999
SNM/BTC,1637276730900,2021-11-18T23:05:30.900Z,sell,7.66e-06,245.0,0.0018766999999999998
SNM/BTC,1637276786022,2021-11-18T23:06:26.022Z,buy,7.69e-06,301.0,0.00231469
SNM/BTC,1637276786022,2021-11-18T23:06:26.022Z,buy,7.7e-06,464.0,0.0035728000000000005
SNM/BTC,1637276786022,2021-11-18T23:06:26.022Z,buy,7.71e-06,355.0,0.0027370500000000004
SNM/BTC,1637276829574,2021-11-18T23:07:09.574Z,buy,7.68e-06,687.0,0.005276159999999999
SNM/BTC,1637276857124,2021-11-18T23:07:37.124Z,buy,7.68e-06,1953.0,0.014999039999999998
SNM/BTC,1637276878814,2021-11-18T23:07:58.814Z,sell,7.66e-06,1265.0,0.0096899
SNM/BTC,1637276909071,2021-11-18T23:08:29.071Z,buy,7.68e-06,27.0,0.00020736
SNM/BTC,1637276959072,2021-11-18T23:09:19.072Z,sell,7.66e-06,2680.0,0.0205288
SNM/BTC,1637276996948,2021-11-18T23:09:56.948Z,buy,7.71e-06,217.0,0.0016730700000000002
SNM/BTC,1637277062725,2021-11-18T23:11:02.725Z,buy,7.69e-06,161.0,0.0012380899999999999
SNM/BTC,1637277066202,2021-11-18T23:11:06.202Z,sell,7.66e-06,2000.0,0.015319999999999999
SNM/BTC,1637277095333,2021-11-18T23:11:35.333Z,sell,7.67e-06,283.0,0.00217061
SNM/BTC,1637277097760,2021-11-18T23:11:37.760Z,sell,7.67e-06,267.0,0.0020478899999999997
SNM/BTC,1637277097760,2021-11-18T23:11:37.760Z,sell,7.66e-06,505.0,0.0038683
SNM/BTC,1637277159640,2021-11-18T23:12:39.640Z,sell,7.67e-06,20.0,0.0001534
SNM/BTC,1637277193715,2021-11-18T23:13:13.715Z,sell,7.67e-06,276.0,0.00211692
SNM/BTC,1637277193723,2021-11-18T23:13:13.723Z,buy,7.67e-06,739.0,0.0056681299999999995
SNM/BTC,1637277202117,2021-11-18T23:13:22.117Z,sell,7.66e-06,22178.0,0.16988347999999998
SNM/BTC,1637277202124,2021-11-18T23:13:22.124Z,sell,7.65e-06,605.0,0.0046282499999999996
SNM/BTC,1637277202124,2021-11-18T23:13:22.124Z,sell,7.64e-06,567.0,0.00433188
SNM/BTC,1637277202134,2021-11-18T23:13:22.134Z,sell,7.63e-06,857.0,0.00653891
SNM/BTC,1637277202348,2021-11-18T23:13:22.348Z,buy,7.65e-06,1323.0,0.01012095
SNM/BTC,1637277202348,2021-11-18T23:13:22.348Z,buy,7.66e-06,21577.0,0.16527982
SNM/BTC,1637277202368,2021-11-18T23:13:22.368Z,sell,7.63e-06,2405.0,0.01835015
