symbol,timestamp,datetime,side,price,amount,btc_volume
SNM/BTC,1643123089101,2022-01-25T15:04:49.101Z,buy,5.42e-06,77.0,0.00041734
SNM/BTC,1643124698432,2022-01-25T15:31:38.432Z,buy,5.42e-06,200.0,0.001084
SNM/BTC,1643124774915,2022-01-25T15:32:54.915Z,buy,5.43e-06,476.0,0.00258468
SNM/BTC,1643126088448,2022-01-25T15:54:48.448Z,buy,5.43e-06,150.0,0.0008144999999999999
SNM/BTC,1643126410830,2022-01-25T16:00:10.830Z,buy,5.44e-06,3937.0,0.021417279999999997
SNM/BTC,1643126410830,2022-01-25T16:00:10.830Z,buy,5.45e-06,2831.0,0.01542895
SNM/BTC,1643126410830,2022-01-25T16:00:10.830Z,buy,5.46e-06,1259.0,0.00687414
SNM/BTC,1643126415708,2022-01-25T16:00:15.708Z,sell,5.44e-06,200.0,0.001088
SNM/BTC,1643126446940,2022-01-25T16:00:46.940Z,sell,5.43e-06,255.0,0.0013846499999999999
SNM/BTC,1643126446940,2022-01-25T16:00:46.940Z,sell,5.42e-06,679.0,0.00368018
SNM/BTC,1643126446940,2022-01-25T16:00:46.940Z,sell,5.43e-06,255.0,0.0013846499999999999
SNM/BTC,1643126446940,2022-01-25T16:00:46.940Z,sell,5.42e-06,679.0,0.00368018
SNM/BTC,1643126862696,2022-01-25T16:07:42.696Z,sell,5.42e-06,93.0,0.00050406
SNM/BTC,1643126891259,2022-01-25T16:08:11.259Z,sell,5.41e-06,1480.0,0.0080068
SNM/BTC,1643126891259,2022-01-25T16:08:11.259Z,sell,5.4e-06,1921.0,0.0103734
SNM/BTC,1643126891267,2022-01-25T16:08:11.267Z,buy,5.4e-06,44.0,0.0002376
SNM/BTC,1643126911783,2022-01-25T16:08:31.783Z,sell,5.4e-06,573.0,0.0030942
SNM/BTC,1643126953980,2022-01-25T16:09:13.980Z,sell,5.39e-06,19.0,0.00010241
SNM/BTC,1643129216161,2022-01-25T16:46:56.161Z,sell,5.39e-06,4058.0,0.02187262
SNM/BTC,1643129899222,2022-01-25T16:58:19.222Z,buy,5.39e-06,329.0,0.00177331
SNM/BTC,1643129899222,2022-01-25T16:58:19.222Z,buy,5.4e-06,154.0,0.0008316
SNM/BTC,1643129949376,2022-01-25T16:59:09.376Z,buy,5.4e-06,2517.0,0.0135918
SNM/BTC,1643129949376,2022-01-25T16:59:09.376Z,buy,5.4e-06,2517.0,0.0135918
SNM/BTC,1643130278229,2022-01-25T17:04:38.229Z,buy,5.41e-06,94.0,0.00050854
SNM/BTC,1643130395506,2022-01-25T17:06:35.506Z,sell,5.38e-06,39.0,0.00020982
SNM/BTC,1643130564009,2022-01-25T17:09:24.009Z,buy,5.41e-06,7.0,3.787e-05
SNM/BTC,1643130564009,2022-01-25T17:09:24.009Z,buy,5.42e-06,586.0,0.0031761199999999997
SNM/BTC,1643130564009,2022-01-25T17:09:24.009Z,buy,5.43e-06,349.0,0.0018950699999999998
SNM/BTC,1643130967299,2022-01-25T17:16:07.299Z,sell,5.4e-06,479.0,0.0025866
SNM/BTC,1643130979148,2022-01-25T17:16:19.148Z,sell,5.39e-06,19.0,0.00010241
SNM/BTC,1643131054591,2022-01-25T17:17:34.591Z,sell,5.39e-06,467.0,0.0025171300000000002
SNM/BTC,1643131368373,2022-01-25T17:22:48.373Z,sell,5.38e-06,422.0,0.00227036
SNM/BTC,1643131493497,2022-01-25T17:24:53.497Z,sell,5.38e-06,61.0,0.00032818
SNM/BTC,1643132849905,2022-01-25T17:47:29.905Z,sell,5.38e-06,567.0,0.00305046
SNM/BTC,1643132987675,2022-01-25T17:49:47.675Z,sell,5.38e-06,790.0,0.0042502
SNM/BTC,1643132987675,2022-01-25T17:49:47.675Z,sell,5.37e-06,1101.0,0.00591237
SNM/BTC,1643132987675,2022-01-25T17:49:47.675Z,sell,5.38e-06,790.0,0.0042502
SNM/BTC,1643132987675,2022-01-25T17:49:47.675Z,sell,5.37e-06,1101.0,0.00591237
SNM/BTC,1643133746415,2022-01-25T18:02:26.415Z,sell,5.37e-06,361.0,0.0019385700000000001
SNM/BTC,1643133849159,2022-01-25T18:04:09.159Z,sell,5.37e-06,62.0,0.00033294
SNM/BTC,1643134671747,2022-01-25T18:17:51.747Z,sell,5.37e-06,2517.0,0.01351629
SNM/BTC,1643134724700,2022-01-25T18:18:44.700Z,sell,5.37e-06,19.0,0.00010203000000000001
SNM/BTC,1643134893542,2022-01-25T18:21:33.542Z,sell,5.37e-06,414.0,0.00222318
SNM/BTC,1643135333189,2022-01-25T18:28:53.189Z,sell,5.37e-06,4035.0,0.021667950000000002
SNM/BTC,1643136306959,2022-01-25T18:45:06.959Z,sell,5.37e-06,8027.0,0.04310499
SNM/BTC,1643136306959,2022-01-25T18:45:06.959Z,sell,5.37e-06,8027.0,0.04310499
SNM/BTC,1643136621923,2022-01-25T18:50:21.923Z,buy,5.39e-06,19.0,0.00010241
SNM/BTC,1643137037841,2022-01-25T18:57:17.841Z,buy,5.39e-06,556.0,0.00299684
SNM/BTC,1643137037841,2022-01-25T18:57:17.841Z,buy,5.4e-06,202.0,0.0010908
SNM/BTC,1643137037841,2022-01-25T18:57:17.841Z,buy,5.41e-06,245.0,0.00132545
SNM/BTC,1643137077420,2022-01-25T18:57:57.420Z,sell,5.4e-06,19.0,0.0001026
SNM/BTC,1643137077420,2022-01-25T18:57:57.420Z,sell,5.39e-06,101.0,0.00054439
SNM/BTC,1643137077420,2022-01-25T18:57:57.420Z,sell,5.38e-06,288.0,0.00154944
SNM/BTC,1643137145619,2022-01-25T18:59:05.619Z,buy,5.38e-06,557.0,0.00299666
SNM/BTC,1643137146533,2022-01-25T18:59:06.533Z,buy,5.38e-06,186.0,0.00100068
SNM/BTC,1643137260792,2022-01-25T19:01:00.792Z,sell,5.37e-06,55.0,0.00029535
SNM/BTC,1643137438614,2022-01-25T19:03:58.614Z,sell,5.37e-06,75.0,0.00040275
SNM/BTC,1643137627875,2022-01-25T19:07:07.875Z,sell,5.37e-06,90.0,0.00048330000000000004
SNM/BTC,1643138475612,2022-01-25T19:21:15.612Z,sell,5.38e-06,19.0,0.00010222000000000001
SNM/BTC,1643138685399,2022-01-25T19:24:45.399Z,buy,5.4e-06,202.0,0.0010908
SNM/BTC,1643138685399,2022-01-25T19:24:45.399Z,buy,5.41e-06,862.0,0.00466342
SNM/BTC,1643138894902,2022-01-25T19:28:14.902Z,buy,5.41e-06,264.0,0.0014282399999999999
SNM/BTC,1643138894902,2022-01-25T19:28:14.902Z,buy,5.42e-06,586.0,0.0031761199999999997
SNM/BTC,1643138894902,2022-01-25T19:28:14.902Z,buy,5.43e-06,505.0,0.0027421499999999996
SNM/BTC,1643138894902,2022-01-25T19:28:14.902Z,buy,5.44e-06,2342.0,0.012740479999999998
SNM/BTC,1643139689694,2022-01-25T19:41:29.694Z,sell,5.42e-06,200.0,0.001084
SNM/BTC,1643139689694,2022-01-25T19:41:29.694Z,sell,5.41e-06,87.0,0.00047066999999999996
SNM/BTC,1643139689694,2022-01-25T19:41:29.694Z,sell,5.42e-06,200.0,0.001084
SNM/BTC,1643139689694,2022-01-25T19:41:29.694Z,sell,5.41e-06,87.0,0.00047066999999999996
SNM/BTC,1643140633316,2022-01-25T19:57:13.316Z,sell,5.41e-06,531.0,0.00287271
SNM/BTC,1643140633316,2022-01-25T19:57:13.316Z,sell,5.4e-06,1927.0,0.0104058
SNM/BTC,1643140633316,2022-01-25T19:57:13.316Z,sell,5.39e-06,1377.0,0.0074220300000000005
SNM/BTC,1643141293170,2022-01-25T20:08:13.170Z,sell,5.39e-06,150.0,0.0008085
SNM/BTC,1643141317618,2022-01-25T20:08:37.618Z,sell,5.39e-06,719.0,0.00387541
SNM/BTC,1643141806250,2022-01-25T20:16:46.250Z,sell,5.39e-06,200.0,0.001078
SNM/BTC,1643141850993,2022-01-25T20:17:30.993Z,sell,5.39e-06,169.0,0.00091091
SNM/BTC,1643142185465,2022-01-25T20:23:05.465Z,sell,5.39e-06,50.0,0.0002695
SNM/BTC,1643142283614,2022-01-25T20:24:43.614Z,sell,5.39e-06,163.0,0.00087857
SNM/BTC,1643142316549,2022-01-25T20:25:16.549Z,sell,5.39e-06,19.0,0.00010241
SNM/BTC,1643143180852,2022-01-25T20:39:40.852Z,buy,5.41e-06,400.0,0.002164
SNM/BTC,1643143189871,2022-01-25T20:39:49.871Z,buy,5.42e-06,605.0,0.0032791
SNM/BTC,1643143198481,2022-01-25T20:39:58.481Z,buy,5.43e-06,493.0,0.0026769899999999998
SNM/BTC,1643143208292,2022-01-25T20:40:08.292Z,buy,5.44e-06,2491.0,0.013551039999999999
SNM/BTC,1643143284502,2022-01-25T20:41:24.502Z,buy,5.44e-06,90.0,0.0004896
SNM/BTC,1643143284502,2022-01-25T20:41:24.502Z,buy,5.44e-06,90.0,0.0004896
SNM/BTC,1643143899869,2022-01-25T20:51:39.869Z,sell,5.42e-06,74.0,0.00040108
SNM/BTC,1643143963306,2022-01-25T20:52:43.306Z,buy,5.44e-06,90.0,0.0004896
SNM/BTC,1643144272285,2022-01-25T20:57:52.285Z,sell,5.42e-06,49.0,0.00026558
SNM/BTC,1643144341403,2022-01-25T20:59:01.403Z,sell,5.42e-06,77.0,0.00041734
SNM/BTC,1643144341403,2022-01-25T20:59:01.403Z,sell,5.41e-06,1190.0,0.0064379
SNM/BTC,1643144341403,2022-01-25T20:59:01.403Z,sell,5.4e-06,1849.0,0.0099846
SNM/BTC,1643144341403,2022-01-25T20:59:01.403Z,sell,5.39e-06,14950.0,0.0805805
SNM/BTC,1643144416389,2022-01-25T21:00:16.389Z,sell,5.39e-06,8175.0,0.04406325
SNM/BTC,1643144416389,2022-01-25T21:00:16.389Z,sell,5.38e-06,5329.0,0.02867002
SNM/BTC,1643144416389,2022-01-25T21:00:16.389Z,sell,5.37e-06,4499.0,0.02415963
SNM/BTC,1643144439744,2022-01-25T21:00:39.744Z,sell,5.37e-06,448.0,0.0024057600000000003
SNM/BTC,1643146066000,2022-01-25T21:27:46.000Z,sell,5.37e-06,19.0,0.00010203000000000001
SNM/BTC,1643146183698,2022-01-25T21:29:43.698Z,sell,5.37e-06,2663.0,0.01430031
SNM/BTC,1643146183698,2022-01-25T21:29:43.698Z,sell,5.37e-06,2663.0,0.01430031
SNM/BTC,1643148256260,2022-01-25T22:04:16.260Z,sell,5.37e-06,65.0,0.00034905
SNM/BTC,1643148756457,2022-01-25T22:12:36.457Z,sell,5.37e-06,308.0,0.0016539600000000001
SNM/BTC,1643148999086,2022-01-25T22:16:39.086Z,sell,5.37e-06,541.0,0.0029051700000000003
SNM/BTC,1643148999086,2022-01-25T22:16:39.086Z,sell,5.37e-06,541.0,0.0029051700000000003
SNM/BTC,1643149816927,2022-01-25T22:30:16.927Z,sell,5.37e-06,19.0,0.00010203000000000001
SNM/BTC,1643149816927,2022-01-25T22:30:16.927Z,sell,5.37e-06,19.0,0.00010203000000000001
SNM/BTC,1643152605935,2022-01-25T23:16:45.935Z,buy,5.39e-06,101.0,0.00054439
SNM/BTC,1643152605935,2022-01-25T23:16:45.935Z,buy,5.4e-06,244.0,0.0013176
SNM/BTC,1643152605935,2022-01-25T23:16:45.935Z,buy,5.39e-06,101.0,0.00054439
SNM/BTC,1643152605935,2022-01-25T23:16:45.935Z,buy,5.4e-06,244.0,0.0013176
SNM/BTC,1643154164599,2022-01-25T23:42:44.599Z,buy,5.4e-06,84.0,0.0004536
SNM/BTC,1643154951015,2022-01-25T23:55:51.015Z,buy,5.4e-06,64.0,0.0003456
SNM/BTC,1643154951015,2022-01-25T23:55:51.015Z,buy,5.41e-06,939.0,0.0050799899999999995
SNM/BTC,1643155043014,2022-01-25T23:57:23.014Z,buy,5.41e-06,353.0,0.0019097299999999999
SNM/BTC,1643155210702,2022-01-26T00:00:10.702Z,sell,5.41e-06,1013.0,0.00548033
SNM/BTC,1643155455660,2022-01-26T00:04:15.660Z,sell,5.39e-06,42.0,0.00022638
SNM/BTC,1643155484419,2022-01-26T00:04:44.419Z,sell,5.39e-06,19.0,0.00010241
SNM/BTC,1643155962445,2022-01-26T00:12:42.445Z,sell,5.39e-06,78.0,0.00042042
SNM/BTC,1643155962445,2022-01-26T00:12:42.445Z,sell,5.38e-06,22.0,0.00011836
SNM/BTC,1643155981175,2022-01-26T00:13:01.175Z,sell,5.38e-06,482.0,0.00259316
SNM/BTC,1643155981175,2022-01-26T00:13:01.175Z,sell,5.38e-06,482.0,0.00259316
SNM/BTC,1643159053652,2022-01-26T01:04:13.652Z,sell,5.38e-06,55.0,0.0002959
SNM/BTC,1643159110568,2022-01-26T01:05:10.568Z,buy,5.39e-06,30.0,0.0001617
SNM/BTC,1643159235277,2022-01-26T01:07:15.277Z,sell,5.38e-06,19.0,0.00010222000000000001
SNM/BTC,1643159296953,2022-01-26T01:08:16.953Z,buy,5.39e-06,95.0,0.00051205
SNM/BTC,1643159296953,2022-01-26T01:08:16.953Z,buy,5.39e-06,95.0,0.00051205
SNM/BTC,1643161895516,2022-01-26T01:51:35.516Z,sell,5.38e-06,374.0,0.00201212
SNM/BTC,1643161940611,2022-01-26T01:52:20.611Z,buy,5.39e-06,229.0,0.00123431
SNM/BTC,1643161940611,2022-01-26T01:52:20.611Z,buy,5.4e-06,202.0,0.0010908
SNM/BTC,1643162388976,2022-01-26T01:59:48.976Z,sell,5.38e-06,942.0,0.00506796
SNM/BTC,1643162477036,2022-01-26T02:01:17.036Z,sell,5.38e-06,37.0,0.00019906
SNM/BTC,1643162647304,2022-01-26T02:04:07.304Z,sell,5.38e-06,44.0,0.00023672
SNM/BTC,1643162647304,2022-01-26T02:04:07.304Z,sell,5.38e-06,44.0,0.00023672
SNM/BTC,1643162984894,2022-01-26T02:09:44.894Z,sell,5.39e-06,19.0,0.00010241
SNM/BTC,1643163089007,2022-01-26T02:11:29.007Z,buy,5.4e-06,228.0,0.0012312
SNM/BTC,1643163089007,2022-01-26T02:11:29.007Z,buy,5.41e-06,230.0,0.0012443
SNM/BTC,1643164298846,2022-01-26T02:31:38.846Z,buy,5.41e-06,768.0,0.00415488
SNM/BTC,1643164674989,2022-01-26T02:37:54.989Z,sell,5.39e-06,788.0,0.00424732
SNM/BTC,1643164674989,2022-01-26T02:37:54.989Z,sell,5.39e-06,788.0,0.00424732
SNM/BTC,1643166299034,2022-01-26T03:04:59.034Z,buy,5.41e-06,87.0,0.00047066999999999996
SNM/BTC,1643167314601,2022-01-26T03:21:54.601Z,sell,5.39e-06,105.0,0.00056595
SNM/BTC,1643167336299,2022-01-26T03:22:16.299Z,sell,5.39e-06,19.0,0.00010241
SNM/BTC,1643167336299,2022-01-26T03:22:16.299Z,sell,5.39e-06,19.0,0.00010241
SNM/BTC,1643168750726,2022-01-26T03:45:50.726Z,sell,5.39e-06,1000.0,0.00539
SNM/BTC,1643169888786,2022-01-26T04:04:48.786Z,buy,5.4e-06,65.0,0.000351
SNM/BTC,1643170875227,2022-01-26T04:21:15.227Z,buy,5.4e-06,19.0,0.0001026
SNM/BTC,1643170875227,2022-01-26T04:21:15.227Z,buy,5.4e-06,19.0,0.0001026
SNM/BTC,1643171137439,2022-01-26T04:25:37.439Z,sell,5.39e-06,62.0,0.00033418
SNM/BTC,1643171145100,2022-01-26T04:25:45.100Z,sell,5.39e-06,19.0,0.00010241
SNM/BTC,1643171837248,2022-01-26T04:37:17.248Z,buy,5.4e-06,210.0,0.001134
SNM/BTC,1643171837248,2022-01-26T04:37:17.248Z,buy,5.41e-06,132.0,0.0007141199999999999
SNM/BTC,1643172042518,2022-01-26T04:40:42.518Z,sell,5.39e-06,1000.0,0.00539
SNM/BTC,1643172408868,2022-01-26T04:46:48.868Z,buy,5.4e-06,210.0,0.001134
SNM/BTC,1643172408868,2022-01-26T04:46:48.868Z,buy,5.41e-06,7765.0,0.04200865
SNM/BTC,1643172408868,2022-01-26T04:46:48.868Z,buy,5.42e-06,920.0,0.0049864
SNM/BTC,1643172408868,2022-01-26T04:46:48.868Z,buy,5.43e-06,278.0,0.00150954
SNM/BTC,1643172408868,2022-01-26T04:46:48.868Z,buy,5.44e-06,2860.0,0.015558399999999998
SNM/BTC,1643172408868,2022-01-26T04:46:48.868Z,buy,5.45e-06,4841.0,0.026383450000000003
SNM/BTC,1643172605956,2022-01-26T04:50:05.956Z,sell,5.43e-06,100.0,0.000543
SNM/BTC,1643172605956,2022-01-26T04:50:05.956Z,sell,5.42e-06,900.0,0.0048779999999999995
SNM/BTC,1643172897066,2022-01-26T04:54:57.066Z,sell,5.41e-06,99.0,0.00053559
SNM/BTC,1643173508333,2022-01-26T05:05:08.333Z,buy,5.42e-06,257.0,0.0013929399999999998
SNM/BTC,1643174113251,2022-01-26T05:15:13.251Z,sell,5.41e-06,1206.0,0.00652446
SNM/BTC,1643174113251,2022-01-26T05:15:13.251Z,sell,5.4e-06,990.0,0.005346
SNM/BTC,1643174434337,2022-01-26T05:20:34.337Z,buy,5.42e-06,34.0,0.00018428
SNM/BTC,1643174445378,2022-01-26T05:20:45.378Z,buy,5.42e-06,508.0,0.00275336
SNM/BTC,1643174445378,2022-01-26T05:20:45.378Z,buy,5.42e-06,508.0,0.00275336
SNM/BTC,1643175010202,2022-01-26T05:30:10.202Z,buy,5.42e-06,2342.0,0.012693639999999999
SNM/BTC,1643175010202,2022-01-26T05:30:10.202Z,buy,5.43e-06,592.0,0.00321456
SNM/BTC,1643175010202,2022-01-26T05:30:10.202Z,buy,5.44e-06,1526.0,0.00830144
SNM/BTC,1643175010202,2022-01-26T05:30:10.202Z,buy,5.45e-06,3505.0,0.01910225
SNM/BTC,1643176798735,2022-01-26T05:59:58.735Z,sell,5.42e-06,100.0,0.000542
SNM/BTC,1643176818558,2022-01-26T06:00:18.558Z,sell,5.42e-06,100.0,0.000542
SNM/BTC,1643176820578,2022-01-26T06:00:20.578Z,buy,5.42e-06,56.0,0.00030352
SNM/BTC,1643177097906,2022-01-26T06:04:57.906Z,sell,5.41e-06,352.0,0.00190432
SNM/BTC,1643177100823,2022-01-26T06:05:00.823Z,buy,5.44e-06,200.0,0.001088
SNM/BTC,1643177100823,2022-01-26T06:05:00.823Z,buy,5.45e-06,39.0,0.00021255000000000002
SNM/BTC,1643177761804,2022-01-26T06:16:01.804Z,sell,5.42e-06,36.0,0.00019512
SNM/BTC,1643177836852,2022-01-26T06:17:16.852Z,sell,5.42e-06,36.0,0.00019512
SNM/BTC,1643177895690,2022-01-26T06:18:15.690Z,buy,5.43e-06,90.0,0.0004887
SNM/BTC,1643177931018,2022-01-26T06:18:51.018Z,buy,5.43e-06,60.0,0.0003258
SNM/BTC,1643177931018,2022-01-26T06:18:51.018Z,buy,5.44e-06,31.0,0.00016863999999999998
SNM/BTC,1643177992029,2022-01-26T06:19:52.029Z,buy,5.44e-06,91.0,0.00049504
SNM/BTC,1643177992029,2022-01-26T06:19:52.029Z,buy,5.44e-06,91.0,0.00049504
SNM/BTC,1643178046434,2022-01-26T06:20:46.434Z,buy,5.44e-06,91.0,0.00049504
SNM/BTC,1643178084016,2022-01-26T06:21:24.016Z,buy,5.44e-06,92.0,0.00050048
SNM/BTC,1643178121965,2022-01-26T06:22:01.965Z,buy,5.44e-06,92.0,0.00050048
SNM/BTC,1643178172767,2022-01-26T06:22:52.767Z,buy,5.45e-06,93.0,0.00050685
SNM/BTC,1643178216992,2022-01-26T06:23:36.992Z,buy,5.45e-06,93.0,0.00050685
SNM/BTC,1643178250627,2022-01-26T06:24:10.627Z,buy,5.45e-06,94.0,0.0005123
SNM/BTC,1643178283119,2022-01-26T06:24:43.119Z,buy,5.45e-06,94.0,0.0005123
SNM/BTC,1643178316734,2022-01-26T06:25:16.734Z,buy,5.45e-06,95.0,0.00051775
SNM/BTC,1643178350087,2022-01-26T06:25:50.087Z,buy,5.45e-06,95.0,0.00051775
SNM/BTC,1643178384313,2022-01-26T06:26:24.313Z,buy,5.45e-06,96.0,0.0005232
SNM/BTC,1643178417369,2022-01-26T06:26:57.369Z,buy,5.45e-06,96.0,0.0005232
SNM/BTC,1643178453255,2022-01-26T06:27:33.255Z,buy,5.45e-06,97.0,0.0005286500000000001
SNM/BTC,1643178488659,2022-01-26T06:28:08.659Z,buy,5.45e-06,97.0,0.0005286500000000001
SNM/BTC,1643178531791,2022-01-26T06:28:51.791Z,buy,5.45e-06,98.0,0.0005341
SNM/BTC,1643178565451,2022-01-26T06:29:25.451Z,buy,5.45e-06,98.0,0.0005341
SNM/BTC,1643178598823,2022-01-26T06:29:58.823Z,buy,5.45e-06,99.0,0.0005395500000000001
SNM/BTC,1643178632368,2022-01-26T06:30:32.368Z,buy,5.45e-06,99.0,0.0005395500000000001
SNM/BTC,1643178666239,2022-01-26T06:31:06.239Z,buy,5.45e-06,100.0,0.000545
SNM/BTC,1643178700828,2022-01-26T06:31:40.828Z,buy,5.45e-06,100.0,0.000545
SNM/BTC,1643178734311,2022-01-26T06:32:14.311Z,buy,5.45e-06,101.0,0.0005504500000000001
SNM/BTC,1643178769186,2022-01-26T06:32:49.186Z,buy,5.45e-06,101.0,0.0005504500000000001
SNM/BTC,1643178804624,2022-01-26T06:33:24.624Z,buy,5.45e-06,102.0,0.0005559
SNM/BTC,1643178837950,2022-01-26T06:33:57.950Z,buy,5.45e-06,102.0,0.0005559
SNM/BTC,1643178872935,2022-01-26T06:34:32.935Z,buy,5.45e-06,103.0,0.0005613500000000001
SNM/BTC,1643178907460,2022-01-26T06:35:07.460Z,buy,5.45e-06,103.0,0.0005613500000000001
SNM/BTC,1643178941140,2022-01-26T06:35:41.140Z,buy,5.45e-06,104.0,0.0005668
SNM/BTC,1643178975051,2022-01-26T06:36:15.051Z,buy,5.45e-06,104.0,0.0005668
SNM/BTC,1643179008338,2022-01-26T06:36:48.338Z,buy,5.45e-06,105.0,0.0005722500000000001
SNM/BTC,1643179043078,2022-01-26T06:37:23.078Z,buy,5.45e-06,105.0,0.0005722500000000001
SNM/BTC,1643179076221,2022-01-26T06:37:56.221Z,buy,5.45e-06,106.0,0.0005777
SNM/BTC,1643179111271,2022-01-26T06:38:31.271Z,buy,5.45e-06,106.0,0.0005777
SNM/BTC,1643179145026,2022-01-26T06:39:05.026Z,buy,5.45e-06,107.0,0.00058315
SNM/BTC,1643179178653,2022-01-26T06:39:38.653Z,buy,5.45e-06,107.0,0.00058315
SNM/BTC,1643179211771,2022-01-26T06:40:11.771Z,buy,5.45e-06,108.0,0.0005886
SNM/BTC,1643179245254,2022-01-26T06:40:45.254Z,buy,5.45e-06,108.0,0.0005886
SNM/BTC,1643179278286,2022-01-26T06:41:18.286Z,buy,5.45e-06,109.0,0.00059405
SNM/BTC,1643179312068,2022-01-26T06:41:52.068Z,buy,5.45e-06,109.0,0.00059405
SNM/BTC,1643179346223,2022-01-26T06:42:26.223Z,buy,5.45e-06,110.0,0.0005995
SNM/BTC,1643179380716,2022-01-26T06:43:00.716Z,buy,5.45e-06,110.0,0.0005995
SNM/BTC,1643179413088,2022-01-26T06:43:33.088Z,buy,5.45e-06,111.0,0.00060495
SNM/BTC,1643179446829,2022-01-26T06:44:06.829Z,buy,5.45e-06,112.0,0.0006104000000000001
SNM/BTC,1643179479872,2022-01-26T06:44:39.872Z,buy,5.45e-06,112.0,0.0006104000000000001
SNM/BTC,1643179513268,2022-01-26T06:45:13.268Z,buy,5.45e-06,113.0,0.00061585
SNM/BTC,1643179546478,2022-01-26T06:45:46.478Z,buy,5.45e-06,113.0,0.00061585
SNM/BTC,1643179579344,2022-01-26T06:46:19.344Z,buy,5.45e-06,114.0,0.0006213000000000001
SNM/BTC,1643179613254,2022-01-26T06:46:53.254Z,buy,5.45e-06,115.0,0.00062675
SNM/BTC,1643179646305,2022-01-26T06:47:26.305Z,buy,5.45e-06,115.0,0.00062675
SNM/BTC,1643179679110,2022-01-26T06:47:59.110Z,buy,5.45e-06,116.0,0.0006322000000000001
SNM/BTC,1643179713784,2022-01-26T06:48:33.784Z,buy,5.45e-06,116.0,0.0006322000000000001
SNM/BTC,1643179749569,2022-01-26T06:49:09.569Z,buy,5.45e-06,117.0,0.00063765
SNM/BTC,1643179782275,2022-01-26T06:49:42.275Z,buy,5.45e-06,117.0,0.00063765
SNM/BTC,1643179816404,2022-01-26T06:50:16.404Z,buy,5.45e-06,118.0,0.0006431000000000001
SNM/BTC,1643179850052,2022-01-26T06:50:50.052Z,buy,5.45e-06,119.0,0.00064855
SNM/BTC,1643179884574,2022-01-26T06:51:24.574Z,buy,5.45e-06,119.0,0.00064855
SNM/BTC,1643179888870,2022-01-26T06:51:28.870Z,sell,5.43e-06,64.0,0.00034752
SNM/BTC,1643179919546,2022-01-26T06:51:59.546Z,buy,5.45e-06,120.0,0.0006540000000000001
SNM/BTC,1643179954208,2022-01-26T06:52:34.208Z,buy,5.45e-06,120.0,0.0006540000000000001
SNM/BTC,1643179987953,2022-01-26T06:53:07.953Z,buy,5.45e-06,121.0,0.00065945
SNM/BTC,1643180021786,2022-01-26T06:53:41.786Z,buy,5.45e-06,122.0,0.0006649000000000001
SNM/BTC,1643180054549,2022-01-26T06:54:14.549Z,buy,5.45e-06,122.0,0.0006649000000000001
SNM/BTC,1643180088248,2022-01-26T06:54:48.248Z,buy,5.45e-06,123.0,0.00067035
SNM/BTC,1643180121373,2022-01-26T06:55:21.373Z,buy,5.45e-06,124.0,0.0006758000000000001
SNM/BTC,1643180155459,2022-01-26T06:55:55.459Z,buy,5.45e-06,124.0,0.0006758000000000001
SNM/BTC,1643180700188,2022-01-26T07:05:00.188Z,buy,5.45e-06,168.0,0.0009156
SNM/BTC,1643180700188,2022-01-26T07:05:00.188Z,buy,5.45e-06,168.0,0.0009156
SNM/BTC,1643184457891,2022-01-26T08:07:37.891Z,sell,5.43e-06,18.0,9.774e-05
SNM/BTC,1643184464999,2022-01-26T08:07:44.999Z,sell,5.43e-06,19.0,0.00010316999999999999
SNM/BTC,1643184479411,2022-01-26T08:07:59.411Z,sell,5.44e-06,125.0,0.0006799999999999999
SNM/BTC,1643184568018,2022-01-26T08:09:28.018Z,sell,5.43e-06,150.0,0.0008144999999999999
SNM/BTC,1643184691975,2022-01-26T08:11:31.975Z,buy,5.45e-06,109.0,0.00059405
SNM/BTC,1643184691975,2022-01-26T08:11:31.975Z,buy,5.45e-06,109.0,0.00059405
SNM/BTC,1643185016154,2022-01-26T08:16:56.154Z,sell,5.43e-06,70.0,0.00038009999999999997
SNM/BTC,1643186634570,2022-01-26T08:43:54.570Z,sell,5.43e-06,19.0,0.00010316999999999999
SNM/BTC,1643186634570,2022-01-26T08:43:54.570Z,sell,5.42e-06,31.0,0.00016801999999999998
SNM/BTC,1643187876121,2022-01-26T09:04:36.121Z,buy,5.44e-06,56.0,0.00030463999999999996
SNM/BTC,1643187876121,2022-01-26T09:04:36.121Z,buy,5.44e-06,56.0,0.00030463999999999996
SNM/BTC,1643188320364,2022-01-26T09:12:00.364Z,sell,5.42e-06,200.0,0.001084
SNM/BTC,1643188337236,2022-01-26T09:12:17.236Z,sell,5.42e-06,19.0,0.00010297999999999999
SNM/BTC,1643188960578,2022-01-26T09:22:40.578Z,sell,5.42e-06,6000.0,0.03252
SNM/BTC,1643189388816,2022-01-26T09:29:48.816Z,buy,5.44e-06,144.0,0.00078336
SNM/BTC,1643189388816,2022-01-26T09:29:48.816Z,buy,5.45e-06,772.0,0.0042074
SNM/BTC,1643189429072,2022-01-26T09:30:29.072Z,buy,5.45e-06,197.0,0.00107365
SNM/BTC,1643189946101,2022-01-26T09:39:06.101Z,buy,5.45e-06,5611.0,0.03057995
SNM/BTC,1643189946109,2022-01-26T09:39:06.109Z,sell,5.45e-06,656.0,0.0035752
SNM/BTC,1643191279940,2022-01-26T10:01:19.940Z,sell,5.43e-06,100.0,0.000543
SNM/BTC,1643191280104,2022-01-26T10:01:20.104Z,buy,5.43e-06,19.0,0.00010316999999999999
SNM/BTC,1643191472973,2022-01-26T10:04:32.973Z,buy,5.43e-06,38.0,0.00020633999999999998
SNM/BTC,1643191472973,2022-01-26T10:04:32.973Z,buy,5.43e-06,38.0,0.00020633999999999998
SNM/BTC,1643191680211,2022-01-26T10:08:00.211Z,sell,5.42e-06,187.0,0.00101354
SNM/BTC,1643192084205,2022-01-26T10:14:44.205Z,sell,5.42e-06,19.0,0.00010297999999999999
SNM/BTC,1643193912241,2022-01-26T10:45:12.241Z,buy,5.45e-06,140.0,0.000763
SNM/BTC,1643193912241,2022-01-26T10:45:12.241Z,buy,5.46e-06,815.0,0.0044499000000000006
SNM/BTC,1643193976578,2022-01-26T10:46:16.578Z,buy,5.45e-06,92.0,0.0005014
SNM/BTC,1643193977506,2022-01-26T10:46:17.506Z,buy,5.45e-06,86.0,0.0004687
SNM/BTC,1643193977516,2022-01-26T10:46:17.516Z,sell,5.45e-06,6.0,3.27e-05
SNM/BTC,1643194251504,2022-01-26T10:50:51.504Z,buy,5.45e-06,53.0,0.00028885
SNM/BTC,1643194251504,2022-01-26T10:50:51.504Z,buy,5.46e-06,7047.0,0.03847662
SNM/BTC,1643194251514,2022-01-26T10:50:51.514Z,buy,5.47e-06,656.0,0.00358832
SNM/BTC,1643194251515,2022-01-26T10:50:51.515Z,buy,5.47e-06,131.0,0.00071657
SNM/BTC,1643194265769,2022-01-26T10:51:05.769Z,sell,5.45e-06,100.0,0.000545
SNM/BTC,1643194266180,2022-01-26T10:51:06.180Z,sell,5.44e-06,36.0,0.00019584
SNM/BTC,1643194268464,2022-01-26T10:51:08.464Z,buy,5.45e-06,643.0,0.0035043500000000003
SNM/BTC,1643194268464,2022-01-26T10:51:08.464Z,buy,5.47e-06,1804.0,0.00986788
SNM/BTC,1643194268464,2022-01-26T10:51:08.464Z,buy,5.48e-06,2437.0,0.01335476
SNM/BTC,1643194268464,2022-01-26T10:51:08.464Z,buy,5.49e-06,11317.0,0.06213033
SNM/BTC,1643194268464,2022-01-26T10:51:08.464Z,buy,5.5e-06,1978.0,0.010879
SNM/BTC,1643194268464,2022-01-26T10:51:08.464Z,buy,5.51e-06,3509.0,0.01933459
SNM/BTC,1643194269980,2022-01-26T10:51:09.980Z,sell,5.51e-06,100.0,0.000551
SNM/BTC,1643194272447,2022-01-26T10:51:12.447Z,sell,5.47e-06,81.0,0.00044307
SNM/BTC,1643194272447,2022-01-26T10:51:12.447Z,sell,5.46e-06,3.0,1.6380000000000002e-05
SNM/BTC,1643194276343,2022-01-26T10:51:16.343Z,sell,5.49e-06,99.0,0.00054351
SNM/BTC,1643194276343,2022-01-26T10:51:16.343Z,sell,5.48e-06,746.0,0.00408808
SNM/BTC,1643194284088,2022-01-26T10:51:24.088Z,buy,5.48e-06,2084.0,0.01142032
SNM/BTC,1643194284088,2022-01-26T10:51:24.088Z,buy,5.5e-06,279.0,0.0015345
SNM/BTC,1643194284088,2022-01-26T10:51:24.088Z,buy,5.51e-06,823.0,0.00453473
SNM/BTC,1643194284088,2022-01-26T10:51:24.088Z,buy,5.52e-06,6151.0,0.03395352
SNM/BTC,1643194284088,2022-01-26T10:51:24.088Z,buy,5.53e-06,6961.0,0.03849433
SNM/BTC,1643194295586,2022-01-26T10:51:35.586Z,buy,5.54e-06,396.0,0.0021938400000000003
SNM/BTC,1643194303899,2022-01-26T10:51:43.899Z,sell,5.53e-06,217.0,0.00120001
SNM/BTC,1643194303899,2022-01-26T10:51:43.899Z,sell,5.52e-06,98.0,0.0005409599999999999
SNM/BTC,1643194310287,2022-01-26T10:51:50.287Z,buy,5.53e-06,137.0,0.00075761
SNM/BTC,1643194310287,2022-01-26T10:51:50.287Z,buy,5.54e-06,9053.0,0.05015362
SNM/BTC,1643194310287,2022-01-26T10:51:50.287Z,buy,5.55e-06,1904.0,0.0105672
SNM/BTC,1643194310287,2022-01-26T10:51:50.287Z,buy,5.56e-06,8375.0,0.046565
SNM/BTC,1643194310287,2022-01-26T10:51:50.287Z,buy,5.57e-06,7668.0,0.04271076
SNM/BTC,1643194310287,2022-01-26T10:51:50.287Z,buy,5.58e-06,1579.0,0.00881082
SNM/BTC,1643194310301,2022-01-26T10:51:50.301Z,buy,5.59e-06,315.0,0.00176085
SNM/BTC,1643194313455,2022-01-26T10:51:53.455Z,buy,5.59e-06,478.0,0.0026720199999999998
SNM/BTC,1643194314390,2022-01-26T10:51:54.390Z,buy,5.59e-06,57.0,0.00031863
SNM/BTC,1643194319581,2022-01-26T10:51:59.581Z,buy,5.59e-06,57.0,0.00031863
SNM/BTC,1643194325167,2022-01-26T10:52:05.167Z,buy,5.59e-06,57.0,0.00031863
SNM/BTC,1643194330877,2022-01-26T10:52:10.877Z,buy,5.59e-06,50.0,0.0002795
SNM/BTC,1643194336572,2022-01-26T10:52:16.572Z,buy,5.59e-06,50.0,0.0002795
SNM/BTC,1643194337754,2022-01-26T10:52:17.754Z,sell,5.56e-06,677.0,0.00376412
SNM/BTC,1643194337754,2022-01-26T10:52:17.754Z,sell,5.55e-06,232.0,0.0012876
SNM/BTC,1643194337754,2022-01-26T10:52:17.754Z,sell,5.54e-06,631.0,0.0034957400000000002
SNM/BTC,1643194337754,2022-01-26T10:52:17.754Z,sell,5.53e-06,165.0,0.0009124500000000001
SNM/BTC,1643194337765,2022-01-26T10:52:17.765Z,buy,5.59e-06,140.0,0.0007825999999999999
SNM/BTC,1643194338288,2022-01-26T10:52:18.288Z,sell,5.54e-06,230.0,0.0012742
SNM/BTC,1643194338802,2022-01-26T10:52:18.802Z,sell,5.54e-06,37.0,0.00020498
SNM/BTC,1643194339839,2022-01-26T10:52:19.839Z,buy,5.58e-06,37.0,0.00020646
SNM/BTC,1643194339839,2022-01-26T10:52:19.839Z,buy,5.59e-06,1062.0,0.0059365799999999995
SNM/BTC,1643194339839,2022-01-26T10:52:19.839Z,buy,5.6e-06,9529.0,0.0533624
SNM/BTC,1643194339839,2022-01-26T10:52:19.839Z,buy,5.61e-06,719.0,0.00403359
SNM/BTC,1643194339839,2022-01-26T10:52:19.839Z,buy,5.62e-06,4907.0,0.027577340000000002
SNM/BTC,1643194339839,2022-01-26T10:52:19.839Z,buy,5.63e-06,3828.0,0.02155164
SNM/BTC,1643194339839,2022-01-26T10:52:19.839Z,buy,5.64e-06,4745.0,0.026761800000000002
SNM/BTC,1643194340125,2022-01-26T10:52:20.125Z,sell,5.64e-06,1000.0,0.00564
SNM/BTC,1643194341483,2022-01-26T10:52:21.483Z,sell,5.64e-06,73.0,0.00041172
SNM/BTC,1643194341711,2022-01-26T10:52:21.711Z,sell,5.64e-06,80.0,0.0004512
SNM/BTC,1643194341866,2022-01-26T10:52:21.866Z,sell,5.64e-06,62.0,0.00034968
SNM/BTC,1643194341876,2022-01-26T10:52:21.876Z,sell,5.64e-06,509.0,0.00287076
SNM/BTC,1643194341891,2022-01-26T10:52:21.891Z,sell,5.64e-06,80.0,0.0004512
SNM/BTC,1643194341935,2022-01-26T10:52:21.935Z,sell,5.64e-06,98.0,0.00055272
SNM/BTC,1643194342045,2022-01-26T10:52:22.045Z,sell,5.64e-06,76.0,0.00042864
SNM/BTC,1643194342052,2022-01-26T10:52:22.052Z,sell,5.64e-06,105.0,0.0005922
SNM/BTC,1643194342074,2022-01-26T10:52:22.074Z,sell,5.64e-06,82.0,0.00046248000000000003
SNM/BTC,1643194342354,2022-01-26T10:52:22.354Z,sell,5.64e-06,36.0,0.00020304
SNM/BTC,1643194342418,2022-01-26T10:52:22.418Z,sell,5.64e-06,72.0,0.00040608
SNM/BTC,1643194342608,2022-01-26T10:52:22.608Z,sell,5.64e-06,86.0,0.00048504
SNM/BTC,1643194342613,2022-01-26T10:52:22.613Z,sell,5.64e-06,98.0,0.00055272
SNM/BTC,1643194342810,2022-01-26T10:52:22.810Z,sell,5.64e-06,98.0,0.00055272
SNM/BTC,1643194343132,2022-01-26T10:52:23.132Z,sell,5.64e-06,177.0,0.00099828
SNM/BTC,1643194343377,2022-01-26T10:52:23.377Z,sell,5.64e-06,92.0,0.00051888
SNM/BTC,1643194343991,2022-01-26T10:52:23.991Z,buy,5.65e-06,65.0,0.00036725
SNM/BTC,1643194345273,2022-01-26T10:52:25.273Z,sell,5.64e-06,136.0,0.0007670400000000001
SNM/BTC,1643194345409,2022-01-26T10:52:25.409Z,sell,5.63e-06,126.0,0.00070938
SNM/BTC,1643194345660,2022-01-26T10:52:25.660Z,sell,5.63e-06,10.0,5.63e-05
SNM/BTC,1643194346298,2022-01-26T10:52:26.298Z,sell,5.62e-06,70.0,0.0003934
SNM/BTC,1643194349410,2022-01-26T10:52:29.410Z,buy,5.64e-06,65.0,0.0003666
SNM/BTC,1643194350722,2022-01-26T10:52:30.722Z,sell,5.62e-06,26.0,0.00014612000000000002
SNM/BTC,1643194350722,2022-01-26T10:52:30.722Z,sell,5.61e-06,9.0,5.049e-05
SNM/BTC,1643194354825,2022-01-26T10:52:34.825Z,buy,5.64e-06,62.0,0.00034968
SNM/BTC,1643194360014,2022-01-26T10:52:40.014Z,buy,5.63e-06,55.0,0.00030965
SNM/BTC,1643194360090,2022-01-26T10:52:40.090Z,buy,5.63e-06,89.0,0.00050107
SNM/BTC,1643194361929,2022-01-26T10:52:41.929Z,sell,5.61e-06,47.0,0.00026367
SNM/BTC,1643194362375,2022-01-26T10:52:42.375Z,sell,5.61e-06,164.0,0.0009200399999999999
SNM/BTC,1643194365211,2022-01-26T10:52:45.211Z,buy,5.63e-06,1.0,5.63e-06
SNM/BTC,1643194365234,2022-01-26T10:52:45.234Z,sell,5.63e-06,197.0,0.00110911
SNM/BTC,1643194370402,2022-01-26T10:52:50.402Z,buy,5.63e-06,56.0,0.00031528000000000003
SNM/BTC,1643194375594,2022-01-26T10:52:55.594Z,buy,5.63e-06,62.0,0.00034906
SNM/BTC,1643194377165,2022-01-26T10:52:57.165Z,buy,5.63e-06,15.0,8.445e-05
SNM/BTC,1643194377165,2022-01-26T10:52:57.165Z,buy,5.64e-06,285.0,0.0016074000000000001
SNM/BTC,1643194377165,2022-01-26T10:52:57.165Z,buy,5.65e-06,58.0,0.0003277
SNM/BTC,1643194381067,2022-01-26T10:53:01.067Z,buy,5.65e-06,61.0,0.00034465
SNM/BTC,1643194384002,2022-01-26T10:53:04.002Z,sell,5.62e-06,96.0,0.00053952
SNM/BTC,1643194384002,2022-01-26T10:53:04.002Z,sell,5.61e-06,346.0,0.0019410599999999999
SNM/BTC,1643194384015,2022-01-26T10:53:04.015Z,sell,5.6e-06,625.0,0.0034999999999999996
SNM/BTC,1643194385779,2022-01-26T10:53:05.779Z,buy,5.61e-06,156.0,0.0008751599999999999
SNM/BTC,1643194386422,2022-01-26T10:53:06.422Z,buy,5.61e-06,68.0,0.00038147999999999996
SNM/BTC,1643194387590,2022-01-26T10:53:07.590Z,sell,5.59e-06,696.0,0.00389064
SNM/BTC,1643194387590,2022-01-26T10:53:07.590Z,sell,5.58e-06,201.0,0.00112158
SNM/BTC,1643194387590,2022-01-26T10:53:07.590Z,sell,5.57e-06,1807.0,0.01006499
SNM/BTC,1643194387590,2022-01-26T10:53:07.590Z,sell,5.57e-06,518.0,0.00288526
SNM/BTC,1643194388784,2022-01-26T10:53:08.784Z,buy,5.61e-06,69.0,0.00038709
SNM/BTC,1643194392133,2022-01-26T10:53:12.133Z,buy,5.6e-06,60.0,0.000336
SNM/BTC,1643194395445,2022-01-26T10:53:15.445Z,sell,5.58e-06,19.0,0.00010602
SNM/BTC,1643194395472,2022-01-26T10:53:15.472Z,sell,5.58e-06,19.0,0.00010602
SNM/BTC,1643194397330,2022-01-26T10:53:17.330Z,buy,5.59e-06,72.0,0.00040248
SNM/BTC,1643194402119,2022-01-26T10:53:22.119Z,buy,5.59e-06,26.0,0.00014534
SNM/BTC,1643194402119,2022-01-26T10:53:22.119Z,buy,5.6e-06,568.0,0.0031807999999999997
SNM/BTC,1643194402129,2022-01-26T10:53:22.129Z,sell,5.6e-06,595.0,0.003332
SNM/BTC,1643194412078,2022-01-26T10:53:32.078Z,buy,5.6e-06,75.0,0.00041999999999999996
SNM/BTC,1643194417276,2022-01-26T10:53:37.276Z,buy,5.6e-06,75.0,0.00041999999999999996
SNM/BTC,1643194422473,2022-01-26T10:53:42.473Z,buy,5.6e-06,17.0,9.52e-05
SNM/BTC,1643194422553,2022-01-26T10:53:42.553Z,sell,5.6e-06,192.0,0.0010752
SNM/BTC,1643194422553,2022-01-26T10:53:42.553Z,sell,5.59e-06,97.0,0.00054223
SNM/BTC,1643194427897,2022-01-26T10:53:47.897Z,buy,5.6e-06,75.0,0.00041999999999999996
SNM/BTC,1643194433318,2022-01-26T10:53:53.318Z,buy,5.6e-06,59.0,0.0003304
SNM/BTC,1643194433367,2022-01-26T10:53:53.367Z,sell,5.6e-06,19.0,0.0001064
SNM/BTC,1643194439333,2022-01-26T10:53:59.333Z,sell,5.6e-06,75.0,0.00041999999999999996
SNM/BTC,1643194444977,2022-01-26T10:54:04.977Z,buy,5.61e-06,75.0,0.00042074999999999995
SNM/BTC,1643194449971,2022-01-26T10:54:09.971Z,buy,5.61e-06,97.0,0.00054417
SNM/BTC,1643194450176,2022-01-26T10:54:10.176Z,buy,5.61e-06,65.0,0.00036465
SNM/BTC,1643194455375,2022-01-26T10:54:15.375Z,buy,5.61e-06,68.0,0.00038147999999999996
SNM/BTC,1643194460568,2022-01-26T10:54:20.568Z,buy,5.61e-06,62.0,0.00034782
SNM/BTC,1643194461458,2022-01-26T10:54:21.458Z,buy,5.61e-06,694.0,0.00389334
SNM/BTC,1643194465762,2022-01-26T10:54:25.762Z,buy,5.61e-06,68.0,0.00038147999999999996
SNM/BTC,1643194474315,2022-01-26T10:54:34.315Z,buy,5.6e-06,61.0,0.0003416
SNM/BTC,1643194479504,2022-01-26T10:54:39.504Z,buy,5.6e-06,69.0,0.00038639999999999996
SNM/BTC,1643194484698,2022-01-26T10:54:44.698Z,buy,5.6e-06,69.0,0.00038639999999999996
SNM/BTC,1643194490673,2022-01-26T10:54:50.673Z,buy,5.6e-06,66.0,0.0003696
SNM/BTC,1643194496218,2022-01-26T10:54:56.218Z,buy,5.6e-06,67.0,0.00037519999999999996
SNM/BTC,1643194501411,2022-01-26T10:55:01.411Z,buy,5.6e-06,67.0,0.00037519999999999996
SNM/BTC,1643194505191,2022-01-26T10:55:05.191Z,buy,5.6e-06,141.0,0.0007896
SNM/BTC,1643194506602,2022-01-26T10:55:06.602Z,buy,5.6e-06,28.0,0.0001568
SNM/BTC,1643194506632,2022-01-26T10:55:06.632Z,sell,5.6e-06,40.0,0.000224
SNM/BTC,1643194506632,2022-01-26T10:55:06.632Z,sell,5.59e-06,572.0,0.00319748
SNM/BTC,1643194511798,2022-01-26T10:55:11.798Z,buy,5.61e-06,60.0,0.0003366
SNM/BTC,1643194517158,2022-01-26T10:55:17.158Z,buy,5.61e-06,64.0,0.00035904
SNM/BTC,1643194522348,2022-01-26T10:55:22.348Z,buy,5.61e-06,48.0,0.00026928
SNM/BTC,1643194527544,2022-01-26T10:55:27.544Z,buy,5.61e-06,65.0,0.00036465
SNM/BTC,1643194532740,2022-01-26T10:55:32.740Z,buy,5.61e-06,65.0,0.00036465
SNM/BTC,1643194537931,2022-01-26T10:55:37.931Z,buy,5.61e-06,66.0,0.00037025999999999997
SNM/BTC,1643194543543,2022-01-26T10:55:43.543Z,buy,5.61e-06,66.0,0.00037025999999999997
SNM/BTC,1643194545228,2022-01-26T10:55:45.228Z,buy,5.61e-06,266.0,0.0014922599999999998
SNM/BTC,1643194549243,2022-01-26T10:55:49.243Z,buy,5.61e-06,67.0,0.00037587
SNM/BTC,1643194554951,2022-01-26T10:55:54.951Z,buy,5.61e-06,67.0,0.00037587
SNM/BTC,1643194560147,2022-01-26T10:56:00.147Z,buy,5.61e-06,68.0,0.00038147999999999996
SNM/BTC,1643194565340,2022-01-26T10:56:05.340Z,buy,5.61e-06,68.0,0.00038147999999999996
SNM/BTC,1643194570533,2022-01-26T10:56:10.533Z,buy,5.61e-06,60.0,0.0003366
SNM/BTC,1643194575736,2022-01-26T10:56:15.736Z,buy,5.61e-06,60.0,0.0003366
SNM/BTC,1643194580930,2022-01-26T10:56:20.930Z,buy,5.61e-06,61.0,0.00034220999999999996
SNM/BTC,1643194586140,2022-01-26T10:56:26.140Z,buy,5.61e-06,19.0,0.00010659
SNM/BTC,1643194591334,2022-01-26T10:56:31.334Z,buy,5.61e-06,59.0,0.00033099
SNM/BTC,1643194730112,2022-01-26T10:58:50.112Z,buy,5.61e-06,47.0,0.00026367
SNM/BTC,1643194735696,2022-01-26T10:58:55.696Z,buy,5.61e-06,47.0,0.00026367
SNM/BTC,1643194741284,2022-01-26T10:59:01.284Z,buy,5.61e-06,47.0,0.00026367
SNM/BTC,1643194746701,2022-01-26T10:59:06.701Z,buy,5.61e-06,48.0,0.00026928
SNM/BTC,1643194866936,2022-01-26T11:01:06.936Z,sell,5.58e-06,500.0,0.00279
SNM/BTC,1643194866936,2022-01-26T11:01:06.936Z,sell,5.58e-06,206.0,0.00114948
SNM/BTC,1643194889795,2022-01-26T11:01:29.795Z,sell,5.59e-06,57.0,0.00031863
SNM/BTC,1643194908225,2022-01-26T11:01:48.225Z,sell,5.59e-06,500.0,0.0027949999999999997
SNM/BTC,1643194908225,2022-01-26T11:01:48.225Z,sell,5.58e-06,574.0,0.00320292
SNM/BTC,1643194908514,2022-01-26T11:01:48.514Z,sell,5.58e-06,1071.0,0.00597618
SNM/BTC,1643194908637,2022-01-26T11:01:48.637Z,sell,5.58e-06,362.0,0.00201996
SNM/BTC,1643194908861,2022-01-26T11:01:48.861Z,sell,5.58e-06,1071.0,0.00597618
SNM/BTC,1643194909164,2022-01-26T11:01:49.164Z,sell,5.58e-06,1075.0,0.0059985
SNM/BTC,1643194992679,2022-01-26T11:03:12.679Z,buy,5.6e-06,584.0,0.0032703999999999997
SNM/BTC,1643195021582,2022-01-26T11:03:41.582Z,buy,5.6e-06,877.0,0.0049112
SNM/BTC,1643195025553,2022-01-26T11:03:45.553Z,buy,5.61e-06,1782.0,0.009997019999999999
SNM/BTC,1643195028815,2022-01-26T11:03:48.815Z,buy,5.62e-06,890.0,0.005001800000000001
SNM/BTC,1643195035088,2022-01-26T11:03:55.088Z,buy,5.61e-06,19.0,0.00010659
SNM/BTC,1643195035088,2022-01-26T11:03:55.088Z,buy,5.62e-06,427.0,0.00239974
SNM/BTC,1643195037215,2022-01-26T11:03:57.215Z,buy,5.62e-06,370.0,0.0020794000000000003
SNM/BTC,1643195037215,2022-01-26T11:03:57.215Z,buy,5.63e-06,74.0,0.00041662000000000003
SNM/BTC,1643195049323,2022-01-26T11:04:09.323Z,buy,5.62e-06,45.0,0.0002529
SNM/BTC,1643195054515,2022-01-26T11:04:14.515Z,buy,5.62e-06,45.0,0.0002529
SNM/BTC,1643195060047,2022-01-26T11:04:20.047Z,buy,5.62e-06,49.0,0.00027538000000000004
SNM/BTC,1643195062506,2022-01-26T11:04:22.506Z,buy,5.62e-06,97.0,0.0005451400000000001
SNM/BTC,1643195066026,2022-01-26T11:04:26.026Z,buy,5.62e-06,49.0,0.00027538000000000004
SNM/BTC,1643195071561,2022-01-26T11:04:31.561Z,buy,5.62e-06,49.0,0.00027538000000000004
SNM/BTC,1643195071561,2022-01-26T11:04:31.561Z,buy,5.62e-06,49.0,0.00027538000000000004
SNM/BTC,1643195074701,2022-01-26T11:04:34.701Z,buy,5.62e-06,166.0,0.0009329200000000001
SNM/BTC,1643195074701,2022-01-26T11:04:34.701Z,buy,5.63e-06,395.0,0.0022238500000000003
SNM/BTC,1643195239464,2022-01-26T11:07:19.464Z,sell,5.62e-06,49.0,0.00027538000000000004
SNM/BTC,1643195239464,2022-01-26T11:07:19.464Z,sell,5.6e-06,113.0,0.0006328
SNM/BTC,1643195239464,2022-01-26T11:07:19.464Z,sell,5.6e-06,297.0,0.0016631999999999999
SNM/BTC,1643195268273,2022-01-26T11:07:48.273Z,buy,5.62e-06,148.0,0.0008317600000000001
SNM/BTC,1643195268273,2022-01-26T11:07:48.273Z,buy,5.63e-06,439.0,0.00247157
SNM/BTC,1643195268284,2022-01-26T11:07:48.284Z,sell,5.63e-06,156.0,0.0008782800000000001
SNM/BTC,1643195546733,2022-01-26T11:12:26.733Z,buy,5.62e-06,19.0,0.00010678
SNM/BTC,1643195546742,2022-01-26T11:12:26.742Z,sell,5.63e-06,712.0,0.00400856
SNM/BTC,1643195550774,2022-01-26T11:12:30.774Z,buy,5.63e-06,19.0,0.00010697
SNM/BTC,1643195550774,2022-01-26T11:12:30.774Z,buy,5.64e-06,432.0,0.00243648
SNM/BTC,1643195551073,2022-01-26T11:12:31.073Z,buy,5.64e-06,427.0,0.00240828
SNM/BTC,1643195551689,2022-01-26T11:12:31.689Z,buy,5.64e-06,982.0,0.00553848
SNM/BTC,1643195551689,2022-01-26T11:12:31.689Z,buy,5.65e-06,17.0,9.605e-05
SNM/BTC,1643195578801,2022-01-26T11:12:58.801Z,buy,5.65e-06,96.0,0.0005424
SNM/BTC,1643195584030,2022-01-26T11:13:04.030Z,sell,5.64e-06,120.0,0.0006768
SNM/BTC,1643195584411,2022-01-26T11:13:04.411Z,sell,5.64e-06,1037.0,0.00584868
SNM/BTC,1643195624454,2022-01-26T11:13:44.454Z,sell,5.64e-06,50.0,0.000282
SNM/BTC,1643195644071,2022-01-26T11:14:04.071Z,buy,5.65e-06,136.0,0.0007684
SNM/BTC,1643195673168,2022-01-26T11:14:33.168Z,buy,5.65e-06,2335.0,0.01319275
SNM/BTC,1643195674945,2022-01-26T11:14:34.945Z,buy,5.65e-06,133.0,0.00075145
SNM/BTC,1643195675853,2022-01-26T11:14:35.853Z,buy,5.65e-06,353.0,0.00199445
SNM/BTC,1643195689150,2022-01-26T11:14:49.150Z,buy,5.65e-06,31.0,0.00017515
SNM/BTC,1643195721694,2022-01-26T11:15:21.694Z,buy,5.65e-06,5517.0,0.031171050000000002
SNM/BTC,1643195721694,2022-01-26T11:15:21.694Z,buy,5.66e-06,2802.0,0.01585932
SNM/BTC,1643195738706,2022-01-26T11:15:38.706Z,buy,5.65e-06,530.0,0.0029945
SNM/BTC,1643195762526,2022-01-26T11:16:02.526Z,buy,5.65e-06,769.0,0.00434485
SNM/BTC,1643195762526,2022-01-26T11:16:02.526Z,buy,5.66e-06,1562.0,0.00884092
SNM/BTC,1643195788677,2022-01-26T11:16:28.677Z,buy,5.65e-06,49.0,0.00027685
SNM/BTC,1643195789887,2022-01-26T11:16:29.887Z,buy,5.66e-06,96.0,0.00054336
SNM/BTC,1643195793181,2022-01-26T11:16:33.181Z,sell,5.65e-06,49.0,0.00027685
SNM/BTC,1643195798526,2022-01-26T11:16:38.526Z,buy,5.66e-06,86.0,0.00048676
SNM/BTC,1643195798912,2022-01-26T11:16:38.912Z,sell,5.65e-06,45.0,0.00025425000000000003
SNM/BTC,1643195805035,2022-01-26T11:16:45.035Z,sell,5.65e-06,45.0,0.00025425000000000003
SNM/BTC,1643195811051,2022-01-26T11:16:51.051Z,sell,5.65e-06,48.0,0.0002712
SNM/BTC,1643195816795,2022-01-26T11:16:56.795Z,sell,5.65e-06,47.0,0.00026555000000000003
SNM/BTC,1643195819115,2022-01-26T11:16:59.115Z,buy,5.66e-06,97.0,0.00054902
SNM/BTC,1643195823039,2022-01-26T11:17:03.039Z,sell,5.65e-06,47.0,0.00026555000000000003
SNM/BTC,1643195828428,2022-01-26T11:17:08.428Z,sell,5.65e-06,47.0,0.00026555000000000003
SNM/BTC,1643195831488,2022-01-26T11:17:11.488Z,buy,5.66e-06,415.0,0.0023489
SNM/BTC,1643195831488,2022-01-26T11:17:11.488Z,buy,5.67e-06,3473.0,0.01969191
SNM/BTC,1643195834104,2022-01-26T11:17:14.104Z,sell,5.65e-06,59.0,0.00033335
SNM/BTC,1643195839505,2022-01-26T11:17:19.505Z,sell,5.65e-06,19.0,0.00010735000000000001
SNM/BTC,1643195844893,2022-01-26T11:17:24.893Z,sell,5.65e-06,61.0,0.00034465
SNM/BTC,1643195850278,2022-01-26T11:17:30.278Z,sell,5.65e-06,60.0,0.000339
SNM/BTC,1643195855676,2022-01-26T11:17:35.676Z,sell,5.65e-06,60.0,0.000339
SNM/BTC,1643195861072,2022-01-26T11:17:41.072Z,sell,5.65e-06,68.0,0.0003842
SNM/BTC,1643195866914,2022-01-26T11:17:46.914Z,sell,5.65e-06,68.0,0.0003842
SNM/BTC,1643195868924,2022-01-26T11:17:48.924Z,buy,5.67e-06,44.0,0.00024948
SNM/BTC,1643195872803,2022-01-26T11:17:52.803Z,sell,5.65e-06,67.0,0.00037855
SNM/BTC,1643195896865,2022-01-26T11:18:16.865Z,buy,5.67e-06,134.0,0.0007597799999999999
SNM/BTC,1643195902425,2022-01-26T11:18:22.425Z,buy,5.67e-06,925.0,0.00524475
SNM/BTC,1643195916539,2022-01-26T11:18:36.539Z,sell,5.66e-06,22.0,0.00012452
SNM/BTC,1643195935118,2022-01-26T11:18:55.118Z,sell,5.66e-06,2337.0,0.01322742
SNM/BTC,1643195945143,2022-01-26T11:19:05.143Z,sell,5.66e-06,3646.0,0.02063636
SNM/BTC,1643195952985,2022-01-26T11:19:12.985Z,sell,5.65e-06,724.0,0.0040906
SNM/BTC,1643195955885,2022-01-26T11:19:15.885Z,sell,5.64e-06,403.0,0.00227292
SNM/BTC,1643195955885,2022-01-26T11:19:15.885Z,sell,5.63e-06,69.0,0.00038847
SNM/BTC,1643196033075,2022-01-26T11:20:33.075Z,sell,5.63e-06,45.0,0.00025335
SNM/BTC,1643196055352,2022-01-26T11:20:55.352Z,buy,5.65e-06,466.0,0.0026329
SNM/BTC,1643196063053,2022-01-26T11:21:03.053Z,buy,5.64e-06,67.0,0.00037788000000000003
SNM/BTC,1643196063053,2022-01-26T11:21:03.053Z,buy,5.65e-06,46.0,0.00025990000000000003
SNM/BTC,1643196146645,2022-01-26T11:22:26.645Z,buy,5.64e-06,66.0,0.00037224000000000003
SNM/BTC,1643196146645,2022-01-26T11:22:26.645Z,buy,5.65e-06,1580.0,0.008927000000000001
SNM/BTC,1643196155591,2022-01-26T11:22:35.591Z,buy,5.64e-06,66.0,0.00037224000000000003
SNM/BTC,1643196155591,2022-01-26T11:22:35.591Z,buy,5.65e-06,174.0,0.0009831
SNM/BTC,1643196246506,2022-01-26T11:24:06.506Z,buy,5.64e-06,65.0,0.0003666
SNM/BTC,1643196246506,2022-01-26T11:24:06.506Z,buy,5.65e-06,286.0,0.0016159
SNM/BTC,1643196314725,2022-01-26T11:25:14.725Z,buy,5.64e-06,65.0,0.0003666
SNM/BTC,1643196314732,2022-01-26T11:25:14.732Z,sell,5.64e-06,1211.0,0.00683004
SNM/BTC,1643196611017,2022-01-26T11:30:11.017Z,sell,5.63e-06,541.0,0.0030458300000000002
SNM/BTC,1643196611017,2022-01-26T11:30:11.017Z,sell,5.62e-06,1161.0,0.006524820000000001
SNM/BTC,1643196611017,2022-01-26T11:30:11.017Z,sell,5.61e-06,1241.0,0.006962009999999999
SNM/BTC,1643196611017,2022-01-26T11:30:11.017Z,sell,5.6e-06,2819.0,0.0157864
SNM/BTC,1643196611017,2022-01-26T11:30:11.017Z,sell,5.59e-06,1365.0,0.00763035
SNM/BTC,1643196611017,2022-01-26T11:30:11.017Z,sell,5.58e-06,437.0,0.00243846
SNM/BTC,1643196611029,2022-01-26T11:30:11.029Z,buy,5.59e-06,40.0,0.0002236
SNM/BTC,1643196611029,2022-01-26T11:30:11.029Z,buy,5.6e-06,730.0,0.004088
SNM/BTC,1643196778354,2022-01-26T11:32:58.354Z,buy,5.61e-06,97.0,0.00054417
SNM/BTC,1643196778354,2022-01-26T11:32:58.354Z,buy,5.62e-06,205.0,0.0011521
SNM/BTC,1643196893161,2022-01-26T11:34:53.161Z,buy,5.62e-06,1160.0,0.0065192
SNM/BTC,1643197055948,2022-01-26T11:37:35.948Z,buy,5.63e-06,625.0,0.00351875
SNM/BTC,1643197088925,2022-01-26T11:38:08.925Z,buy,5.64e-06,35.0,0.0001974
SNM/BTC,1643197091906,2022-01-26T11:38:11.906Z,buy,5.64e-06,2315.0,0.0130566
SNM/BTC,1643197094021,2022-01-26T11:38:14.021Z,buy,5.65e-06,58.0,0.0003277
SNM/BTC,1643197096516,2022-01-26T11:38:16.516Z,buy,5.64e-06,48.0,0.00027072
SNM/BTC,1643197096516,2022-01-26T11:38:16.516Z,buy,5.65e-06,1383.0,0.00781395
SNM/BTC,1643197102357,2022-01-26T11:38:22.357Z,sell,5.65e-06,64.0,0.0003616
SNM/BTC,1643197105519,2022-01-26T11:38:25.519Z,buy,5.66e-06,353.0,0.00199798
SNM/BTC,1643197106803,2022-01-26T11:38:26.803Z,buy,5.66e-06,668.0,0.00378088
SNM/BTC,1643197108650,2022-01-26T11:38:28.650Z,sell,5.65e-06,60.0,0.000339
SNM/BTC,1643197113980,2022-01-26T11:38:33.980Z,sell,5.65e-06,40.0,0.00022600000000000002
SNM/BTC,1643197120154,2022-01-26T11:38:40.154Z,sell,5.65e-06,28.0,0.0001582
SNM/BTC,1643197125476,2022-01-26T11:38:45.476Z,sell,5.66e-06,67.0,0.00037922
SNM/BTC,1643197126399,2022-01-26T11:38:46.399Z,buy,5.67e-06,234.0,0.00132678
SNM/BTC,1643197131040,2022-01-26T11:38:51.040Z,sell,5.66e-06,67.0,0.00037922
SNM/BTC,1643197136442,2022-01-26T11:38:56.442Z,sell,5.66e-06,66.0,0.00037356
SNM/BTC,1643197142454,2022-01-26T11:39:02.454Z,sell,5.66e-06,69.0,0.00039054
SNM/BTC,1643197145333,2022-01-26T11:39:05.333Z,buy,5.67e-06,1171.0,0.00663957
SNM/BTC,1643197148532,2022-01-26T11:39:08.532Z,sell,5.67e-06,69.0,0.00039123
SNM/BTC,1643197153817,2022-01-26T11:39:13.817Z,sell,5.67e-06,1000.0,0.00567
SNM/BTC,1643197154028,2022-01-26T11:39:14.028Z,sell,5.67e-06,61.0,0.00034587
SNM/BTC,1643197159417,2022-01-26T11:39:19.417Z,sell,5.67e-06,68.0,0.00038556
SNM/BTC,1643197161207,2022-01-26T11:39:21.207Z,buy,5.68e-06,48.0,0.00027264
SNM/BTC,1643197164813,2022-01-26T11:39:24.813Z,sell,5.67e-06,62.0,0.00035154
SNM/BTC,1643197165768,2022-01-26T11:39:25.768Z,buy,5.68e-06,8542.0,0.048518559999999995
SNM/BTC,1643197165768,2022-01-26T11:39:25.768Z,buy,5.69e-06,3189.0,0.01814541
SNM/BTC,1643197165768,2022-01-26T11:39:25.768Z,buy,5.7e-06,5232.0,0.0298224
SNM/BTC,1643197165768,2022-01-26T11:39:25.768Z,buy,5.71e-06,5251.0,0.029983210000000003
SNM/BTC,1643197165768,2022-01-26T11:39:25.768Z,buy,5.72e-06,2452.0,0.01402544
SNM/BTC,1643197165768,2022-01-26T11:39:25.768Z,buy,5.73e-06,3882.0,0.02224386
SNM/BTC,1643197165768,2022-01-26T11:39:25.768Z,buy,5.74e-06,6531.0,0.03748794
SNM/BTC,1643197165768,2022-01-26T11:39:25.768Z,buy,5.75e-06,2725.0,0.01566875
SNM/BTC,1643197170204,2022-01-26T11:39:30.204Z,sell,5.7e-06,68.0,0.0003876
SNM/BTC,1643197173707,2022-01-26T11:39:33.707Z,buy,5.75e-06,413.0,0.00237475
SNM/BTC,1643197173723,2022-01-26T11:39:33.723Z,sell,5.73e-06,105.0,0.00060165
SNM/BTC,1643197174375,2022-01-26T11:39:34.375Z,buy,5.74e-06,105.0,0.0006027
SNM/BTC,1643197174375,2022-01-26T11:39:34.375Z,buy,5.75e-06,68.0,0.000391
SNM/BTC,1643197174444,2022-01-26T11:39:34.444Z,sell,5.73e-06,105.0,0.00060165
SNM/BTC,1643197175794,2022-01-26T11:39:35.794Z,buy,5.74e-06,42.0,0.00024108000000000002
SNM/BTC,1643197176415,2022-01-26T11:39:36.415Z,buy,5.74e-06,63.0,0.00036162
SNM/BTC,1643197176415,2022-01-26T11:39:36.415Z,buy,5.75e-06,337.0,0.00193775
SNM/BTC,1643197177526,2022-01-26T11:39:37.526Z,buy,5.75e-06,70.0,0.0004025
SNM/BTC,1643197185785,2022-01-26T11:39:45.785Z,sell,5.72e-06,95.0,0.0005434
SNM/BTC,1643197185795,2022-01-26T11:39:45.795Z,sell,5.71e-06,1487.0,0.00849077
SNM/BTC,1643197186087,2022-01-26T11:39:46.087Z,buy,5.72e-06,5630.0,0.0322036
SNM/BTC,1643197186087,2022-01-26T11:39:46.087Z,buy,5.75e-06,2110.0,0.0121325
SNM/BTC,1643197192568,2022-01-26T11:39:52.568Z,buy,5.74e-06,499.0,0.00286426
SNM/BTC,1643197192568,2022-01-26T11:39:52.568Z,buy,5.75e-06,1539.0,0.00884925
SNM/BTC,1643197197969,2022-01-26T11:39:57.969Z,buy,5.75e-06,1164.0,0.006693
SNM/BTC,1643197198006,2022-01-26T11:39:58.006Z,buy,5.75e-06,3381.0,0.01944075
SNM/BTC,1643197198482,2022-01-26T11:39:58.482Z,sell,5.73e-06,104.0,0.00059592
SNM/BTC,1643197204541,2022-01-26T11:40:04.541Z,sell,5.72e-06,95.0,0.0005434
SNM/BTC,1643197213381,2022-01-26T11:40:13.381Z,sell,5.71e-06,499.0,0.00284929
SNM/BTC,1643197220534,2022-01-26T11:40:20.534Z,buy,5.72e-06,92.0,0.00052624
SNM/BTC,1643197246496,2022-01-26T11:40:46.496Z,buy,5.72e-06,95.0,0.0005434
SNM/BTC,1643197249202,2022-01-26T11:40:49.202Z,buy,5.72e-06,460.0,0.0026312
SNM/BTC,1643197257551,2022-01-26T11:40:57.551Z,buy,5.72e-06,3888.0,0.02223936
SNM/BTC,1643197272187,2022-01-26T11:41:12.187Z,buy,5.72e-06,1780.0,0.0101816
SNM/BTC,1643197310322,2022-01-26T11:41:50.322Z,sell,5.7e-06,968.0,0.005517599999999999
SNM/BTC,1643197310322,2022-01-26T11:41:50.322Z,sell,5.69e-06,1360.0,0.0077383999999999994
SNM/BTC,1643197310322,2022-01-26T11:41:50.322Z,sell,5.69e-06,293.0,0.00166717
SNM/BTC,1643197381963,2022-01-26T11:43:01.963Z,buy,5.71e-06,96.0,0.00054816
SNM/BTC,1643197392092,2022-01-26T11:43:12.092Z,sell,5.71e-06,2000.0,0.011420000000000001
SNM/BTC,1643197431815,2022-01-26T11:43:51.815Z,buy,5.72e-06,349.0,0.00199628
SNM/BTC,1643197435389,2022-01-26T11:43:55.389Z,buy,5.72e-06,40.0,0.0002288
SNM/BTC,1643197440815,2022-01-26T11:44:00.815Z,buy,5.72e-06,44.0,0.00025168
SNM/BTC,1643197446246,2022-01-26T11:44:06.246Z,buy,5.72e-06,44.0,0.00025168
SNM/BTC,1643197482854,2022-01-26T11:44:42.854Z,buy,5.72e-06,702.0,0.00401544
SNM/BTC,1643197502526,2022-01-26T11:45:02.526Z,sell,5.72e-06,1000.0,0.00572
SNM/BTC,1643197503718,2022-01-26T11:45:03.718Z,sell,5.72e-06,126.0,0.00072072
SNM/BTC,1643197523329,2022-01-26T11:45:23.329Z,sell,5.72e-06,1500.0,0.00858
SNM/BTC,1643197537573,2022-01-26T11:45:37.573Z,sell,5.71e-06,509.0,0.00290639
SNM/BTC,1643197610160,2022-01-26T11:46:50.160Z,sell,5.71e-06,148.0,0.00084508
SNM/BTC,1643197641307,2022-01-26T11:47:21.307Z,sell,5.71e-06,1644.0,0.00938724
SNM/BTC,1643197658764,2022-01-26T11:47:38.764Z,sell,5.71e-06,92.0,0.00052532
SNM/BTC,1643197737077,2022-01-26T11:48:57.077Z,sell,5.71e-06,377.0,0.00215267
SNM/BTC,1643197750049,2022-01-26T11:49:10.049Z,sell,5.71e-06,20.0,0.00011420000000000001
SNM/BTC,1643197864561,2022-01-26T11:51:04.561Z,sell,5.71e-06,172.0,0.0009821200000000002
SNM/BTC,1643197864561,2022-01-26T11:51:04.561Z,sell,5.7e-06,95.0,0.0005415
SNM/BTC,1643197864561,2022-01-26T11:51:04.561Z,sell,5.69e-06,814.0,0.00463166
SNM/BTC,1643197905690,2022-01-26T11:51:45.690Z,buy,5.72e-06,456.0,0.0026083200000000003
SNM/BTC,1643197918836,2022-01-26T11:51:58.836Z,buy,5.72e-06,223.0,0.00127556
SNM/BTC,1643197918836,2022-01-26T11:51:58.836Z,buy,5.73e-06,6.0,3.438e-05
SNM/BTC,1643197933301,2022-01-26T11:52:13.301Z,buy,5.73e-06,454.0,0.00260142
SNM/BTC,1643198059576,2022-01-26T11:54:19.576Z,buy,5.73e-06,594.0,0.00340362
SNM/BTC,1643198059576,2022-01-26T11:54:19.576Z,buy,5.74e-06,1034.0,0.00593516
SNM/BTC,1643198076409,2022-01-26T11:54:36.409Z,buy,5.74e-06,95.0,0.0005453
SNM/BTC,1643198107285,2022-01-26T11:55:07.285Z,buy,5.74e-06,42.0,0.00024108000000000002
SNM/BTC,1643198107285,2022-01-26T11:55:07.285Z,buy,5.75e-06,2427.0,0.01395525
SNM/BTC,1643198115356,2022-01-26T11:55:15.356Z,buy,5.75e-06,1358.0,0.0078085
SNM/BTC,1643198150978,2022-01-26T11:55:50.978Z,buy,5.75e-06,2874.0,0.0165255
SNM/BTC,1643198219950,2022-01-26T11:56:59.950Z,buy,5.75e-06,89.0,0.00051175
SNM/BTC,1643198222903,2022-01-26T11:57:02.903Z,buy,5.75e-06,391.0,0.00224825
SNM/BTC,1643198224618,2022-01-26T11:57:04.618Z,buy,5.75e-06,141.0,0.00081075
SNM/BTC,1643198246126,2022-01-26T11:57:26.126Z,buy,5.75e-06,603.0,0.00346725
SNM/BTC,1643198281065,2022-01-26T11:58:01.065Z,buy,5.75e-06,126.0,0.0007245
SNM/BTC,1643198305336,2022-01-26T11:58:25.336Z,buy,5.75e-06,89.0,0.00051175
SNM/BTC,1643198341559,2022-01-26T11:59:01.559Z,buy,5.75e-06,452.0,0.002599
SNM/BTC,1643198409661,2022-01-26T12:00:09.661Z,buy,5.75e-06,779.0,0.00447925
SNM/BTC,1643198495444,2022-01-26T12:01:35.444Z,buy,5.75e-06,350.0,0.0020125
SNM/BTC,1643198506530,2022-01-26T12:01:46.530Z,buy,5.75e-06,1626.0,0.0093495
SNM/BTC,1643198566475,2022-01-26T12:02:46.475Z,buy,5.75e-06,1280.0,0.00736
SNM/BTC,1643198571594,2022-01-26T12:02:51.594Z,buy,5.75e-06,124.0,0.000713
SNM/BTC,1643198632295,2022-01-26T12:03:52.295Z,sell,5.72e-06,95.0,0.0005434
SNM/BTC,1643198632295,2022-01-26T12:03:52.295Z,sell,5.71e-06,17.0,9.707e-05
SNM/BTC,1643198632295,2022-01-26T12:03:52.295Z,sell,5.71e-06,21.0,0.00011991000000000001
SNM/BTC,1643198632295,2022-01-26T12:03:52.295Z,sell,5.71e-06,25.0,0.00014275
SNM/BTC,1643198632295,2022-01-26T12:03:52.295Z,sell,5.71e-06,1008.0,0.00575568
SNM/BTC,1643198632295,2022-01-26T12:03:52.295Z,sell,5.72e-06,95.0,0.0005434
SNM/BTC,1643198632295,2022-01-26T12:03:52.295Z,sell,5.71e-06,17.0,9.707e-05
SNM/BTC,1643198632295,2022-01-26T12:03:52.295Z,sell,5.71e-06,21.0,0.00011991000000000001
SNM/BTC,1643198632295,2022-01-26T12:03:52.295Z,sell,5.71e-06,25.0,0.00014275
SNM/BTC,1643198632295,2022-01-26T12:03:52.295Z,sell,5.71e-06,1008.0,0.00575568
SNM/BTC,1643198782270,2022-01-26T12:06:22.270Z,sell,5.7e-06,1390.0,0.007923
SNM/BTC,1643198793281,2022-01-26T12:06:33.281Z,sell,5.69e-06,125.0,0.00071125
SNM/BTC,1643198808794,2022-01-26T12:06:48.794Z,sell,5.69e-06,602.0,0.00342538
SNM/BTC,1643198863817,2022-01-26T12:07:43.817Z,buy,5.69e-06,234.0,0.00133146
SNM/BTC,1643198904395,2022-01-26T12:08:24.395Z,sell,5.68e-06,49.0,0.00027832
SNM/BTC,1643198904395,2022-01-26T12:08:24.395Z,sell,5.68e-06,708.0,0.00402144
SNM/BTC,1643198930601,2022-01-26T12:08:50.601Z,sell,5.69e-06,30.0,0.0001707
SNM/BTC,1643198943831,2022-01-26T12:09:03.831Z,sell,5.69e-06,5.0,2.845e-05
SNM/BTC,1643198943831,2022-01-26T12:09:03.831Z,sell,5.68e-06,26.0,0.00014768
SNM/BTC,1643198970117,2022-01-26T12:09:30.117Z,sell,5.68e-06,1552.0,0.00881536
SNM/BTC,1643198994273,2022-01-26T12:09:54.273Z,sell,5.68e-06,114.0,0.00064752
SNM/BTC,1643199094039,2022-01-26T12:11:34.039Z,sell,5.68e-06,221.0,0.00125528
SNM/BTC,1643199104929,2022-01-26T12:11:44.929Z,sell,5.67e-06,1162.0,0.0065885399999999995
SNM/BTC,1643199126312,2022-01-26T12:12:06.312Z,sell,5.67e-06,759.0,0.00430353
SNM/BTC,1643199194133,2022-01-26T12:13:14.133Z,sell,5.67e-06,1000.0,0.00567
SNM/BTC,1643199210651,2022-01-26T12:13:30.651Z,sell,5.67e-06,1000.0,0.00567
SNM/BTC,1643199220279,2022-01-26T12:13:40.279Z,sell,5.67e-06,1000.0,0.00567
SNM/BTC,1643199234915,2022-01-26T12:13:54.915Z,sell,5.67e-06,449.0,0.00254583
SNM/BTC,1643199234915,2022-01-26T12:13:54.915Z,sell,5.66e-06,334.0,0.00189044
SNM/BTC,1643199235455,2022-01-26T12:13:55.455Z,sell,5.66e-06,449.0,0.00254134
SNM/BTC,1643199244265,2022-01-26T12:14:04.265Z,sell,5.66e-06,453.0,0.00256398
SNM/BTC,1643199244265,2022-01-26T12:14:04.265Z,sell,5.65e-06,134.0,0.0007571
SNM/BTC,1643199256898,2022-01-26T12:14:16.898Z,buy,5.67e-06,96.0,0.00054432
SNM/BTC,1643199256898,2022-01-26T12:14:16.898Z,buy,5.68e-06,132.0,0.0007497599999999999
SNM/BTC,1643199268314,2022-01-26T12:14:28.314Z,sell,5.66e-06,440.0,0.0024904
SNM/BTC,1643199270912,2022-01-26T12:14:30.912Z,buy,5.67e-06,69.0,0.00039123
SNM/BTC,1643199271623,2022-01-26T12:14:31.623Z,sell,5.66e-06,330.0,0.0018678
SNM/BTC,1643199274093,2022-01-26T12:14:34.093Z,sell,5.66e-06,132.0,0.00074712
SNM/BTC,1643199274093,2022-01-26T12:14:34.093Z,sell,5.65e-06,198.0,0.0011187
SNM/BTC,1643199278007,2022-01-26T12:14:38.007Z,sell,5.66e-06,165.0,0.0009339
SNM/BTC,1643199280560,2022-01-26T12:14:40.560Z,sell,5.66e-06,249.0,0.00140934
SNM/BTC,1643199284811,2022-01-26T12:14:44.811Z,sell,5.65e-06,249.0,0.00140685
SNM/BTC,1643199307596,2022-01-26T12:15:07.596Z,sell,5.66e-06,2823.0,0.01597818
SNM/BTC,1643199313250,2022-01-26T12:15:13.250Z,sell,5.66e-06,562.0,0.00318092
SNM/BTC,1643199356603,2022-01-26T12:15:56.603Z,sell,5.65e-06,989.0,0.00558785
SNM/BTC,1643199357707,2022-01-26T12:15:57.707Z,sell,5.65e-06,1626.0,0.0091869
SNM/BTC,1643199409456,2022-01-26T12:16:49.456Z,sell,5.65e-06,465.0,0.0026272500000000002
SNM/BTC,1643199467244,2022-01-26T12:17:47.244Z,sell,5.65e-06,131.0,0.00074015
SNM/BTC,1643199477134,2022-01-26T12:17:57.134Z,buy,5.68e-06,522.0,0.00296496
SNM/BTC,1643199497254,2022-01-26T12:18:17.254Z,sell,5.66e-06,132.0,0.00074712
SNM/BTC,1643199508137,2022-01-26T12:18:28.137Z,buy,5.68e-06,311.0,0.00176648
SNM/BTC,1643199508137,2022-01-26T12:18:28.137Z,buy,5.69e-06,108.0,0.00061452
SNM/BTC,1643199512836,2022-01-26T12:18:32.836Z,buy,5.69e-06,521.0,0.0029644899999999997
SNM/BTC,1643199541134,2022-01-26T12:19:01.134Z,sell,5.67e-06,132.0,0.00074844
SNM/BTC,1643199541134,2022-01-26T12:19:01.134Z,sell,5.66e-06,784.0,0.00443744
SNM/BTC,1643199584371,2022-01-26T12:19:44.371Z,sell,5.66e-06,92.0,0.00052072
SNM/BTC,1643199609722,2022-01-26T12:20:09.722Z,buy,5.68e-06,132.0,0.0007497599999999999
SNM/BTC,1643199609722,2022-01-26T12:20:09.722Z,buy,5.69e-06,8.0,4.552e-05
SNM/BTC,1643199619672,2022-01-26T12:20:19.672Z,sell,5.66e-06,281.0,0.00159046
SNM/BTC,1643199619682,2022-01-26T12:20:19.682Z,buy,5.66e-06,160.0,0.0009056
SNM/BTC,1643199619704,2022-01-26T12:20:19.704Z,buy,5.66e-06,365.0,0.0020659
SNM/BTC,1643199642990,2022-01-26T12:20:42.990Z,buy,5.68e-06,132.0,0.0007497599999999999
SNM/BTC,1643199642990,2022-01-26T12:20:42.990Z,buy,5.69e-06,390.0,0.0022191
SNM/BTC,1643199772830,2022-01-26T12:22:52.830Z,buy,5.69e-06,497.0,0.0028279299999999998
SNM/BTC,1643199777562,2022-01-26T12:22:57.562Z,sell,5.69e-06,3.0,1.7069999999999998e-05
SNM/BTC,1643199819685,2022-01-26T12:23:39.685Z,buy,5.69e-06,114.0,0.00064866
SNM/BTC,1643199843742,2022-01-26T12:24:03.742Z,buy,5.7e-06,109.0,0.0006213
SNM/BTC,1643199891401,2022-01-26T12:24:51.401Z,sell,5.68e-06,95.0,0.0005396
SNM/BTC,1643199903858,2022-01-26T12:25:03.858Z,sell,5.67e-06,132.0,0.00074844
SNM/BTC,1643199903858,2022-01-26T12:25:03.858Z,sell,5.66e-06,1413.0,0.00799758
SNM/BTC,1643199903858,2022-01-26T12:25:03.858Z,sell,5.65e-06,1314.0,0.0074241
SNM/BTC,1643199923613,2022-01-26T12:25:23.613Z,sell,5.64e-06,7504.0,0.04232256
SNM/BTC,1643199923633,2022-01-26T12:25:23.633Z,buy,5.64e-06,637.0,0.00359268
SNM/BTC,1643199925404,2022-01-26T12:25:25.404Z,sell,5.63e-06,167.0,0.00094021
SNM/BTC,1643199930403,2022-01-26T12:25:30.403Z,buy,5.65e-06,97.0,0.00054805
SNM/BTC,1643199968430,2022-01-26T12:26:08.430Z,sell,5.64e-06,114.0,0.00064296
SNM/BTC,1643199968430,2022-01-26T12:26:08.430Z,sell,5.63e-06,1860.0,0.0104718
SNM/BTC,1643200058233,2022-01-26T12:27:38.233Z,sell,5.63e-06,1420.0,0.007994600000000001
SNM/BTC,1643200100989,2022-01-26T12:28:20.989Z,sell,5.62e-06,1707.0,0.00959334
SNM/BTC,1643200101001,2022-01-26T12:28:21.001Z,sell,5.62e-06,2431.0,0.013662220000000001
SNM/BTC,1643200199864,2022-01-26T12:29:59.864Z,buy,5.63e-06,389.0,0.00219007
SNM/BTC,1643200261212,2022-01-26T12:31:01.212Z,buy,5.63e-06,178.0,0.00100214
SNM/BTC,1643200330348,2022-01-26T12:32:10.348Z,buy,5.63e-06,18.0,0.00010134
SNM/BTC,1643200496966,2022-01-26T12:34:56.966Z,buy,5.63e-06,302.0,0.00170026
SNM/BTC,1643200782090,2022-01-26T12:39:42.090Z,sell,5.62e-06,340.0,0.0019108
SNM/BTC,1643200812462,2022-01-26T12:40:12.462Z,sell,5.62e-06,87.0,0.00048894
SNM/BTC,1643200812462,2022-01-26T12:40:12.462Z,sell,5.61e-06,441.0,0.00247401
SNM/BTC,1643200835269,2022-01-26T12:40:35.269Z,buy,5.63e-06,1776.0,0.00999888
SNM/BTC,1643200920803,2022-01-26T12:42:00.803Z,buy,5.63e-06,9682.0,0.05450966
SNM/BTC,1643201093810,2022-01-26T12:44:53.810Z,buy,5.63e-06,124.0,0.00069812
SNM/BTC,1643201147826,2022-01-26T12:45:47.826Z,sell,5.63e-06,132.0,0.0007431600000000001
SNM/BTC,1643201208776,2022-01-26T12:46:48.776Z,buy,5.64e-06,383.0,0.00216012
SNM/BTC,1643201247828,2022-01-26T12:47:27.828Z,buy,5.65e-06,1162.0,0.0065653000000000005
SNM/BTC,1643201247828,2022-01-26T12:47:27.828Z,buy,5.66e-06,1079.0,0.00610714
SNM/BTC,1643201247828,2022-01-26T12:47:27.828Z,buy,5.67e-06,476.0,0.00269892
SNM/BTC,1643201327326,2022-01-26T12:48:47.326Z,buy,5.67e-06,160.0,0.0009071999999999999
SNM/BTC,1643201327337,2022-01-26T12:48:47.337Z,sell,5.67e-06,440.0,0.0024948
SNM/BTC,1643201599082,2022-01-26T12:53:19.082Z,sell,5.66e-06,201.0,0.00113766
SNM/BTC,1643201599082,2022-01-26T12:53:19.082Z,sell,5.65e-06,96.0,0.0005424
SNM/BTC,1643201599082,2022-01-26T12:53:19.082Z,sell,5.64e-06,404.0,0.0022785600000000002
SNM/BTC,1643201599082,2022-01-26T12:53:19.082Z,sell,5.63e-06,223.0,0.0012554900000000002
SNM/BTC,1643201720217,2022-01-26T12:55:20.217Z,sell,5.63e-06,1000.0,0.0056300000000000005
SNM/BTC,1643201720217,2022-01-26T12:55:20.217Z,sell,5.63e-06,1000.0,0.0056300000000000005
SNM/BTC,1643202302803,2022-01-26T13:05:02.803Z,buy,5.66e-06,310.0,0.0017546
SNM/BTC,1643202302803,2022-01-26T13:05:02.803Z,buy,5.67e-06,4.0,2.268e-05
SNM/BTC,1643202797490,2022-01-26T13:13:17.490Z,sell,5.65e-06,66.0,0.0003729
SNM/BTC,1643202842086,2022-01-26T13:14:02.086Z,sell,5.65e-06,167.0,0.00094355
SNM/BTC,1643202859761,2022-01-26T13:14:19.761Z,sell,5.64e-06,833.0,0.00469812
SNM/BTC,1643203137236,2022-01-26T13:18:57.236Z,sell,5.64e-06,551.0,0.00310764
SNM/BTC,1643203275574,2022-01-26T13:21:15.574Z,buy,5.67e-06,444.0,0.00251748
SNM/BTC,1643203275574,2022-01-26T13:21:15.574Z,buy,5.68e-06,2453.0,0.013933039999999999
SNM/BTC,1643203275586,2022-01-26T13:21:15.586Z,sell,5.68e-06,2098.0,0.01191664
SNM/BTC,1643203275595,2022-01-26T13:21:15.595Z,sell,5.68e-06,1005.0,0.0057084
SNM/BTC,1643203481862,2022-01-26T13:24:41.862Z,sell,5.66e-06,93.0,0.00052638
SNM/BTC,1643204300999,2022-01-26T13:38:20.999Z,buy,5.67e-06,352.0,0.00199584
SNM/BTC,1643204415400,2022-01-26T13:40:15.400Z,buy,5.67e-06,58.0,0.00032886
SNM/BTC,1643204424603,2022-01-26T13:40:24.603Z,buy,5.68e-06,36.0,0.00020448
SNM/BTC,1643204482945,2022-01-26T13:41:22.945Z,buy,5.68e-06,2008.0,0.01140544
SNM/BTC,1643204632056,2022-01-26T13:43:52.056Z,sell,5.68e-06,4387.0,0.024918159999999998
SNM/BTC,1643204980703,2022-01-26T13:49:40.703Z,sell,5.66e-06,75.0,0.0004245
SNM/BTC,1643204980703,2022-01-26T13:49:40.703Z,sell,5.65e-06,1867.0,0.01054855
SNM/BTC,1643205124668,2022-01-26T13:52:04.668Z,sell,5.64e-06,418.0,0.00235752
SNM/BTC,1643205124668,2022-01-26T13:52:04.668Z,sell,5.64e-06,418.0,0.00235752
SNM/BTC,1643205888916,2022-01-26T14:04:48.916Z,buy,5.65e-06,44.0,0.0002486
SNM/BTC,1643206016391,2022-01-26T14:06:56.391Z,sell,5.64e-06,1264.0,0.00712896
SNM/BTC,1643206016391,2022-01-26T14:06:56.391Z,sell,5.63e-06,1205.0,0.00678415
SNM/BTC,1643206021709,2022-01-26T14:07:01.709Z,sell,5.63e-06,223.0,0.0012554900000000002
SNM/BTC,1643206254938,2022-01-26T14:10:54.938Z,sell,5.63e-06,355.0,0.0019986500000000003
SNM/BTC,1643206474183,2022-01-26T14:14:34.183Z,buy,5.65e-06,253.0,0.00142945
SNM/BTC,1643206474183,2022-01-26T14:14:34.183Z,buy,5.66e-06,442.0,0.00250172
SNM/BTC,1643207062124,2022-01-26T14:24:22.124Z,buy,5.66e-06,266.0,0.00150556
SNM/BTC,1643207062124,2022-01-26T14:24:22.124Z,buy,5.67e-06,564.0,0.00319788
SNM/BTC,1643207062124,2022-01-26T14:24:22.124Z,buy,5.68e-06,812.0,0.00461216
SNM/BTC,1643208052240,2022-01-26T14:40:52.240Z,buy,5.68e-06,457.0,0.00259576
SNM/BTC,1643208130419,2022-01-26T14:42:10.419Z,buy,5.68e-06,100.0,0.0005679999999999999
SNM/BTC,1643208226696,2022-01-26T14:43:46.696Z,sell,5.66e-06,132.0,0.00074712
SNM/BTC,1643208226696,2022-01-26T14:43:46.696Z,sell,5.65e-06,562.0,0.0031753000000000003
SNM/BTC,1643208694389,2022-01-26T14:51:34.389Z,sell,5.65e-06,143.0,0.00080795
SNM/BTC,1643208694389,2022-01-26T14:51:34.389Z,sell,5.65e-06,143.0,0.00080795
SNM/BTC,1643208929631,2022-01-26T14:55:29.631Z,sell,5.65e-06,136.0,0.0007684
SNM/BTC,1643209498453,2022-01-26T15:04:58.453Z,buy,5.67e-06,88.0,0.00049896
SNM/BTC,1643210120016,2022-01-26T15:15:20.016Z,sell,5.65e-06,250.0,0.0014125000000000001
SNM/BTC,1643210411555,2022-01-26T15:20:11.555Z,sell,5.65e-06,164.0,0.0009266
SNM/BTC,1643210513815,2022-01-26T15:21:53.815Z,sell,5.64e-06,404.0,0.0022785600000000002
SNM/BTC,1643210579548,2022-01-26T15:22:59.548Z,sell,5.63e-06,1656.0,0.00932328
SNM/BTC,1643210695024,2022-01-26T15:24:55.024Z,sell,5.62e-06,1756.0,0.009868720000000001
SNM/BTC,1643210695031,2022-01-26T15:24:55.031Z,buy,5.62e-06,407.0,0.00228734
SNM/BTC,1643210695031,2022-01-26T15:24:55.031Z,buy,5.63e-06,2503.0,0.014091890000000001
SNM/BTC,1643211041028,2022-01-26T15:30:41.028Z,sell,5.62e-06,443.0,0.0024896600000000003
SNM/BTC,1643211041037,2022-01-26T15:30:41.037Z,buy,5.62e-06,505.0,0.0028381
SNM/BTC,1643211041037,2022-01-26T15:30:41.037Z,buy,5.62e-06,505.0,0.0028381
SNM/BTC,1643212528277,2022-01-26T15:55:28.277Z,buy,5.64e-06,18.0,0.00010152
SNM/BTC,1643212529123,2022-01-26T15:55:29.123Z,buy,5.64e-06,114.0,0.00064296
SNM/BTC,1643212529133,2022-01-26T15:55:29.133Z,sell,5.64e-06,64.0,0.00036096
SNM/BTC,1643212529481,2022-01-26T15:55:29.481Z,sell,5.64e-06,178.0,0.00100392
SNM/BTC,1643212533038,2022-01-26T15:55:33.038Z,buy,5.65e-06,26.0,0.0001469
SNM/BTC,1643212838020,2022-01-26T16:00:38.020Z,sell,5.64e-06,84.0,0.00047376000000000004
SNM/BTC,1643213074378,2022-01-26T16:04:34.378Z,buy,5.65e-06,265.0,0.00149725
SNM/BTC,1643213098527,2022-01-26T16:04:58.527Z,buy,5.65e-06,114.0,0.0006441
SNM/BTC,1643213807336,2022-01-26T16:16:47.336Z,sell,5.64e-06,177.0,0.00099828
SNM/BTC,1643213807336,2022-01-26T16:16:47.336Z,sell,5.63e-06,177.0,0.0009965100000000001
SNM/BTC,1643213807336,2022-01-26T16:16:47.336Z,sell,5.62e-06,424.0,0.00238288
SNM/BTC,1643213922800,2022-01-26T16:18:42.800Z,sell,5.62e-06,59.0,0.00033158000000000005
SNM/BTC,1643213922800,2022-01-26T16:18:42.800Z,sell,5.62e-06,59.0,0.00033158000000000005
SNM/BTC,1643215176612,2022-01-26T16:39:36.612Z,sell,5.62e-06,296.0,0.0016635200000000001
SNM/BTC,1643215582971,2022-01-26T16:46:22.971Z,sell,5.62e-06,158.0,0.00088796
SNM/BTC,1643215844410,2022-01-26T16:50:44.410Z,sell,5.62e-06,2332.0,0.01310584
SNM/BTC,1643216200469,2022-01-26T16:56:40.469Z,sell,5.62e-06,889.0,0.00499618
SNM/BTC,1643216200469,2022-01-26T16:56:40.469Z,sell,5.61e-06,830.0,0.0046562999999999995
SNM/BTC,1643216255898,2022-01-26T16:57:35.898Z,sell,5.61e-06,89.0,0.00049929
SNM/BTC,1643216296883,2022-01-26T16:58:16.883Z,sell,5.61e-06,278.0,0.0015595799999999999
SNM/BTC,1643216353781,2022-01-26T16:59:13.781Z,sell,5.61e-06,55.0,0.00030855
SNM/BTC,1643216620113,2022-01-26T17:03:40.113Z,buy,5.62e-06,153.0,0.00085986
SNM/BTC,1643216620843,2022-01-26T17:03:40.843Z,sell,5.61e-06,55.0,0.00030855
SNM/BTC,1643216692847,2022-01-26T17:04:52.847Z,buy,5.62e-06,201.0,0.00112962
SNM/BTC,1643216836659,2022-01-26T17:07:16.659Z,buy,5.62e-06,97.0,0.0005451400000000001
SNM/BTC,1643217144416,2022-01-26T17:12:24.416Z,sell,5.61e-06,817.0,0.00458337
SNM/BTC,1643217159477,2022-01-26T17:12:39.477Z,sell,5.61e-06,445.0,0.00249645
SNM/BTC,1643217183600,2022-01-26T17:13:03.600Z,sell,5.61e-06,45.0,0.00025245
SNM/BTC,1643217366341,2022-01-26T17:16:06.341Z,sell,5.61e-06,433.0,0.00242913
SNM/BTC,1643217366341,2022-01-26T17:16:06.341Z,sell,5.6e-06,3083.0,0.0172648
SNM/BTC,1643217366341,2022-01-26T17:16:06.341Z,sell,5.61e-06,433.0,0.00242913
SNM/BTC,1643217366341,2022-01-26T17:16:06.341Z,sell,5.6e-06,3083.0,0.0172648
SNM/BTC,1643217697882,2022-01-26T17:21:37.882Z,sell,5.6e-06,1000.0,0.0056
SNM/BTC,1643217757225,2022-01-26T17:22:37.225Z,sell,5.6e-06,117.0,0.0006552
SNM/BTC,1643217879934,2022-01-26T17:24:39.934Z,sell,5.6e-06,1036.0,0.0058016
SNM/BTC,1643218183346,2022-01-26T17:29:43.346Z,sell,5.6e-06,385.0,0.002156
SNM/BTC,1643218401422,2022-01-26T17:33:21.422Z,buy,5.62e-06,92.0,0.0005170400000000001
SNM/BTC,1643218760149,2022-01-26T17:39:20.149Z,buy,5.62e-06,46.0,0.00025852000000000004
SNM/BTC,1643219024465,2022-01-26T17:43:44.465Z,buy,5.62e-06,8459.0,0.047539580000000005
SNM/BTC,1643219024465,2022-01-26T17:43:44.465Z,buy,5.63e-06,625.0,0.00351875
SNM/BTC,1643219024465,2022-01-26T17:43:44.465Z,buy,5.64e-06,509.0,0.00287076
SNM/BTC,1643219024465,2022-01-26T17:43:44.465Z,buy,5.65e-06,1126.0,0.0063619
SNM/BTC,1643219024465,2022-01-26T17:43:44.465Z,buy,5.66e-06,2110.0,0.0119426
SNM/BTC,1643219024465,2022-01-26T17:43:44.465Z,buy,5.67e-06,905.0,0.00513135
SNM/BTC,1643219024465,2022-01-26T17:43:44.465Z,buy,5.68e-06,2426.0,0.013779679999999999
SNM/BTC,1643219024465,2022-01-26T17:43:44.465Z,buy,5.69e-06,2891.0,0.01644979
SNM/BTC,1643219024465,2022-01-26T17:43:44.465Z,buy,5.7e-06,3550.0,0.020235
SNM/BTC,1643219024465,2022-01-26T17:43:44.465Z,buy,5.71e-06,1624.0,0.009273040000000001
SNM/BTC,1643219024465,2022-01-26T17:43:44.465Z,buy,5.72e-06,2410.0,0.013785200000000001
SNM/BTC,1643219024465,2022-01-26T17:43:44.465Z,buy,5.73e-06,3443.0,0.019728390000000002
SNM/BTC,1643219024465,2022-01-26T17:43:44.465Z,buy,5.74e-06,6388.0,0.03666712
SNM/BTC,1643219024465,2022-01-26T17:43:44.465Z,buy,5.75e-06,19792.0,0.113804
SNM/BTC,1643219028565,2022-01-26T17:43:48.565Z,buy,5.66e-06,36.0,0.00020376
SNM/BTC,1643219029025,2022-01-26T17:43:49.025Z,buy,5.66e-06,36.0,0.00020376
SNM/BTC,1643219029175,2022-01-26T17:43:49.175Z,buy,5.66e-06,120.0,0.0006792
SNM/BTC,1643219029180,2022-01-26T17:43:49.180Z,buy,5.66e-06,75.0,0.0004245
SNM/BTC,1643219029261,2022-01-26T17:43:49.261Z,buy,5.66e-06,29.0,0.00016414
SNM/BTC,1643219029814,2022-01-26T17:43:49.814Z,sell,5.71e-06,78.0,0.00044538000000000005
SNM/BTC,1643219029814,2022-01-26T17:43:49.814Z,sell,5.69e-06,207.0,0.00117783
SNM/BTC,1643219029820,2022-01-26T17:43:49.820Z,buy,5.69e-06,61.0,0.00034709
SNM/BTC,1643219029863,2022-01-26T17:43:49.863Z,buy,5.69e-06,74.0,0.00042105999999999996
SNM/BTC,1643219029904,2022-01-26T17:43:49.904Z,buy,5.69e-06,35.0,0.00019915
SNM/BTC,1643219030010,2022-01-26T17:43:50.010Z,buy,5.69e-06,102.0,0.00058038
SNM/BTC,1643219030156,2022-01-26T17:43:50.156Z,buy,5.69e-06,90.0,0.0005120999999999999
SNM/BTC,1643219030204,2022-01-26T17:43:50.204Z,buy,5.69e-06,119.0,0.00067711
SNM/BTC,1643219030287,2022-01-26T17:43:50.287Z,buy,5.69e-06,38.0,0.00021621999999999999
SNM/BTC,1643219032312,2022-01-26T17:43:52.312Z,sell,5.73e-06,36.0,0.00020628
SNM/BTC,1643219032526,2022-01-26T17:43:52.526Z,buy,5.75e-06,43.0,0.00024725
SNM/BTC,1643219032744,2022-01-26T17:43:52.744Z,sell,5.73e-06,36.0,0.00020628
SNM/BTC,1643219032759,2022-01-26T17:43:52.759Z,sell,5.73e-06,23.0,0.00013179
SNM/BTC,1643219032759,2022-01-26T17:43:52.759Z,sell,5.72e-06,24.0,0.00013728000000000001
SNM/BTC,1643219033036,2022-01-26T17:43:53.036Z,sell,5.72e-06,71.0,0.00040612
SNM/BTC,1643219033036,2022-01-26T17:43:53.036Z,sell,5.71e-06,4.0,2.284e-05
SNM/BTC,1643219033095,2022-01-26T17:43:53.095Z,sell,5.71e-06,35.0,0.00019985
SNM/BTC,1643219033980,2022-01-26T17:43:53.980Z,sell,5.71e-06,120.0,0.0006852000000000001
SNM/BTC,1643219034004,2022-01-26T17:43:54.004Z,sell,5.71e-06,127.0,0.00072517
SNM/BTC,1643219034004,2022-01-26T17:43:54.004Z,sell,5.7e-06,51.0,0.00029069999999999996
SNM/BTC,1643219036202,2022-01-26T17:43:56.202Z,buy,5.72e-06,48.0,0.00027456000000000003
SNM/BTC,1643219038923,2022-01-26T17:43:58.923Z,buy,5.72e-06,35.0,0.00020020000000000001
SNM/BTC,1643219051181,2022-01-26T17:44:11.181Z,buy,5.72e-06,299.0,0.00171028
SNM/BTC,1643219051181,2022-01-26T17:44:11.181Z,buy,5.73e-06,310.0,0.0017763
SNM/BTC,1643219055711,2022-01-26T17:44:15.711Z,sell,5.73e-06,97.0,0.00055581
SNM/BTC,1643219055713,2022-01-26T17:44:15.713Z,sell,5.73e-06,38.0,0.00021774
SNM/BTC,1643219068035,2022-01-26T17:44:28.035Z,buy,5.73e-06,135.0,0.00077355
SNM/BTC,1643219079604,2022-01-26T17:44:39.604Z,buy,5.74e-06,476.0,0.00273224
SNM/BTC,1643219298186,2022-01-26T17:48:18.186Z,buy,5.74e-06,18.0,0.00010332000000000001
SNM/BTC,1643219298186,2022-01-26T17:48:18.186Z,buy,5.75e-06,223.0,0.00128225
SNM/BTC,1643219344793,2022-01-26T17:49:04.793Z,buy,5.74e-06,18.0,0.00010332000000000001
SNM/BTC,1643219344793,2022-01-26T17:49:04.793Z,buy,5.75e-06,831.0,0.00477825
SNM/BTC,1643219345969,2022-01-26T17:49:05.969Z,sell,5.72e-06,17.0,9.724000000000001e-05
SNM/BTC,1643219391042,2022-01-26T17:49:51.042Z,sell,5.73e-06,130.0,0.0007449000000000001
SNM/BTC,1643219391042,2022-01-26T17:49:51.042Z,sell,5.72e-06,78.0,0.00044616
SNM/BTC,1643219407186,2022-01-26T17:50:07.186Z,sell,5.71e-06,614.0,0.0035059400000000004
SNM/BTC,1643219407186,2022-01-26T17:50:07.186Z,sell,5.7e-06,988.0,0.0056316
SNM/BTC,1643219407186,2022-01-26T17:50:07.186Z,sell,5.69e-06,1039.0,0.005911909999999999
SNM/BTC,1643219413975,2022-01-26T17:50:13.975Z,buy,5.71e-06,131.0,0.00074801
SNM/BTC,1643219691695,2022-01-26T17:54:51.695Z,sell,5.71e-06,517.0,0.00295207
SNM/BTC,1643219691695,2022-01-26T17:54:51.695Z,sell,5.69e-06,331.0,0.00188339
SNM/BTC,1643220143006,2022-01-26T18:02:23.006Z,sell,5.69e-06,1010.0,0.0057469
SNM/BTC,1643220218767,2022-01-26T18:03:38.767Z,sell,5.69e-06,548.0,0.00311812
SNM/BTC,1643220222016,2022-01-26T18:03:42.016Z,buy,5.7e-06,218.0,0.0012426
SNM/BTC,1643220504249,2022-01-26T18:08:24.249Z,buy,5.7e-06,623.0,0.0035510999999999997
SNM/BTC,1643220876275,2022-01-26T18:14:36.275Z,buy,5.69e-06,527.0,0.00299863
SNM/BTC,1643220876275,2022-01-26T18:14:36.275Z,buy,5.69e-06,527.0,0.00299863
SNM/BTC,1643222139479,2022-01-26T18:35:39.479Z,sell,5.68e-06,49.0,0.00027832
SNM/BTC,1643222688241,2022-01-26T18:44:48.241Z,buy,5.69e-06,1115.0,0.0063443499999999995
SNM/BTC,1643222688241,2022-01-26T18:44:48.241Z,buy,5.7e-06,4542.0,0.0258894
SNM/BTC,1643222791072,2022-01-26T18:46:31.072Z,sell,5.68e-06,68.0,0.00038624
SNM/BTC,1643222940169,2022-01-26T18:49:00.169Z,sell,5.68e-06,241.0,0.00136888
SNM/BTC,1643223042798,2022-01-26T18:50:42.798Z,sell,5.68e-06,1777.0,0.01009336
SNM/BTC,1643223154568,2022-01-26T18:52:34.568Z,sell,5.68e-06,217.0,0.00123256
SNM/BTC,1643223246053,2022-01-26T18:54:06.053Z,buy,5.7e-06,24712.0,0.1408584
SNM/BTC,1643223246062,2022-01-26T18:54:06.062Z,buy,5.71e-06,1378.0,0.007868380000000001
SNM/BTC,1643223246062,2022-01-26T18:54:06.062Z,buy,5.72e-06,459.0,0.0026254800000000003
SNM/BTC,1643223604934,2022-01-26T19:00:04.934Z,buy,5.73e-06,520.0,0.0029796000000000002
SNM/BTC,1643223604934,2022-01-26T19:00:04.934Z,buy,5.74e-06,56.0,0.00032144
SNM/BTC,1643223618689,2022-01-26T19:00:18.689Z,buy,5.74e-06,1175.0,0.0067445000000000005
SNM/BTC,1643223618689,2022-01-26T19:00:18.689Z,buy,5.75e-06,297.0,0.00170775
SNM/BTC,1643223709239,2022-01-26T19:01:49.239Z,buy,5.75e-06,2199.0,0.01264425
SNM/BTC,1643223714073,2022-01-26T19:01:54.073Z,sell,5.74e-06,111.0,0.00063714
SNM/BTC,1643224358262,2022-01-26T19:12:38.262Z,buy,5.75e-06,18.0,0.0001035
SNM/BTC,1643224358262,2022-01-26T19:12:38.262Z,buy,5.75e-06,18.0,0.0001035
SNM/BTC,1643224557014,2022-01-26T19:15:57.014Z,buy,5.75e-06,44.0,0.000253
SNM/BTC,1643224561668,2022-01-26T19:16:01.668Z,sell,5.75e-06,44.0,0.000253
SNM/BTC,1643224567123,2022-01-26T19:16:07.123Z,sell,5.75e-06,40.0,0.00023
SNM/BTC,1643224572805,2022-01-26T19:16:12.805Z,sell,5.75e-06,1083.0,0.00622725
SNM/BTC,1643224629147,2022-01-26T19:17:09.147Z,buy,5.76e-06,5055.0,0.029116799999999998
SNM/BTC,1643224658119,2022-01-26T19:17:38.119Z,buy,5.77e-06,35.0,0.00020195
SNM/BTC,1643224679312,2022-01-26T19:17:59.312Z,sell,5.73e-06,2199.0,0.01260027
SNM/BTC,1643224679312,2022-01-26T19:17:59.312Z,sell,5.73e-06,67.0,0.00038391
SNM/BTC,1643224679312,2022-01-26T19:17:59.312Z,sell,5.73e-06,75.0,0.00042975
SNM/BTC,1643224690476,2022-01-26T19:18:10.476Z,buy,5.75e-06,94.0,0.0005405
SNM/BTC,1643224816369,2022-01-26T19:20:16.369Z,sell,5.73e-06,53.0,0.00030369
SNM/BTC,1643224831656,2022-01-26T19:20:31.656Z,sell,5.72e-06,1742.0,0.009964240000000001
SNM/BTC,1643224865426,2022-01-26T19:21:05.426Z,buy,5.72e-06,69.0,0.00039468
SNM/BTC,1643224872175,2022-01-26T19:21:12.175Z,sell,5.71e-06,1186.0,0.006772060000000001
SNM/BTC,1643224872183,2022-01-26T19:21:12.183Z,buy,5.71e-06,2717.0,0.015514070000000001
SNM/BTC,1643224872183,2022-01-26T19:21:12.183Z,buy,5.71e-06,546.0,0.0031176600000000004
SNM/BTC,1643224897956,2022-01-26T19:21:37.956Z,sell,5.7e-06,308.0,0.0017556
SNM/BTC,1643224908707,2022-01-26T19:21:48.707Z,sell,5.7e-06,18.0,0.0001026
SNM/BTC,1643225082584,2022-01-26T19:24:42.584Z,buy,5.72e-06,95.0,0.0005434
SNM/BTC,1643225082584,2022-01-26T19:24:42.584Z,buy,5.73e-06,310.0,0.0017763
SNM/BTC,1643225082584,2022-01-26T19:24:42.584Z,buy,5.74e-06,579.0,0.00332346
SNM/BTC,1643225082584,2022-01-26T19:24:42.584Z,buy,5.75e-06,71.0,0.00040825
SNM/BTC,1643225082584,2022-01-26T19:24:42.584Z,buy,5.76e-06,8945.0,0.0515232
SNM/BTC,1643225561387,2022-01-26T19:32:41.387Z,buy,5.76e-06,89.0,0.00051264
SNM/BTC,1643225561400,2022-01-26T19:32:41.400Z,sell,5.76e-06,289.0,0.00166464
SNM/BTC,1643225685088,2022-01-26T19:34:45.088Z,buy,5.74e-06,572.0,0.00328328
SNM/BTC,1643226015482,2022-01-26T19:40:15.482Z,sell,5.74e-06,18.0,0.00010332000000000001
SNM/BTC,1643226015539,2022-01-26T19:40:15.539Z,buy,5.74e-06,283.0,0.0016244200000000001
SNM/BTC,1643226227080,2022-01-26T19:43:47.080Z,sell,5.73e-06,112.0,0.00064176
SNM/BTC,1643226814256,2022-01-26T19:53:34.256Z,sell,5.73e-06,18.0,0.00010314
SNM/BTC,1643226836309,2022-01-26T19:53:56.309Z,buy,5.73e-06,332.0,0.00190236
SNM/BTC,1643226836309,2022-01-26T19:53:56.309Z,buy,5.75e-06,130.0,0.0007475
SNM/BTC,1643226836309,2022-01-26T19:53:56.309Z,buy,5.76e-06,195.0,0.0011232
SNM/BTC,1643226915642,2022-01-26T19:55:15.642Z,buy,5.76e-06,226.0,0.00130176
SNM/BTC,1643226915642,2022-01-26T19:55:15.642Z,buy,5.77e-06,756.0,0.00436212
SNM/BTC,1643226945320,2022-01-26T19:55:45.320Z,buy,5.77e-06,3367.0,0.019427589999999998
SNM/BTC,1643227102651,2022-01-26T19:58:22.651Z,sell,5.75e-06,130.0,0.0007475
SNM/BTC,1643227102660,2022-01-26T19:58:22.660Z,sell,5.74e-06,666.0,0.00382284
SNM/BTC,1643227102660,2022-01-26T19:58:22.660Z,sell,5.73e-06,518.0,0.00296814
SNM/BTC,1643227130966,2022-01-26T19:58:50.966Z,buy,5.75e-06,81.0,0.00046575
SNM/BTC,1643227474026,2022-01-26T20:04:34.026Z,sell,5.72e-06,35.0,0.00020020000000000001
SNM/BTC,1643227474026,2022-01-26T20:04:34.026Z,sell,5.72e-06,35.0,0.00020020000000000001
SNM/BTC,1643228092140,2022-01-26T20:14:52.140Z,sell,5.72e-06,1184.0,0.00677248
SNM/BTC,1643228129807,2022-01-26T20:15:29.807Z,sell,5.72e-06,50.0,0.000286
SNM/BTC,1643228282817,2022-01-26T20:18:02.817Z,sell,5.72e-06,700.0,0.004004000000000001
SNM/BTC,1643228282817,2022-01-26T20:18:02.817Z,sell,5.71e-06,1186.0,0.006772060000000001
SNM/BTC,1643228282817,2022-01-26T20:18:02.817Z,sell,5.7e-06,842.0,0.0047994
SNM/BTC,1643228282817,2022-01-26T20:18:02.817Z,sell,5.69e-06,3069.0,0.01746261
SNM/BTC,1643228282817,2022-01-26T20:18:02.817Z,sell,5.68e-06,3551.0,0.02016968
SNM/BTC,1643228282817,2022-01-26T20:18:02.817Z,sell,5.67e-06,5410.0,0.0306747
SNM/BTC,1643228282817,2022-01-26T20:18:02.817Z,sell,5.66e-06,1129.0,0.00639014
SNM/BTC,1643228282817,2022-01-26T20:18:02.817Z,sell,5.65e-06,4683.0,0.026458950000000002
SNM/BTC,1643228282817,2022-01-26T20:18:02.817Z,sell,5.64e-06,1879.0,0.01059756
SNM/BTC,1643228282817,2022-01-26T20:18:02.817Z,sell,5.63e-06,3364.0,0.018939320000000003
SNM/BTC,1643228282817,2022-01-26T20:18:02.817Z,sell,5.62e-06,4093.0,0.02300266
SNM/BTC,1643228282817,2022-01-26T20:18:02.817Z,sell,5.61e-06,1328.0,0.0074500799999999995
SNM/BTC,1643228282817,2022-01-26T20:18:02.817Z,sell,5.6e-06,8848.0,0.0495488
SNM/BTC,1643228282817,2022-01-26T20:18:02.817Z,sell,5.59e-06,1449.0,0.00809991
SNM/BTC,1643228282817,2022-01-26T20:18:02.817Z,sell,5.58e-06,6062.0,0.03382596
SNM/BTC,1643228282817,2022-01-26T20:18:02.817Z,sell,5.57e-06,4322.0,0.02407354
SNM/BTC,1643228282817,2022-01-26T20:18:02.817Z,sell,5.56e-06,4286.0,0.02383016
SNM/BTC,1643228284794,2022-01-26T20:18:04.794Z,sell,5.68e-06,104.0,0.00059072
SNM/BTC,1643228287000,2022-01-26T20:18:07.000Z,sell,5.68e-06,67.0,0.00038056
SNM/BTC,1643228287177,2022-01-26T20:18:07.177Z,sell,5.68e-06,122.0,0.00069296
SNM/BTC,1643228287737,2022-01-26T20:18:07.737Z,sell,5.68e-06,60.0,0.0003408
SNM/BTC,1643228288289,2022-01-26T20:18:08.289Z,sell,5.6e-06,35.0,0.000196
SNM/BTC,1643228288416,2022-01-26T20:18:08.416Z,buy,5.59e-06,87.0,0.00048633
SNM/BTC,1643228289217,2022-01-26T20:18:09.217Z,sell,5.59e-06,73.0,0.00040807
SNM/BTC,1643228289451,2022-01-26T20:18:09.451Z,sell,5.59e-06,62.0,0.00034658
SNM/BTC,1643228289813,2022-01-26T20:18:09.813Z,sell,5.59e-06,36.0,0.00020124
SNM/BTC,1643228290440,2022-01-26T20:18:10.440Z,sell,5.59e-06,70.0,0.00039129999999999997
SNM/BTC,1643228290602,2022-01-26T20:18:10.602Z,sell,5.59e-06,82.0,0.00045838
SNM/BTC,1643228290836,2022-01-26T20:18:10.836Z,sell,5.59e-06,98.0,0.00054782
SNM/BTC,1643228292138,2022-01-26T20:18:12.138Z,sell,5.59e-06,28.0,0.00015652
SNM/BTC,1643228296140,2022-01-26T20:18:16.140Z,buy,5.59e-06,122.0,0.00068198
SNM/BTC,1643228299078,2022-01-26T20:18:19.078Z,sell,5.57e-06,39.0,0.00021723
SNM/BTC,1643228314249,2022-01-26T20:18:34.249Z,buy,5.58e-06,98.0,0.00054684
SNM/BTC,1643228346802,2022-01-26T20:19:06.802Z,buy,5.59e-06,357.0,0.00199563
SNM/BTC,1643228349484,2022-01-26T20:19:09.484Z,buy,5.59e-06,18.0,0.00010062
SNM/BTC,1643228398769,2022-01-26T20:19:58.769Z,buy,5.59e-06,46.0,0.00025714
SNM/BTC,1643228459762,2022-01-26T20:20:59.762Z,sell,5.58e-06,156.0,0.00087048
SNM/BTC,1643228463682,2022-01-26T20:21:03.682Z,buy,5.59e-06,49.0,0.00027391
SNM/BTC,1643228483947,2022-01-26T20:21:23.947Z,buy,5.59e-06,49.0,0.00027391
SNM/BTC,1643228640685,2022-01-26T20:24:00.685Z,buy,5.59e-06,2460.0,0.0137514
SNM/BTC,1643228640693,2022-01-26T20:24:00.693Z,buy,5.59e-06,616.0,0.00344344
SNM/BTC,1643228646375,2022-01-26T20:24:06.375Z,buy,5.6e-06,628.0,0.0035168
SNM/BTC,1643228658840,2022-01-26T20:24:18.840Z,sell,5.59e-06,19.0,0.00010621
SNM/BTC,1643228994867,2022-01-26T20:29:54.867Z,sell,5.58e-06,2228.0,0.01243224
SNM/BTC,1643229193829,2022-01-26T20:33:13.829Z,buy,5.6e-06,399.0,0.0022344
SNM/BTC,1643229509070,2022-01-26T20:38:29.070Z,buy,5.6e-06,141.0,0.0007896
SNM/BTC,1643229913826,2022-01-26T20:45:13.826Z,buy,5.6e-06,28.0,0.0001568
SNM/BTC,1643230130642,2022-01-26T20:48:50.642Z,sell,5.59e-06,648.0,0.00362232
SNM/BTC,1643230139085,2022-01-26T20:48:59.085Z,buy,5.6e-06,3331.0,0.0186536
SNM/BTC,1643230139095,2022-01-26T20:48:59.095Z,buy,5.6e-06,253.0,0.0014168
SNM/BTC,1643230139095,2022-01-26T20:48:59.095Z,buy,5.61e-06,304.0,0.00170544
SNM/BTC,1643230139098,2022-01-26T20:48:59.098Z,buy,5.61e-06,13.0,7.293e-05
SNM/BTC,1643230862356,2022-01-26T21:01:02.356Z,buy,5.61e-06,18.0,0.00010098
SNM/BTC,1643230893982,2022-01-26T21:01:33.982Z,buy,5.62e-06,160.0,0.0008992000000000001
SNM/BTC,1643230893982,2022-01-26T21:01:33.982Z,buy,5.62e-06,160.0,0.0008992000000000001
SNM/BTC,1643231101523,2022-01-26T21:05:01.523Z,buy,5.62e-06,170.0,0.0009554
SNM/BTC,1643231450490,2022-01-26T21:10:50.490Z,sell,5.6e-06,303.0,0.0016967999999999998
SNM/BTC,1643231467919,2022-01-26T21:11:07.919Z,sell,5.6e-06,73.0,0.00040879999999999996
SNM/BTC,1643231467919,2022-01-26T21:11:07.919Z,sell,5.59e-06,90.0,0.0005031
SNM/BTC,1643231471268,2022-01-26T21:11:11.268Z,sell,5.59e-06,200.0,0.001118
SNM/BTC,1643231542614,2022-01-26T21:12:22.614Z,sell,5.59e-06,238.0,0.00133042
SNM/BTC,1643231542614,2022-01-26T21:12:22.614Z,sell,5.58e-06,281.0,0.00156798
SNM/BTC,1643231648554,2022-01-26T21:14:08.554Z,sell,5.57e-06,2845.0,0.01584665
SNM/BTC,1643232002725,2022-01-26T21:20:02.725Z,buy,5.59e-06,134.0,0.00074906
SNM/BTC,1643232002725,2022-01-26T21:20:02.725Z,buy,5.6e-06,358.0,0.0020047999999999997
SNM/BTC,1643233545188,2022-01-26T21:45:45.188Z,sell,5.59e-06,359.0,0.00200681
SNM/BTC,1643233545188,2022-01-26T21:45:45.188Z,sell,5.58e-06,177.0,0.00098766
SNM/BTC,1643233545188,2022-01-26T21:45:45.188Z,sell,5.57e-06,382.0,0.00212774
SNM/BTC,1643233545188,2022-01-26T21:45:45.188Z,sell,5.56e-06,188.0,0.00104528
SNM/BTC,1643233895012,2022-01-26T21:51:35.012Z,sell,5.57e-06,358.0,0.00199406
SNM/BTC,1643233900060,2022-01-26T21:51:40.060Z,sell,5.56e-06,1085.0,0.0060326
SNM/BTC,1643234479370,2022-01-26T22:01:19.370Z,sell,5.56e-06,35.0,0.00019460000000000001
SNM/BTC,1643234479370,2022-01-26T22:01:19.370Z,sell,5.56e-06,35.0,0.00019460000000000001
SNM/BTC,1643234736050,2022-01-26T22:05:36.050Z,sell,5.56e-06,853.0,0.00474268
SNM/BTC,1643234984426,2022-01-26T22:09:44.426Z,buy,5.58e-06,59.0,0.00032922
SNM/BTC,1643236013440,2022-01-26T22:26:53.440Z,sell,5.57e-06,29.0,0.00016153
SNM/BTC,1643237027690,2022-01-26T22:43:47.690Z,buy,5.58e-06,39.0,0.00021762
SNM/BTC,1643237027690,2022-01-26T22:43:47.690Z,buy,5.59e-06,962.0,0.00537758
SNM/BTC,1643237090643,2022-01-26T22:44:50.643Z,buy,5.59e-06,49.0,0.00027391
SNM/BTC,1643238051494,2022-01-26T23:00:51.494Z,buy,5.58e-06,24.0,0.00013392
SNM/BTC,1643238051494,2022-01-26T23:00:51.494Z,buy,5.58e-06,24.0,0.00013392
SNM/BTC,1643238162665,2022-01-26T23:02:42.665Z,buy,5.59e-06,396.0,0.00221364
SNM/BTC,1643238162665,2022-01-26T23:02:42.665Z,buy,5.6e-06,615.0,0.003444
SNM/BTC,1643238162665,2022-01-26T23:02:42.665Z,buy,5.61e-06,341.0,0.00191301
SNM/BTC,1643238162665,2022-01-26T23:02:42.665Z,buy,5.62e-06,1628.0,0.00914936
SNM/BTC,1643238162665,2022-01-26T23:02:42.665Z,buy,5.63e-06,598.0,0.00336674
SNM/BTC,1643238200432,2022-01-26T23:03:20.432Z,buy,5.63e-06,18.0,0.00010134
SNM/BTC,1643238320939,2022-01-26T23:05:20.939Z,buy,5.63e-06,309.0,0.00173967
SNM/BTC,1643238840876,2022-01-26T23:14:00.876Z,sell,5.61e-06,97.0,0.00054417
SNM/BTC,1643239261561,2022-01-26T23:21:01.561Z,sell,5.6e-06,555.0,0.0031079999999999997
SNM/BTC,1643239865971,2022-01-26T23:31:05.971Z,buy,5.62e-06,18.0,0.00010116000000000001
SNM/BTC,1643240272675,2022-01-26T23:37:52.675Z,sell,5.6e-06,94.0,0.0005264
SNM/BTC,1643240527563,2022-01-26T23:42:07.563Z,sell,5.6e-06,30.0,0.000168
SNM/BTC,1643241439242,2022-01-26T23:57:19.242Z,sell,5.59e-06,25.0,0.00013975
SNM/BTC,1643241605292,2022-01-27T00:00:05.292Z,buy,5.6e-06,779.0,0.0043624
SNM/BTC,1643241605292,2022-01-27T00:00:05.292Z,buy,5.61e-06,80.0,0.00044879999999999996
SNM/BTC,1643241605292,2022-01-27T00:00:05.292Z,buy,5.62e-06,391.0,0.0021974200000000003
SNM/BTC,1643241605292,2022-01-27T00:00:05.292Z,buy,5.6e-06,779.0,0.0043624
SNM/BTC,1643241605292,2022-01-27T00:00:05.292Z,buy,5.61e-06,80.0,0.00044879999999999996
SNM/BTC,1643241605292,2022-01-27T00:00:05.292Z,buy,5.62e-06,391.0,0.0021974200000000003
SNM/BTC,1643241878641,2022-01-27T00:04:38.641Z,buy,5.62e-06,32.0,0.00017984
SNM/BTC,1643241998745,2022-01-27T00:06:38.745Z,sell,5.59e-06,28.0,0.00015652
SNM/BTC,1643242038205,2022-01-27T00:07:18.205Z,sell,5.59e-06,19.0,0.00010621
SNM/BTC,1643243394602,2022-01-27T00:29:54.602Z,sell,5.59e-06,51.0,0.00028509
SNM/BTC,1643243896255,2022-01-27T00:38:16.255Z,sell,5.59e-06,46.0,0.00025714
SNM/BTC,1643244340700,2022-01-27T00:45:40.700Z,buy,5.6e-06,1939.0,0.010858399999999999
SNM/BTC,1643244723324,2022-01-27T00:52:03.324Z,buy,5.6e-06,1300.0,0.00728
SNM/BTC,1643245197327,2022-01-27T00:59:57.327Z,buy,5.6e-06,40.0,0.000224
SNM/BTC,1643245197327,2022-01-27T00:59:57.327Z,buy,5.6e-06,40.0,0.000224
SNM/BTC,1643245456784,2022-01-27T01:04:16.784Z,sell,5.6e-06,23.0,0.0001288
SNM/BTC,1643245782362,2022-01-27T01:09:42.362Z,buy,5.62e-06,290.0,0.0016298
SNM/BTC,1643245782362,2022-01-27T01:09:42.362Z,buy,5.63e-06,173.0,0.0009739900000000001
SNM/BTC,1643246477059,2022-01-27T01:21:17.059Z,buy,5.63e-06,5000.0,0.02815
SNM/BTC,1643247636619,2022-01-27T01:40:36.619Z,buy,5.63e-06,34.0,0.00019142
SNM/BTC,1643247641294,2022-01-27T01:40:41.294Z,buy,5.63e-06,18.0,0.00010134
SNM/BTC,1643248536223,2022-01-27T01:55:36.223Z,buy,5.63e-06,50.0,0.0002815
SNM/BTC,1643248696770,2022-01-27T01:58:16.770Z,sell,5.61e-06,97.0,0.00054417
SNM/BTC,1643248696770,2022-01-27T01:58:16.770Z,sell,5.6e-06,2598.0,0.014548799999999999
SNM/BTC,1643248696770,2022-01-27T01:58:16.770Z,sell,5.59e-06,1815.0,0.01014585
SNM/BTC,1643248696770,2022-01-27T01:58:16.770Z,sell,5.58e-06,1141.0,0.00636678
SNM/BTC,1643248700766,2022-01-27T01:58:20.766Z,sell,5.61e-06,18.0,0.00010098
SNM/BTC,1643248700766,2022-01-27T01:58:20.766Z,sell,5.61e-06,18.0,0.00010098
SNM/BTC,1643249038073,2022-01-27T02:03:58.073Z,sell,5.58e-06,104.0,0.00058032
SNM/BTC,1643249054807,2022-01-27T02:04:14.807Z,sell,5.58e-06,127.0,0.00070866
SNM/BTC,1643250973778,2022-01-27T02:36:13.778Z,sell,5.58e-06,585.0,0.0032643
SNM/BTC,1643251055880,2022-01-27T02:37:35.880Z,sell,5.58e-06,478.0,0.00266724
SNM/BTC,1643251287738,2022-01-27T02:41:27.738Z,sell,5.58e-06,217.0,0.00121086
SNM/BTC,1643251343433,2022-01-27T02:42:23.433Z,buy,5.58e-06,33.0,0.00018414
SNM/BTC,1643251343433,2022-01-27T02:42:23.433Z,buy,5.58e-06,33.0,0.00018414
SNM/BTC,1643255322791,2022-01-27T03:48:42.791Z,sell,5.58e-06,100.0,0.000558
SNM/BTC,1643255479981,2022-01-27T03:51:19.981Z,buy,5.6e-06,97.0,0.0005432
SNM/BTC,1643255479981,2022-01-27T03:51:19.981Z,buy,5.61e-06,101.0,0.0005666099999999999
SNM/BTC,1643255479981,2022-01-27T03:51:19.981Z,buy,5.6e-06,97.0,0.0005432
SNM/BTC,1643255479981,2022-01-27T03:51:19.981Z,buy,5.61e-06,101.0,0.0005666099999999999
SNM/BTC,1643255715558,2022-01-27T03:55:15.558Z,sell,5.59e-06,36.0,0.00020124
SNM/BTC,1643255715558,2022-01-27T03:55:15.558Z,sell,5.58e-06,161.0,0.00089838
SNM/BTC,1643255896611,2022-01-27T03:58:16.611Z,buy,5.61e-06,53.0,0.00029733
SNM/BTC,1643256251893,2022-01-27T04:04:11.893Z,sell,5.58e-06,29.0,0.00016182
SNM/BTC,1643256376649,2022-01-27T04:06:16.649Z,sell,5.58e-06,438.0,0.00244404
SNM/BTC,1643257454064,2022-01-27T04:24:14.064Z,sell,5.58e-06,466.0,0.00260028
SNM/BTC,1643257617978,2022-01-27T04:26:57.978Z,sell,5.57e-06,81.0,0.00045117
SNM/BTC,1643257934827,2022-01-27T04:32:14.827Z,buy,5.58e-06,87.0,0.00048546
SNM/BTC,1643257934827,2022-01-27T04:32:14.827Z,buy,5.58e-06,87.0,0.00048546
SNM/BTC,1643259267122,2022-01-27T04:54:27.122Z,buy,5.58e-06,294.0,0.00164052
SNM/BTC,1643259595417,2022-01-27T04:59:55.417Z,buy,5.59e-06,36.0,0.00020124
SNM/BTC,1643259595417,2022-01-27T04:59:55.417Z,buy,5.6e-06,11.0,6.159999999999999e-05
SNM/BTC,1643259821797,2022-01-27T05:03:41.797Z,sell,5.58e-06,190.0,0.0010602
SNM/BTC,1643260093432,2022-01-27T05:08:13.432Z,buy,5.6e-06,104.0,0.0005824
SNM/BTC,1643260093432,2022-01-27T05:08:13.432Z,buy,5.61e-06,2795.0,0.015679949999999998
SNM/BTC,1643260093432,2022-01-27T05:08:13.432Z,buy,5.62e-06,1401.0,0.007873620000000001
SNM/BTC,1643260093432,2022-01-27T05:08:13.432Z,buy,5.63e-06,755.0,0.00425065
SNM/BTC,1643260093432,2022-01-27T05:08:13.432Z,buy,5.64e-06,7492.0,0.04225488
SNM/BTC,1643260093432,2022-01-27T05:08:13.432Z,buy,5.65e-06,4260.0,0.024069
SNM/BTC,1643260093432,2022-01-27T05:08:13.432Z,buy,5.66e-06,1253.0,0.00709198
SNM/BTC,1643260093432,2022-01-27T05:08:13.432Z,buy,5.67e-06,5501.0,0.03119067
SNM/BTC,1643260093432,2022-01-27T05:08:13.432Z,buy,5.68e-06,4397.0,0.02497496
SNM/BTC,1643260093432,2022-01-27T05:08:13.432Z,buy,5.69e-06,2902.0,0.01651238
SNM/BTC,1643260093432,2022-01-27T05:08:13.432Z,buy,5.7e-06,4477.0,0.025518899999999997
SNM/BTC,1643260103608,2022-01-27T05:08:23.608Z,sell,5.68e-06,95.0,0.0005396
SNM/BTC,1643260143532,2022-01-27T05:09:03.532Z,sell,5.67e-06,403.0,0.00228501
SNM/BTC,1643260143532,2022-01-27T05:09:03.532Z,sell,5.66e-06,71.0,0.00040186
SNM/BTC,1643260389172,2022-01-27T05:13:09.172Z,buy,5.69e-06,92.0,0.00052348
SNM/BTC,1643260508606,2022-01-27T05:15:08.606Z,sell,5.67e-06,36.0,0.00020412
SNM/BTC,1643260508606,2022-01-27T05:15:08.606Z,sell,5.66e-06,538.0,0.00304508
SNM/BTC,1643260508606,2022-01-27T05:15:08.606Z,sell,5.65e-06,515.0,0.00290975
SNM/BTC,1643260607251,2022-01-27T05:16:47.251Z,buy,5.68e-06,52.0,0.00029536
SNM/BTC,1643260617226,2022-01-27T05:16:57.226Z,sell,5.65e-06,371.0,0.00209615
SNM/BTC,1643261166766,2022-01-27T05:26:06.766Z,sell,5.65e-06,202.0,0.0011413
SNM/BTC,1643261166766,2022-01-27T05:26:06.766Z,sell,5.65e-06,202.0,0.0011413
SNM/BTC,1643261747546,2022-01-27T05:35:47.546Z,sell,5.65e-06,149.0,0.00084185
SNM/BTC,1643261747546,2022-01-27T05:35:47.546Z,sell,5.64e-06,5162.0,0.02911368
SNM/BTC,1643261747546,2022-01-27T05:35:47.546Z,sell,5.63e-06,6001.0,0.033785630000000004
SNM/BTC,1643261756250,2022-01-27T05:35:56.250Z,sell,5.63e-06,28.0,0.00015764000000000002
SNM/BTC,1643263256981,2022-01-27T06:00:56.981Z,sell,5.64e-06,38.0,0.00021432
SNM/BTC,1643263261594,2022-01-27T06:01:01.594Z,sell,5.64e-06,18.0,0.00010152
SNM/BTC,1643263436122,2022-01-27T06:03:56.122Z,sell,5.64e-06,50.0,0.000282
SNM/BTC,1643263436122,2022-01-27T06:03:56.122Z,sell,5.62e-06,21.0,0.00011802000000000001
SNM/BTC,1643263774562,2022-01-27T06:09:34.562Z,sell,5.63e-06,18.0,0.00010134
SNM/BTC,1643263774562,2022-01-27T06:09:34.562Z,sell,5.62e-06,3732.0,0.02097384
SNM/BTC,1643264456831,2022-01-27T06:20:56.831Z,sell,5.62e-06,42.0,0.00023604000000000002
SNM/BTC,1643264756323,2022-01-27T06:25:56.323Z,sell,5.62e-06,92.0,0.0005170400000000001
SNM/BTC,1643264756323,2022-01-27T06:25:56.323Z,sell,5.62e-06,92.0,0.0005170400000000001
SNM/BTC,1643266014902,2022-01-27T06:46:54.902Z,sell,5.62e-06,99.0,0.0005563800000000001
SNM/BTC,1643266437171,2022-01-27T06:53:57.171Z,sell,5.62e-06,157.0,0.00088234
SNM/BTC,1643266437171,2022-01-27T06:53:57.171Z,sell,5.61e-06,152.0,0.00085272
SNM/BTC,1643266630247,2022-01-27T06:57:10.247Z,buy,5.64e-06,35.0,0.0001974
SNM/BTC,1643266660742,2022-01-27T06:57:40.742Z,buy,5.64e-06,89.0,0.00050196
SNM/BTC,1643267020276,2022-01-27T07:03:40.276Z,sell,5.62e-06,96.0,0.00053952
SNM/BTC,1643267020276,2022-01-27T07:03:40.276Z,sell,5.61e-06,64.0,0.00035904
SNM/BTC,1643267111340,2022-01-27T07:05:11.340Z,buy,5.64e-06,71.0,0.00040044
SNM/BTC,1643267977966,2022-01-27T07:19:37.966Z,sell,5.62e-06,19.0,0.00010678
SNM/BTC,1643267983583,2022-01-27T07:19:43.583Z,buy,5.64e-06,106.0,0.00059784
SNM/BTC,1643268067276,2022-01-27T07:21:07.276Z,buy,5.64e-06,18.0,0.00010152
SNM/BTC,1643268067276,2022-01-27T07:21:07.276Z,buy,5.64e-06,18.0,0.00010152
SNM/BTC,1643268789825,2022-01-27T07:33:09.825Z,buy,5.64e-06,23.0,0.00012972
SNM/BTC,1643269022223,2022-01-27T07:37:02.223Z,buy,5.64e-06,33.0,0.00018612000000000001
SNM/BTC,1643269022223,2022-01-27T07:37:02.223Z,buy,5.65e-06,188.0,0.0010622000000000001
SNM/BTC,1643270630366,2022-01-27T08:03:50.366Z,sell,5.63e-06,97.0,0.00054611
SNM/BTC,1643270630366,2022-01-27T08:03:50.366Z,sell,5.62e-06,10.0,5.6200000000000004e-05
SNM/BTC,1643270633841,2022-01-27T08:03:53.841Z,buy,5.65e-06,142.0,0.0008023
SNM/BTC,1643270899692,2022-01-27T08:08:19.692Z,sell,5.62e-06,253.0,0.00142186
SNM/BTC,1643270899692,2022-01-27T08:08:19.692Z,sell,5.61e-06,405.0,0.00227205
SNM/BTC,1643270899692,2022-01-27T08:08:19.692Z,sell,5.6e-06,3382.0,0.0189392
SNM/BTC,1643270911940,2022-01-27T08:08:31.940Z,sell,5.6e-06,673.0,0.0037687999999999997
SNM/BTC,1643271344073,2022-01-27T08:15:44.073Z,sell,5.6e-06,268.0,0.0015007999999999998
SNM/BTC,1643271344073,2022-01-27T08:15:44.073Z,sell,5.6e-06,268.0,0.0015007999999999998
SNM/BTC,1643274141206,2022-01-27T09:02:21.206Z,sell,5.6e-06,5494.0,0.0307664
SNM/BTC,1643274178342,2022-01-27T09:02:58.342Z,sell,5.6e-06,58.0,0.0003248
SNM/BTC,1643274178342,2022-01-27T09:02:58.342Z,sell,5.6e-06,58.0,0.0003248
SNM/BTC,1643276716597,2022-01-27T09:45:16.597Z,sell,5.59e-06,69.0,0.00038571
SNM/BTC,1643276924621,2022-01-27T09:48:44.621Z,sell,5.59e-06,39.0,0.00021800999999999998
SNM/BTC,1643277043948,2022-01-27T09:50:43.948Z,buy,5.62e-06,81.0,0.00045522000000000005
SNM/BTC,1643277231661,2022-01-27T09:53:51.661Z,sell,5.6e-06,22.0,0.00012319999999999999
SNM/BTC,1643277231661,2022-01-27T09:53:51.661Z,sell,5.6e-06,22.0,0.00012319999999999999
SNM/BTC,1643277833450,2022-01-27T10:03:53.450Z,sell,5.6e-06,117.0,0.0006552
SNM/BTC,1643278361184,2022-01-27T10:12:41.184Z,sell,5.6e-06,377.0,0.0021111999999999997
SNM/BTC,1643279688872,2022-01-27T10:34:48.872Z,buy,5.62e-06,217.0,0.00121954
SNM/BTC,1643279688872,2022-01-27T10:34:48.872Z,buy,5.63e-06,1111.0,0.0062549300000000006
SNM/BTC,1643279688872,2022-01-27T10:34:48.872Z,buy,5.64e-06,332.0,0.0018724800000000002
SNM/BTC,1643279988506,2022-01-27T10:39:48.506Z,sell,5.62e-06,36.0,0.00020232000000000003
SNM/BTC,1643279988506,2022-01-27T10:39:48.506Z,sell,5.61e-06,348.0,0.0019522799999999998
SNM/BTC,1643279988506,2022-01-27T10:39:48.506Z,sell,5.6e-06,68.0,0.0003808
SNM/BTC,1643280350869,2022-01-27T10:45:50.869Z,buy,5.62e-06,35.0,0.0001967
SNM/BTC,1643280353627,2022-01-27T10:45:53.627Z,sell,5.6e-06,106.0,0.0005936
SNM/BTC,1643280354035,2022-01-27T10:45:54.035Z,sell,5.6e-06,70.0,0.000392
SNM/BTC,1643280692858,2022-01-27T10:51:32.858Z,sell,5.6e-06,417.0,0.0023352
SNM/BTC,1643280692858,2022-01-27T10:51:32.858Z,sell,5.6e-06,417.0,0.0023352
SNM/BTC,1643281451752,2022-01-27T11:04:11.752Z,sell,5.59e-06,90.0,0.0005031
SNM/BTC,1643281834248,2022-01-27T11:10:34.248Z,sell,5.59e-06,19006.0,0.10624354
SNM/BTC,1643282034053,2022-01-27T11:13:54.053Z,buy,5.6e-06,51.0,0.0002856
SNM/BTC,1643282044915,2022-01-27T11:14:04.915Z,buy,5.61e-06,458.0,0.00256938
SNM/BTC,1643282044915,2022-01-27T11:14:04.915Z,buy,5.62e-06,1366.0,0.00767692
SNM/BTC,1643282053414,2022-01-27T11:14:13.414Z,buy,5.63e-06,949.0,0.00534287
SNM/BTC,1643282053414,2022-01-27T11:14:13.414Z,buy,5.64e-06,1679.0,0.00946956
SNM/BTC,1643282058282,2022-01-27T11:14:18.282Z,sell,5.64e-06,75.0,0.00042300000000000004
SNM/BTC,1643282058292,2022-01-27T11:14:18.292Z,sell,5.64e-06,621.0,0.0035024400000000003
SNM/BTC,1643282455910,2022-01-27T11:20:55.910Z,buy,5.63e-06,75.0,0.00042225000000000005
SNM/BTC,1643282455910,2022-01-27T11:20:55.910Z,buy,5.64e-06,18.0,0.00010152
SNM/BTC,1643282455910,2022-01-27T11:20:55.910Z,buy,5.65e-06,30.0,0.0001695
SNM/BTC,1643282527715,2022-01-27T11:22:07.715Z,buy,5.63e-06,19.0,0.00010697
SNM/BTC,1643282527715,2022-01-27T11:22:07.715Z,buy,5.65e-06,15.0,8.475e-05
SNM/BTC,1643282769896,2022-01-27T11:26:09.896Z,sell,5.62e-06,211.0,0.0011858200000000002
SNM/BTC,1643282780887,2022-01-27T11:26:20.887Z,buy,5.63e-06,59.0,0.00033217
SNM/BTC,1643282785993,2022-01-27T11:26:25.993Z,buy,5.63e-06,75.0,0.00042225000000000005
SNM/BTC,1643282791222,2022-01-27T11:26:31.222Z,buy,5.63e-06,58.0,0.00032654
SNM/BTC,1643282796687,2022-01-27T11:26:36.687Z,buy,5.63e-06,92.0,0.00051796
SNM/BTC,1643282802371,2022-01-27T11:26:42.371Z,buy,5.63e-06,75.0,0.00042225000000000005
SNM/BTC,1643282808011,2022-01-27T11:26:48.011Z,sell,5.62e-06,140.0,0.0007868
SNM/BTC,1643282808253,2022-01-27T11:26:48.253Z,sell,5.62e-06,72.0,0.00040464000000000006
SNM/BTC,1643282813425,2022-01-27T11:26:53.425Z,buy,5.63e-06,60.0,0.0003378
SNM/BTC,1643283914894,2022-01-27T11:45:14.894Z,sell,5.61e-06,88.0,0.0004936799999999999
SNM/BTC,1643283986272,2022-01-27T11:46:26.272Z,sell,5.61e-06,203.0,0.00113883
SNM/BTC,1643283986272,2022-01-27T11:46:26.272Z,sell,5.61e-06,203.0,0.00113883
SNM/BTC,1643284654190,2022-01-27T11:57:34.190Z,buy,5.63e-06,97.0,0.00054611
SNM/BTC,1643284654190,2022-01-27T11:57:34.190Z,buy,5.64e-06,686.0,0.0038690400000000002
SNM/BTC,1643284654190,2022-01-27T11:57:34.190Z,buy,5.65e-06,5038.0,0.0284647
SNM/BTC,1643284960075,2022-01-27T12:02:40.075Z,sell,5.65e-06,1357.0,0.00766705
SNM/BTC,1643284960085,2022-01-27T12:02:40.085Z,sell,5.63e-06,97.0,0.00054611
SNM/BTC,1643284960085,2022-01-27T12:02:40.085Z,sell,5.62e-06,359.0,0.00201758
SNM/BTC,1643285031506,2022-01-27T12:03:51.506Z,sell,5.62e-06,210.0,0.0011802000000000002
SNM/BTC,1643285983759,2022-01-27T12:19:43.759Z,buy,5.64e-06,131.0,0.00073884
SNM/BTC,1643285983759,2022-01-27T12:19:43.759Z,buy,5.65e-06,521.0,0.00294365
SNM/BTC,1643285983759,2022-01-27T12:19:43.759Z,buy,5.66e-06,3116.0,0.01763656
SNM/BTC,1643285983759,2022-01-27T12:19:43.759Z,buy,5.67e-06,5398.0,0.03060666
SNM/BTC,1643285983773,2022-01-27T12:19:43.773Z,sell,5.67e-06,1610.0,0.0091287
SNM/BTC,1643285996856,2022-01-27T12:19:56.856Z,buy,5.68e-06,3889.0,0.022089519999999998
SNM/BTC,1643286029433,2022-01-27T12:20:29.433Z,sell,5.66e-06,263.0,0.00148858
SNM/BTC,1643286029433,2022-01-27T12:20:29.433Z,sell,5.65e-06,665.0,0.00375725
SNM/BTC,1643286029433,2022-01-27T12:20:29.433Z,sell,5.64e-06,72.0,0.00040608
SNM/BTC,1643286042729,2022-01-27T12:20:42.729Z,buy,5.66e-06,167.0,0.00094522
SNM/BTC,1643286946831,2022-01-27T12:35:46.831Z,buy,5.66e-06,18.0,0.00010188
SNM/BTC,1643286946831,2022-01-27T12:35:46.831Z,buy,5.67e-06,378.0,0.00214326
SNM/BTC,1643287261759,2022-01-27T12:41:01.759Z,buy,5.67e-06,225.0,0.00127575
SNM/BTC,1643287540815,2022-01-27T12:45:40.815Z,sell,5.65e-06,112.0,0.0006328
SNM/BTC,1643287577506,2022-01-27T12:46:17.506Z,sell,5.65e-06,113.0,0.00063845
SNM/BTC,1643287585187,2022-01-27T12:46:25.187Z,buy,5.66e-06,34.0,0.00019244
SNM/BTC,1643287585187,2022-01-27T12:46:25.187Z,buy,5.67e-06,51.0,0.00028917
SNM/BTC,1643287585187,2022-01-27T12:46:25.187Z,buy,5.66e-06,34.0,0.00019244
SNM/BTC,1643287585187,2022-01-27T12:46:25.187Z,buy,5.67e-06,51.0,0.00028917
SNM/BTC,1643287974865,2022-01-27T12:52:54.865Z,buy,5.67e-06,347.0,0.00196749
SNM/BTC,1643287995623,2022-01-27T12:53:15.623Z,buy,5.68e-06,214.0,0.0012155199999999999
SNM/BTC,1643288674890,2022-01-27T13:04:34.890Z,buy,5.68e-06,28.0,0.00015904
SNM/BTC,1643289012931,2022-01-27T13:10:12.931Z,sell,5.65e-06,354.0,0.0020001
SNM/BTC,1643289012931,2022-01-27T13:10:12.931Z,sell,5.65e-06,354.0,0.0020001
SNM/BTC,1643291258355,2022-01-27T13:47:38.355Z,sell,5.66e-06,3886.0,0.02199476
SNM/BTC,1643291392142,2022-01-27T13:49:52.142Z,buy,5.67e-06,266.0,0.00150822
SNM/BTC,1643291396788,2022-01-27T13:49:56.788Z,buy,5.67e-06,266.0,0.00150822
SNM/BTC,1643291399316,2022-01-27T13:49:59.316Z,buy,5.67e-06,261.0,0.0014798699999999999
SNM/BTC,1643291581838,2022-01-27T13:53:01.838Z,buy,5.68e-06,1608.0,0.00913344
SNM/BTC,1643291581838,2022-01-27T13:53:01.838Z,buy,5.69e-06,2221.0,0.01263749
SNM/BTC,1643291585907,2022-01-27T13:53:05.907Z,sell,5.67e-06,36.0,0.00020412
SNM/BTC,1643291585907,2022-01-27T13:53:05.907Z,sell,5.66e-06,26.0,0.00014716
SNM/BTC,1643291591217,2022-01-27T13:53:11.217Z,sell,5.67e-06,56.0,0.00031752
SNM/BTC,1643291596766,2022-01-27T13:53:16.766Z,sell,5.67e-06,40.0,0.00022679999999999998
SNM/BTC,1643291596908,2022-01-27T13:53:16.908Z,buy,5.67e-06,24.0,0.00013608
SNM/BTC,1643291602487,2022-01-27T13:53:22.487Z,sell,5.66e-06,56.0,0.00031696000000000003
SNM/BTC,1643291608565,2022-01-27T13:53:28.565Z,buy,5.67e-06,62.0,0.00035154
SNM/BTC,1643291613729,2022-01-27T13:53:33.729Z,buy,5.67e-06,65.0,0.00036855
SNM/BTC,1643291953317,2022-01-27T13:59:13.317Z,buy,5.68e-06,62.0,0.00035216
