symbol,timestamp,datetime,side,price,amount,btc_volume
STEEM/BTC,1610816401245,2021-01-16T17:00:01.245Z,sell,4.97e-06,290.0,0.0014413
STEEM/BTC,1610816415129,2021-01-16T17:00:15.129Z,sell,4.97e-06,202.0,0.00100394
STEEM/BTC,1610816415131,2021-01-16T17:00:15.131Z,sell,4.97e-06,202.0,0.00100394
STEEM/BTC,1610816426291,2021-01-16T17:00:26.291Z,sell,4.97e-06,404.0,0.00200788
STEEM/BTC,1610816428586,2021-01-16T17:00:28.586Z,sell,4.97e-06,60.0,0.0002982
STEEM/BTC,1610816448031,2021-01-16T17:00:48.031Z,sell,4.97e-06,130.0,0.0006460999999999999
STEEM/BTC,1610816457153,2021-01-16T17:00:57.153Z,sell,4.97e-06,381.0,0.00189357
STEEM/BTC,1610816464158,2021-01-16T17:01:04.158Z,sell,4.97e-06,999.0,0.00496503
STEEM/BTC,1610816477179,2021-01-16T17:01:17.179Z,sell,4.97e-06,2300.0,0.011431
STEEM/BTC,1610816484610,2021-01-16T17:01:24.610Z,sell,4.97e-06,715.0,0.00355355
STEEM/BTC,1610816506159,2021-01-16T17:01:46.159Z,sell,4.97e-06,37.0,0.00018389
STEEM/BTC,1610816645104,2021-01-16T17:04:05.104Z,sell,4.96e-06,499.0,0.00247504
STEEM/BTC,1610816699672,2021-01-16T17:04:59.672Z,sell,4.97e-06,60.0,0.0002982
STEEM/BTC,1610816798690,2021-01-16T17:06:38.690Z,buy,4.97e-06,40.0,0.0001988
STEEM/BTC,1610816839802,2021-01-16T17:07:19.802Z,sell,4.96e-06,3629.0,0.01799984
STEEM/BTC,1610816839802,2021-01-16T17:07:19.802Z,sell,4.95e-06,1871.0,0.009261450000000001
STEEM/BTC,1610816878758,2021-01-16T17:07:58.758Z,sell,4.97e-06,42.0,0.00020873999999999998
STEEM/BTC,1610816969581,2021-01-16T17:09:29.581Z,sell,4.96e-06,1550.0,0.0076879999999999995
STEEM/BTC,1610817097825,2021-01-16T17:11:37.825Z,sell,4.96e-06,69.0,0.00034224
STEEM/BTC,1610817245129,2021-01-16T17:14:05.129Z,sell,4.96e-06,42.0,0.00020832
STEEM/BTC,1610817290077,2021-01-16T17:14:50.077Z,sell,4.96e-06,64.0,0.00031744
STEEM/BTC,1610817581615,2021-01-16T17:19:41.615Z,sell,4.95e-06,37.0,0.00018315
STEEM/BTC,1610817624319,2021-01-16T17:20:24.319Z,buy,4.96e-06,450.0,0.002232
STEEM/BTC,1610817670891,2021-01-16T17:21:10.891Z,buy,4.96e-06,1592.0,0.00789632
STEEM/BTC,1610817670891,2021-01-16T17:21:10.891Z,buy,4.97e-06,15408.0,0.07657776
STEEM/BTC,1610817741804,2021-01-16T17:22:21.804Z,buy,4.97e-06,12769.0,0.06346193
STEEM/BTC,1610817768203,2021-01-16T17:22:48.203Z,sell,4.96e-06,605.0,0.0030008
STEEM/BTC,1610817968782,2021-01-16T17:26:08.782Z,buy,4.96e-06,467.0,0.00231632
STEEM/BTC,1610817969530,2021-01-16T17:26:09.530Z,buy,4.97e-06,21.0,0.00010436999999999999
STEEM/BTC,1610818006928,2021-01-16T17:26:46.928Z,buy,4.98e-06,60.0,0.0002988
STEEM/BTC,1610818030975,2021-01-16T17:27:10.975Z,sell,4.96e-06,31.0,0.00015376
STEEM/BTC,1610818148452,2021-01-16T17:29:08.452Z,sell,4.96e-06,60.0,0.00029759999999999997
STEEM/BTC,1610818229919,2021-01-16T17:30:29.919Z,sell,4.96e-06,269.0,0.00133424
STEEM/BTC,1610818229919,2021-01-16T17:30:29.919Z,sell,4.95e-06,104.0,0.0005148
STEEM/BTC,1610818339638,2021-01-16T17:32:19.638Z,sell,4.98e-06,46.0,0.00022908
STEEM/BTC,1610818413948,2021-01-16T17:33:33.948Z,sell,4.97e-06,1592.0,0.00791224
STEEM/BTC,1610818413948,2021-01-16T17:33:33.948Z,sell,4.96e-06,4508.0,0.02235968
STEEM/BTC,1610818684769,2021-01-16T17:38:04.769Z,sell,4.97e-06,30.0,0.0001491
STEEM/BTC,1610818864423,2021-01-16T17:41:04.423Z,sell,4.96e-06,30.0,0.00014879999999999998
STEEM/BTC,1610819064561,2021-01-16T17:44:24.561Z,sell,4.96e-06,49.0,0.00024304
STEEM/BTC,1610819170910,2021-01-16T17:46:10.910Z,buy,4.97e-06,44.0,0.00021868
STEEM/BTC,1610819231959,2021-01-16T17:47:11.959Z,sell,4.96e-06,38.0,0.00018847999999999998
STEEM/BTC,1610819324424,2021-01-16T17:48:44.424Z,sell,4.96e-06,32.0,0.00015872
STEEM/BTC,1610819433662,2021-01-16T17:50:33.662Z,sell,4.96e-06,40.0,0.0001984
STEEM/BTC,1610819476688,2021-01-16T17:51:16.688Z,buy,4.97e-06,456.0,0.00226632
STEEM/BTC,1610819527576,2021-01-16T17:52:07.576Z,buy,4.96e-06,49.0,0.00024304
STEEM/BTC,1610819546657,2021-01-16T17:52:26.657Z,sell,4.96e-06,43.0,0.00021328
STEEM/BTC,1610819667863,2021-01-16T17:54:27.863Z,sell,4.96e-06,43.0,0.00021328
STEEM/BTC,1610819734609,2021-01-16T17:55:34.609Z,buy,4.97e-06,47.0,0.00023359
STEEM/BTC,1610819734609,2021-01-16T17:55:34.609Z,buy,4.98e-06,303.0,0.0015089399999999998
STEEM/BTC,1610819786812,2021-01-16T17:56:26.812Z,sell,4.97e-06,42.0,0.00020873999999999998
STEEM/BTC,1610819904144,2021-01-16T17:58:24.144Z,sell,4.97e-06,34.0,0.00016898
STEEM/BTC,1610819904144,2021-01-16T17:58:24.144Z,sell,4.97e-06,34.0,0.00016898
STEEM/BTC,1610820031446,2021-01-16T18:00:31.446Z,sell,4.97e-06,34.0,0.00016898
STEEM/BTC,1610820122365,2021-01-16T18:02:02.365Z,sell,4.97e-06,30.0,0.0001491
STEEM/BTC,1610820176950,2021-01-16T18:02:56.950Z,sell,4.97e-06,33.0,0.00016401
STEEM/BTC,1610820176950,2021-01-16T18:02:56.950Z,sell,4.96e-06,49.0,0.00024304
STEEM/BTC,1610820240449,2021-01-16T18:04:00.449Z,sell,4.97e-06,37.0,0.00018389
STEEM/BTC,1610820288830,2021-01-16T18:04:48.830Z,sell,4.97e-06,36.0,0.00017892
STEEM/BTC,1610820334324,2021-01-16T18:05:34.324Z,sell,4.97e-06,47.0,0.00023359
STEEM/BTC,1610820383056,2021-01-16T18:06:23.056Z,sell,4.97e-06,48.0,0.00023856
STEEM/BTC,1610820410648,2021-01-16T18:06:50.648Z,sell,4.96e-06,1726.0,0.00856096
STEEM/BTC,1610820427166,2021-01-16T18:07:07.166Z,buy,4.96e-06,38.0,0.00018847999999999998
STEEM/BTC,1610820427589,2021-01-16T18:07:07.589Z,buy,4.97e-06,108.0,0.00053676
STEEM/BTC,1610820461775,2021-01-16T18:07:41.775Z,buy,4.97e-06,114.0,0.00056658
STEEM/BTC,1610820461776,2021-01-16T18:07:41.776Z,buy,4.97e-06,135.0,0.00067095
STEEM/BTC,1610820461790,2021-01-16T18:07:41.790Z,buy,4.97e-06,135.0,0.00067095
STEEM/BTC,1610820467222,2021-01-16T18:07:47.222Z,buy,4.97e-06,300.0,0.001491
STEEM/BTC,1610820470842,2021-01-16T18:07:50.842Z,buy,4.97e-06,135.0,0.00067095
STEEM/BTC,1610820470857,2021-01-16T18:07:50.857Z,buy,4.97e-06,108.0,0.00053676
STEEM/BTC,1610820479920,2021-01-16T18:07:59.920Z,buy,4.97e-06,108.0,0.00053676
STEEM/BTC,1610820545662,2021-01-16T18:09:05.662Z,buy,4.97e-06,102.0,0.00050694
STEEM/BTC,1610820621887,2021-01-16T18:10:21.887Z,buy,4.97e-06,39.0,0.00019383
STEEM/BTC,1610820682857,2021-01-16T18:11:22.857Z,buy,4.97e-06,40.0,0.0001988
STEEM/BTC,1610820717626,2021-01-16T18:11:57.626Z,buy,4.96e-06,42.0,0.00020832
STEEM/BTC,1610820725223,2021-01-16T18:12:05.223Z,buy,4.97e-06,47.0,0.00023359
STEEM/BTC,1610820761559,2021-01-16T18:12:41.559Z,buy,4.97e-06,44.0,0.00021868
STEEM/BTC,1610820828283,2021-01-16T18:13:48.283Z,buy,4.97e-06,37.0,0.00018389
STEEM/BTC,1610820879892,2021-01-16T18:14:39.892Z,buy,4.97e-06,35.0,0.00017395
STEEM/BTC,1610820991641,2021-01-16T18:16:31.641Z,buy,4.98e-06,99.0,0.0004930199999999999
STEEM/BTC,1610821153830,2021-01-16T18:19:13.830Z,buy,4.98e-06,188.0,0.00093624
STEEM/BTC,1610821207155,2021-01-16T18:20:07.155Z,buy,4.98e-06,81.0,0.00040338
STEEM/BTC,1610821211749,2021-01-16T18:20:11.749Z,sell,4.98e-06,760.0,0.0037847999999999996
STEEM/BTC,1610821217249,2021-01-16T18:20:17.249Z,sell,4.98e-06,3159.0,0.01573182
STEEM/BTC,1610821225753,2021-01-16T18:20:25.753Z,buy,4.98e-06,37.0,0.00018426
STEEM/BTC,1610821245663,2021-01-16T18:20:45.663Z,sell,4.97e-06,1000.0,0.00497
STEEM/BTC,1610821292392,2021-01-16T18:21:32.392Z,buy,4.98e-06,139.0,0.00069222
STEEM/BTC,1610821302829,2021-01-16T18:21:42.829Z,buy,4.98e-06,127.0,0.0006324599999999999
STEEM/BTC,1610821336089,2021-01-16T18:22:16.089Z,buy,4.98e-06,202.0,0.00100596
STEEM/BTC,1610821352451,2021-01-16T18:22:32.451Z,buy,4.98e-06,102.0,0.00050796
STEEM/BTC,1610821364938,2021-01-16T18:22:44.938Z,buy,4.98e-06,278.0,0.00138444
STEEM/BTC,1610821375110,2021-01-16T18:22:55.110Z,buy,4.98e-06,95.0,0.00047309999999999995
STEEM/BTC,1610821395229,2021-01-16T18:23:15.229Z,buy,4.98e-06,219.0,0.00109062
STEEM/BTC,1610821428467,2021-01-16T18:23:48.467Z,buy,4.98e-06,168.0,0.0008366399999999999
STEEM/BTC,1610821482932,2021-01-16T18:24:42.932Z,sell,4.97e-06,135.0,0.00067095
STEEM/BTC,1610821482942,2021-01-16T18:24:42.942Z,sell,4.97e-06,135.0,0.00067095
STEEM/BTC,1610821482954,2021-01-16T18:24:42.954Z,sell,4.97e-06,135.0,0.00067095
STEEM/BTC,1610821482965,2021-01-16T18:24:42.965Z,sell,4.97e-06,108.0,0.00053676
STEEM/BTC,1610821482977,2021-01-16T18:24:42.977Z,sell,4.97e-06,108.0,0.00053676
STEEM/BTC,1610821482988,2021-01-16T18:24:42.988Z,sell,4.97e-06,108.0,0.00053676
STEEM/BTC,1610821540592,2021-01-16T18:25:40.592Z,buy,4.98e-06,41.0,0.00020418
STEEM/BTC,1610821564727,2021-01-16T18:26:04.727Z,buy,4.98e-06,135.0,0.0006722999999999999
STEEM/BTC,1610821564737,2021-01-16T18:26:04.737Z,buy,4.98e-06,135.0,0.0006722999999999999
STEEM/BTC,1610821564752,2021-01-16T18:26:04.752Z,buy,4.98e-06,77.0,0.00038345999999999996
STEEM/BTC,1610821576872,2021-01-16T18:26:16.872Z,sell,4.97e-06,135.0,0.00067095
STEEM/BTC,1610821576880,2021-01-16T18:26:16.880Z,sell,4.97e-06,135.0,0.00067095
STEEM/BTC,1610821576891,2021-01-16T18:26:16.891Z,sell,4.97e-06,77.0,0.00038269
STEEM/BTC,1610821580695,2021-01-16T18:26:20.695Z,buy,4.98e-06,135.0,0.0006722999999999999
STEEM/BTC,1610821580707,2021-01-16T18:26:20.707Z,buy,4.98e-06,135.0,0.0006722999999999999
STEEM/BTC,1610821580716,2021-01-16T18:26:20.716Z,buy,4.98e-06,77.0,0.00038345999999999996
STEEM/BTC,1610821586045,2021-01-16T18:26:26.045Z,sell,4.97e-06,135.0,0.00067095
STEEM/BTC,1610821586052,2021-01-16T18:26:26.052Z,sell,4.97e-06,135.0,0.00067095
STEEM/BTC,1610821586059,2021-01-16T18:26:26.059Z,sell,4.97e-06,77.0,0.00038269
STEEM/BTC,1610821625535,2021-01-16T18:27:05.535Z,buy,4.98e-06,135.0,0.0006722999999999999
STEEM/BTC,1610821625543,2021-01-16T18:27:05.543Z,buy,4.98e-06,135.0,0.0006722999999999999
STEEM/BTC,1610821625556,2021-01-16T18:27:05.556Z,buy,4.98e-06,77.0,0.00038345999999999996
STEEM/BTC,1610821631611,2021-01-16T18:27:11.611Z,sell,4.97e-06,135.0,0.00067095
STEEM/BTC,1610821631622,2021-01-16T18:27:11.622Z,sell,4.97e-06,135.0,0.00067095
STEEM/BTC,1610821631630,2021-01-16T18:27:11.630Z,sell,4.97e-06,77.0,0.00038269
STEEM/BTC,1610821649799,2021-01-16T18:27:29.799Z,sell,4.97e-06,204.0,0.00101388
STEEM/BTC,1610821658389,2021-01-16T18:27:38.389Z,sell,4.97e-06,312.0,0.00155064
STEEM/BTC,1610821666508,2021-01-16T18:27:46.508Z,sell,4.97e-06,381.0,0.00189357
STEEM/BTC,1610821674858,2021-01-16T18:27:54.858Z,sell,4.97e-06,75.0,0.00037275
STEEM/BTC,1610821683944,2021-01-16T18:28:03.944Z,sell,4.97e-06,273.0,0.00135681
STEEM/BTC,1610821771815,2021-01-16T18:29:31.815Z,sell,4.96e-06,1586.0,0.00786656
STEEM/BTC,1610821773898,2021-01-16T18:29:33.898Z,buy,4.97e-06,44.0,0.00021868
STEEM/BTC,1610821775726,2021-01-16T18:29:35.726Z,sell,4.96e-06,500.0,0.00248
STEEM/BTC,1610821807407,2021-01-16T18:30:07.407Z,sell,4.95e-06,25.0,0.00012375
STEEM/BTC,1610821813030,2021-01-16T18:30:13.030Z,buy,4.98e-06,108.0,0.0005378399999999999
STEEM/BTC,1610821813037,2021-01-16T18:30:13.037Z,buy,4.98e-06,135.0,0.0006722999999999999
STEEM/BTC,1610821821241,2021-01-16T18:30:21.241Z,sell,4.97e-06,135.0,0.00067095
STEEM/BTC,1610821821249,2021-01-16T18:30:21.249Z,sell,4.97e-06,108.0,0.00053676
STEEM/BTC,1610821864451,2021-01-16T18:31:04.451Z,buy,4.98e-06,104.0,0.00051792
STEEM/BTC,1610821900063,2021-01-16T18:31:40.063Z,buy,4.98e-06,135.0,0.0006722999999999999
STEEM/BTC,1610821900075,2021-01-16T18:31:40.075Z,buy,4.98e-06,135.0,0.0006722999999999999
STEEM/BTC,1610821919032,2021-01-16T18:31:59.032Z,buy,4.98e-06,108.0,0.0005378399999999999
STEEM/BTC,1610821919042,2021-01-16T18:31:59.042Z,buy,4.98e-06,108.0,0.0005378399999999999
STEEM/BTC,1610821927592,2021-01-16T18:32:07.592Z,buy,4.98e-06,108.0,0.0005378399999999999
STEEM/BTC,1610821927604,2021-01-16T18:32:07.604Z,buy,4.98e-06,31.0,0.00015438
STEEM/BTC,1610822015498,2021-01-16T18:33:35.498Z,buy,4.98e-06,279.0,0.00138942
STEEM/BTC,1610822015579,2021-01-16T18:33:35.579Z,buy,4.97e-06,41.0,0.00020376999999999998
STEEM/BTC,1610822021977,2021-01-16T18:33:41.977Z,sell,4.96e-06,135.0,0.0006696
STEEM/BTC,1610822021988,2021-01-16T18:33:41.988Z,sell,4.96e-06,135.0,0.0006696
STEEM/BTC,1610822049182,2021-01-16T18:34:09.182Z,sell,4.96e-06,104.0,0.00051584
STEEM/BTC,1610822049182,2021-01-16T18:34:09.182Z,sell,4.95e-06,4.0,1.98e-05
STEEM/BTC,1610822058258,2021-01-16T18:34:18.258Z,sell,4.96e-06,135.0,0.0006696
STEEM/BTC,1610822058271,2021-01-16T18:34:18.271Z,sell,4.96e-06,108.0,0.00053568
STEEM/BTC,1610822070376,2021-01-16T18:34:30.376Z,sell,4.96e-06,108.0,0.00053568
STEEM/BTC,1610822079452,2021-01-16T18:34:39.452Z,buy,4.97e-06,135.0,0.00067095
STEEM/BTC,1610822079460,2021-01-16T18:34:39.460Z,buy,4.97e-06,135.0,0.00067095
STEEM/BTC,1610822079472,2021-01-16T18:34:39.472Z,buy,4.97e-06,135.0,0.00067095
STEEM/BTC,1610822088510,2021-01-16T18:34:48.510Z,sell,4.96e-06,135.0,0.0006696
STEEM/BTC,1610822088522,2021-01-16T18:34:48.522Z,sell,4.96e-06,135.0,0.0006696
STEEM/BTC,1610822094227,2021-01-16T18:34:54.227Z,buy,4.97e-06,401.0,0.0019929699999999997
STEEM/BTC,1610822097703,2021-01-16T18:34:57.703Z,buy,4.97e-06,48.0,0.00023856
STEEM/BTC,1610822114095,2021-01-16T18:35:14.095Z,sell,4.96e-06,13.0,6.448e-05
STEEM/BTC,1610822114095,2021-01-16T18:35:14.095Z,sell,4.95e-06,975.0,0.00482625
STEEM/BTC,1610822116947,2021-01-16T18:35:16.947Z,sell,4.96e-06,135.0,0.0006696
STEEM/BTC,1610822116955,2021-01-16T18:35:16.955Z,sell,4.96e-06,48.0,0.00023808
STEEM/BTC,1610822127811,2021-01-16T18:35:27.811Z,buy,4.97e-06,135.0,0.00067095
STEEM/BTC,1610822127823,2021-01-16T18:35:27.823Z,buy,4.97e-06,135.0,0.00067095
STEEM/BTC,1610822136872,2021-01-16T18:35:36.872Z,sell,4.96e-06,135.0,0.0006696
STEEM/BTC,1610822136879,2021-01-16T18:35:36.879Z,sell,4.96e-06,135.0,0.0006696
STEEM/BTC,1610822145949,2021-01-16T18:35:45.949Z,buy,4.97e-06,135.0,0.00067095
STEEM/BTC,1610822145957,2021-01-16T18:35:45.957Z,buy,4.97e-06,135.0,0.00067095
STEEM/BTC,1610822155034,2021-01-16T18:35:55.034Z,sell,4.96e-06,135.0,0.0006696
STEEM/BTC,1610822155046,2021-01-16T18:35:55.046Z,sell,4.96e-06,135.0,0.0006696
STEEM/BTC,1610822164126,2021-01-16T18:36:04.126Z,buy,4.97e-06,135.0,0.00067095
STEEM/BTC,1610822164147,2021-01-16T18:36:04.147Z,buy,4.97e-06,50.0,0.00024849999999999997
STEEM/BTC,1610822173200,2021-01-16T18:36:13.200Z,buy,4.97e-06,135.0,0.00067095
STEEM/BTC,1610822173209,2021-01-16T18:36:13.209Z,buy,4.97e-06,135.0,0.00067095
STEEM/BTC,1610822182315,2021-01-16T18:36:22.315Z,buy,4.97e-06,108.0,0.00053676
STEEM/BTC,1610822182325,2021-01-16T18:36:22.325Z,buy,4.97e-06,108.0,0.00053676
STEEM/BTC,1610822191420,2021-01-16T18:36:31.420Z,buy,4.97e-06,58.0,0.00028826
STEEM/BTC,1610822255395,2021-01-16T18:37:35.395Z,sell,4.96e-06,131.0,0.00064976
STEEM/BTC,1610822255395,2021-01-16T18:37:35.395Z,sell,4.95e-06,4.0,1.98e-05
STEEM/BTC,1610822264471,2021-01-16T18:37:44.471Z,buy,4.97e-06,135.0,0.00067095
STEEM/BTC,1610822281059,2021-01-16T18:38:01.059Z,sell,4.96e-06,135.0,0.0006696
STEEM/BTC,1610822281082,2021-01-16T18:38:01.082Z,sell,4.96e-06,135.0,0.0006696
STEEM/BTC,1610822289997,2021-01-16T18:38:09.997Z,sell,4.96e-06,135.0,0.0006696
STEEM/BTC,1610822298892,2021-01-16T18:38:18.892Z,sell,4.96e-06,108.0,0.00053568
STEEM/BTC,1610822298899,2021-01-16T18:38:18.899Z,sell,4.96e-06,108.0,0.00053568
STEEM/BTC,1610822298910,2021-01-16T18:38:18.910Z,sell,4.96e-06,108.0,0.00053568
STEEM/BTC,1610822321952,2021-01-16T18:38:41.952Z,buy,4.97e-06,135.0,0.00067095
STEEM/BTC,1610822321960,2021-01-16T18:38:41.960Z,buy,4.97e-06,135.0,0.00067095
STEEM/BTC,1610822330318,2021-01-16T18:38:50.318Z,sell,4.96e-06,135.0,0.0006696
STEEM/BTC,1610822330331,2021-01-16T18:38:50.331Z,sell,4.96e-06,135.0,0.0006696
STEEM/BTC,1610822347930,2021-01-16T18:39:07.930Z,buy,4.97e-06,135.0,0.00067095
STEEM/BTC,1610822356049,2021-01-16T18:39:16.049Z,buy,4.97e-06,135.0,0.00067095
STEEM/BTC,1610822356061,2021-01-16T18:39:16.061Z,buy,4.97e-06,135.0,0.00067095
STEEM/BTC,1610822365535,2021-01-16T18:39:25.535Z,sell,4.96e-06,135.0,0.0006696
STEEM/BTC,1610822365548,2021-01-16T18:39:25.548Z,sell,4.96e-06,135.0,0.0006696
STEEM/BTC,1610822374176,2021-01-16T18:39:34.176Z,buy,4.97e-06,135.0,0.00067095
STEEM/BTC,1610822382251,2021-01-16T18:39:42.251Z,sell,4.96e-06,135.0,0.0006696
STEEM/BTC,1610822382263,2021-01-16T18:39:42.263Z,sell,4.96e-06,135.0,0.0006696
STEEM/BTC,1610822412617,2021-01-16T18:40:12.617Z,buy,4.97e-06,108.0,0.00053676
STEEM/BTC,1610822415707,2021-01-16T18:40:15.707Z,buy,4.97e-06,212.0,0.00105364
STEEM/BTC,1610822421666,2021-01-16T18:40:21.666Z,buy,4.97e-06,135.0,0.00067095
STEEM/BTC,1610822421674,2021-01-16T18:40:21.674Z,buy,4.97e-06,135.0,0.00067095
STEEM/BTC,1610822426502,2021-01-16T18:40:26.502Z,buy,4.97e-06,540.0,0.0026838
STEEM/BTC,1610822426546,2021-01-16T18:40:26.546Z,buy,4.97e-06,31.0,0.00015407
STEEM/BTC,1610822437735,2021-01-16T18:40:37.735Z,buy,4.98e-06,2271.0,0.01130958
STEEM/BTC,1610822438589,2021-01-16T18:40:38.589Z,sell,4.96e-06,108.0,0.00053568
STEEM/BTC,1610822447309,2021-01-16T18:40:47.309Z,sell,4.96e-06,135.0,0.0006696
STEEM/BTC,1610822447321,2021-01-16T18:40:47.321Z,sell,4.96e-06,84.0,0.00041664
STEEM/BTC,1610822447321,2021-01-16T18:40:47.321Z,sell,4.95e-06,51.0,0.00025245
STEEM/BTC,1610822457273,2021-01-16T18:40:57.273Z,sell,4.96e-06,1265.0,0.0062744
STEEM/BTC,1610822457273,2021-01-16T18:40:57.273Z,sell,4.95e-06,735.0,0.00363825
STEEM/BTC,1610822494536,2021-01-16T18:41:34.536Z,buy,4.97e-06,108.0,0.00053676
STEEM/BTC,1610822503583,2021-01-16T18:41:43.583Z,buy,4.97e-06,135.0,0.00067095
STEEM/BTC,1610822503595,2021-01-16T18:41:43.595Z,buy,4.97e-06,135.0,0.00067095
STEEM/BTC,1610822529574,2021-01-16T18:42:09.574Z,buy,4.97e-06,108.0,0.00053676
STEEM/BTC,1610822529586,2021-01-16T18:42:09.586Z,buy,4.97e-06,108.0,0.00053676
STEEM/BTC,1610822538834,2021-01-16T18:42:18.834Z,buy,4.97e-06,108.0,0.00053676
STEEM/BTC,1610822538847,2021-01-16T18:42:18.847Z,buy,4.97e-06,27.0,0.00013419
STEEM/BTC,1610822637821,2021-01-16T18:43:57.821Z,buy,4.96e-06,39.0,0.00019344
STEEM/BTC,1610822657851,2021-01-16T18:44:17.851Z,sell,4.96e-06,135.0,0.0006696
STEEM/BTC,1610822657863,2021-01-16T18:44:17.863Z,sell,4.96e-06,135.0,0.0006696
STEEM/BTC,1610822666959,2021-01-16T18:44:26.959Z,buy,4.97e-06,135.0,0.00067095
STEEM/BTC,1610822679084,2021-01-16T18:44:39.084Z,sell,4.96e-06,135.0,0.0006696
STEEM/BTC,1610822679094,2021-01-16T18:44:39.094Z,sell,4.96e-06,135.0,0.0006696
STEEM/BTC,1610822688153,2021-01-16T18:44:48.153Z,sell,4.96e-06,108.0,0.00053568
STEEM/BTC,1610822715328,2021-01-16T18:45:15.328Z,sell,4.96e-06,81.0,0.00040176
STEEM/BTC,1610822715328,2021-01-16T18:45:15.328Z,sell,4.95e-06,27.0,0.00013365
STEEM/BTC,1610822715336,2021-01-16T18:45:15.336Z,sell,4.95e-06,108.0,0.0005346
STEEM/BTC,1610822768406,2021-01-16T18:46:08.406Z,buy,4.97e-06,135.0,0.00067095
STEEM/BTC,1610822768414,2021-01-16T18:46:08.414Z,buy,4.97e-06,135.0,0.00067095
STEEM/BTC,1610822785061,2021-01-16T18:46:25.061Z,buy,4.97e-06,135.0,0.00067095
STEEM/BTC,1610822785072,2021-01-16T18:46:25.072Z,buy,4.97e-06,108.0,0.00053676
STEEM/BTC,1610822803302,2021-01-16T18:46:43.302Z,buy,4.97e-06,108.0,0.00053676
STEEM/BTC,1610822803323,2021-01-16T18:46:43.323Z,buy,4.97e-06,107.0,0.00053179
STEEM/BTC,1610822812446,2021-01-16T18:46:52.446Z,sell,4.96e-06,135.0,0.0006696
STEEM/BTC,1610822812453,2021-01-16T18:46:52.453Z,sell,4.96e-06,135.0,0.0006696
STEEM/BTC,1610822824607,2021-01-16T18:47:04.607Z,buy,4.97e-06,135.0,0.00067095
STEEM/BTC,1610822828446,2021-01-16T18:47:08.446Z,sell,4.96e-06,593.0,0.00294128
STEEM/BTC,1610822828458,2021-01-16T18:47:08.458Z,buy,4.96e-06,135.0,0.0006696
STEEM/BTC,1610822833720,2021-01-16T18:47:13.720Z,buy,4.96e-06,235.0,0.0011656
STEEM/BTC,1610822842891,2021-01-16T18:47:22.891Z,buy,4.96e-06,179.0,0.00088784
STEEM/BTC,1610822852013,2021-01-16T18:47:32.013Z,buy,4.96e-06,184.0,0.0009126399999999999
STEEM/BTC,1610822866232,2021-01-16T18:47:46.232Z,buy,4.96e-06,205.0,0.0010168
STEEM/BTC,1610822866239,2021-01-16T18:47:46.239Z,buy,4.96e-06,1.0,4.96e-06
STEEM/BTC,1610822870839,2021-01-16T18:47:50.839Z,sell,4.96e-06,134.0,0.00066464
STEEM/BTC,1610822870839,2021-01-16T18:47:50.839Z,sell,4.95e-06,1.0,4.95e-06
STEEM/BTC,1610822870850,2021-01-16T18:47:50.850Z,sell,4.95e-06,135.0,0.00066825
STEEM/BTC,1610822945692,2021-01-16T18:49:05.692Z,buy,4.97e-06,135.0,0.00067095
STEEM/BTC,1610822945701,2021-01-16T18:49:05.701Z,buy,4.97e-06,135.0,0.00067095
STEEM/BTC,1610822948149,2021-01-16T18:49:08.149Z,buy,4.96e-06,34.0,0.00016864
STEEM/BTC,1610822961018,2021-01-16T18:49:21.018Z,buy,4.97e-06,324.0,0.00161028
STEEM/BTC,1610822961232,2021-01-16T18:49:21.232Z,sell,4.97e-06,111.0,0.00055167
STEEM/BTC,1610822961885,2021-01-16T18:49:21.885Z,buy,4.97e-06,111.0,0.00055167
STEEM/BTC,1610822961893,2021-01-16T18:49:21.893Z,buy,4.97e-06,165.0,0.00082005
STEEM/BTC,1610822985420,2021-01-16T18:49:45.420Z,sell,4.96e-06,135.0,0.0006696
STEEM/BTC,1610822985430,2021-01-16T18:49:45.430Z,sell,4.96e-06,135.0,0.0006696
STEEM/BTC,1610822985442,2021-01-16T18:49:45.442Z,sell,4.96e-06,135.0,0.0006696
STEEM/BTC,1610822985450,2021-01-16T18:49:45.450Z,sell,4.96e-06,108.0,0.00053568
STEEM/BTC,1610822985458,2021-01-16T18:49:45.458Z,sell,4.96e-06,81.0,0.00040176
STEEM/BTC,1610822985458,2021-01-16T18:49:45.458Z,sell,4.95e-06,27.0,0.00013365
STEEM/BTC,1610822985487,2021-01-16T18:49:45.487Z,sell,4.96e-06,107.0,0.00053072
STEEM/BTC,1610823004159,2021-01-16T18:50:04.159Z,buy,4.97e-06,135.0,0.00067095
STEEM/BTC,1610823004175,2021-01-16T18:50:04.175Z,buy,4.97e-06,135.0,0.00067095
STEEM/BTC,1610823004183,2021-01-16T18:50:04.183Z,buy,4.97e-06,135.0,0.00067095
STEEM/BTC,1610823004199,2021-01-16T18:50:04.199Z,buy,4.97e-06,108.0,0.00053676
STEEM/BTC,1610823004212,2021-01-16T18:50:04.212Z,buy,4.97e-06,108.0,0.00053676
STEEM/BTC,1610823004223,2021-01-16T18:50:04.223Z,buy,4.97e-06,101.0,0.00050197
STEEM/BTC,1610823004403,2021-01-16T18:50:04.403Z,buy,4.97e-06,119.0,0.00059143
STEEM/BTC,1610823024869,2021-01-16T18:50:24.869Z,buy,4.97e-06,124.0,0.00061628
STEEM/BTC,1610823060688,2021-01-16T18:51:00.688Z,buy,4.97e-06,240.0,0.0011928
STEEM/BTC,1610823074841,2021-01-16T18:51:14.841Z,sell,4.96e-06,108.0,0.00053568
STEEM/BTC,1610823075273,2021-01-16T18:51:15.273Z,buy,4.97e-06,108.0,0.00053676
STEEM/BTC,1610823332408,2021-01-16T18:55:32.408Z,buy,4.97e-06,110.0,0.0005467
STEEM/BTC,1610823332471,2021-01-16T18:55:32.471Z,buy,4.97e-06,34.0,0.00016898
STEEM/BTC,1610823459031,2021-01-16T18:57:39.031Z,sell,4.96e-06,108.0,0.00053568
STEEM/BTC,1610823460509,2021-01-16T18:57:40.509Z,buy,4.97e-06,108.0,0.00053676
STEEM/BTC,1610823461010,2021-01-16T18:57:41.010Z,sell,4.96e-06,374.0,0.00185504
STEEM/BTC,1610823468690,2021-01-16T18:57:48.690Z,sell,4.96e-06,135.0,0.0006696
STEEM/BTC,1610823468702,2021-01-16T18:57:48.702Z,sell,4.96e-06,135.0,0.0006696
STEEM/BTC,1610823468714,2021-01-16T18:57:48.714Z,sell,4.96e-06,135.0,0.0006696
STEEM/BTC,1610823468725,2021-01-16T18:57:48.725Z,sell,4.96e-06,108.0,0.00053568
STEEM/BTC,1610823468734,2021-01-16T18:57:48.734Z,sell,4.96e-06,108.0,0.00053568
STEEM/BTC,1610823468743,2021-01-16T18:57:48.743Z,sell,4.96e-06,101.0,0.00050096
STEEM/BTC,1610823468916,2021-01-16T18:57:48.916Z,buy,4.97e-06,135.0,0.00067095
STEEM/BTC,1610823468923,2021-01-16T18:57:48.923Z,buy,4.97e-06,135.0,0.00067095
STEEM/BTC,1610823468935,2021-01-16T18:57:48.935Z,buy,4.97e-06,135.0,0.00067095
STEEM/BTC,1610823468943,2021-01-16T18:57:48.943Z,buy,4.97e-06,77.0,0.00038269
STEEM/BTC,1610823487988,2021-01-16T18:58:07.988Z,sell,4.96e-06,135.0,0.0006696
STEEM/BTC,1610823487997,2021-01-16T18:58:07.997Z,sell,4.96e-06,135.0,0.0006696
STEEM/BTC,1610823488872,2021-01-16T18:58:08.872Z,buy,4.97e-06,135.0,0.00067095
STEEM/BTC,1610823488883,2021-01-16T18:58:08.883Z,buy,4.97e-06,135.0,0.00067095
STEEM/BTC,1610823488891,2021-01-16T18:58:08.891Z,buy,4.97e-06,108.0,0.00053676
STEEM/BTC,1610823488902,2021-01-16T18:58:08.902Z,buy,4.97e-06,108.0,0.00053676
STEEM/BTC,1610823488917,2021-01-16T18:58:08.917Z,buy,4.97e-06,31.0,0.00015407
STEEM/BTC,1610823490393,2021-01-16T18:58:10.393Z,buy,4.96e-06,30.0,0.00014879999999999998
STEEM/BTC,1610823490393,2021-01-16T18:58:10.393Z,buy,4.96e-06,30.0,0.00014879999999999998
STEEM/BTC,1610823521439,2021-01-16T18:58:41.439Z,sell,4.95e-06,135.0,0.00066825
STEEM/BTC,1610823521447,2021-01-16T18:58:41.447Z,sell,4.95e-06,135.0,0.00066825
STEEM/BTC,1610823521460,2021-01-16T18:58:41.460Z,sell,4.95e-06,135.0,0.00066825
STEEM/BTC,1610823521473,2021-01-16T18:58:41.473Z,sell,4.95e-06,108.0,0.0005346
STEEM/BTC,1610823521487,2021-01-16T18:58:41.487Z,sell,4.95e-06,108.0,0.0005346
STEEM/BTC,1610823521541,2021-01-16T18:58:41.541Z,buy,4.97e-06,871.0,0.00432887
STEEM/BTC,1610823521554,2021-01-16T18:58:41.554Z,buy,4.97e-06,810.0,0.0040257
STEEM/BTC,1610823525675,2021-01-16T18:58:45.675Z,buy,4.97e-06,2500.0,0.012425
STEEM/BTC,1610823525732,2021-01-16T18:58:45.732Z,buy,4.97e-06,1131.0,0.00562107
STEEM/BTC,1610823526035,2021-01-16T18:58:46.035Z,buy,4.97e-06,1017.0,0.00505449
STEEM/BTC,1610823527162,2021-01-16T18:58:47.162Z,buy,4.97e-06,222.0,0.00110334
STEEM/BTC,1610823527194,2021-01-16T18:58:47.194Z,buy,4.97e-06,338.0,0.00167986
STEEM/BTC,1610823544520,2021-01-16T18:59:04.520Z,buy,4.97e-06,386.0,0.0019184199999999999
STEEM/BTC,1610823544590,2021-01-16T18:59:04.590Z,buy,4.97e-06,375.0,0.00186375
STEEM/BTC,1610823546306,2021-01-16T18:59:06.306Z,buy,4.97e-06,916.0,0.00455252
STEEM/BTC,1610823546370,2021-01-16T18:59:06.370Z,buy,4.97e-06,934.0,0.0046419799999999995
STEEM/BTC,1610823547458,2021-01-16T18:59:07.458Z,buy,4.97e-06,2031.0,0.01009407
STEEM/BTC,1610823547506,2021-01-16T18:59:07.506Z,buy,4.97e-06,1661.0,0.00825517
STEEM/BTC,1610823548166,2021-01-16T18:59:08.166Z,buy,4.97e-06,475.0,0.00236075
STEEM/BTC,1610823559049,2021-01-16T18:59:19.049Z,buy,4.99e-06,200.0,0.000998
STEEM/BTC,1610823562376,2021-01-16T18:59:22.376Z,buy,4.99e-06,200.0,0.000998
STEEM/BTC,1610823569572,2021-01-16T18:59:29.572Z,buy,4.99e-06,107.0,0.00053393
STEEM/BTC,1610823578825,2021-01-16T18:59:38.825Z,buy,4.99e-06,100.0,0.000499
STEEM/BTC,1610823631541,2021-01-16T19:00:31.541Z,buy,5e-06,134.0,0.00067
STEEM/BTC,1610823631553,2021-01-16T19:00:31.553Z,buy,5e-06,134.0,0.00067
STEEM/BTC,1610823639773,2021-01-16T19:00:39.773Z,buy,5e-06,134.0,0.00067
STEEM/BTC,1610823639776,2021-01-16T19:00:39.776Z,buy,5e-06,182.0,0.0009100000000000001
STEEM/BTC,1610823639786,2021-01-16T19:00:39.786Z,buy,5e-06,107.0,0.000535
STEEM/BTC,1610823650643,2021-01-16T19:00:50.643Z,buy,5e-06,304.0,0.00152
STEEM/BTC,1610823665187,2021-01-16T19:01:05.187Z,sell,4.97e-06,52.0,0.00025843999999999997
STEEM/BTC,1610823671782,2021-01-16T19:01:11.782Z,sell,4.97e-06,108.0,0.00053676
STEEM/BTC,1610823736589,2021-01-16T19:02:16.589Z,sell,4.97e-06,421.0,0.00209237
STEEM/BTC,1610823756297,2021-01-16T19:02:36.297Z,buy,5e-06,674.0,0.00337
STEEM/BTC,1610823760982,2021-01-16T19:02:40.982Z,buy,5e-06,2221.0,0.011105
STEEM/BTC,1610823774114,2021-01-16T19:02:54.114Z,buy,5e-06,11275.0,0.056375
STEEM/BTC,1610823774163,2021-01-16T19:02:54.163Z,buy,4.98e-06,30.0,0.0001494
STEEM/BTC,1610823871692,2021-01-16T19:04:31.692Z,sell,5e-06,32.0,0.00016
STEEM/BTC,1610823881438,2021-01-16T19:04:41.438Z,buy,5.01e-06,1818.0,0.00910818
STEEM/BTC,1610823881455,2021-01-16T19:04:41.455Z,buy,5.01e-06,178.0,0.00089178
STEEM/BTC,1610823882316,2021-01-16T19:04:42.316Z,buy,5.01e-06,105.0,0.00052605
STEEM/BTC,1610823900903,2021-01-16T19:05:00.903Z,sell,5e-06,108.0,0.00054
STEEM/BTC,1610823906866,2021-01-16T19:05:06.866Z,sell,5e-06,776.0,0.00388
STEEM/BTC,1610823910501,2021-01-16T19:05:10.501Z,buy,5e-06,135.0,0.000675
STEEM/BTC,1610823964804,2021-01-16T19:06:04.804Z,sell,4.99e-06,745.0,0.0037175499999999996
STEEM/BTC,1610823968476,2021-01-16T19:06:08.476Z,sell,4.99e-06,59.0,0.00029441
STEEM/BTC,1610823977423,2021-01-16T19:06:17.423Z,buy,4.99e-06,332.0,0.0016566799999999998
STEEM/BTC,1610823983445,2021-01-16T19:06:23.445Z,buy,4.99e-06,1609.0,0.00802891
STEEM/BTC,1610824007956,2021-01-16T19:06:47.956Z,buy,5.01e-06,744.0,0.0037274400000000003
STEEM/BTC,1610824071986,2021-01-16T19:07:51.986Z,sell,5e-06,65.0,0.00032500000000000004
STEEM/BTC,1610824155399,2021-01-16T19:09:15.399Z,sell,5e-06,220.0,0.0011
STEEM/BTC,1610824155422,2021-01-16T19:09:15.422Z,sell,5e-06,82.0,0.00041000000000000005
STEEM/BTC,1610824232948,2021-01-16T19:10:32.948Z,buy,5e-06,39.0,0.00019500000000000002
STEEM/BTC,1610824334057,2021-01-16T19:12:14.057Z,buy,5e-06,30.0,0.00015000000000000001
STEEM/BTC,1610824424910,2021-01-16T19:13:44.910Z,buy,5e-06,60.0,0.00030000000000000003
STEEM/BTC,1610824463787,2021-01-16T19:14:23.787Z,sell,4.99e-06,241.0,0.00120259
STEEM/BTC,1610824544201,2021-01-16T19:15:44.201Z,buy,5.01e-06,29.0,0.00014529
STEEM/BTC,1610824575464,2021-01-16T19:16:15.464Z,sell,4.98e-06,152.0,0.00075696
STEEM/BTC,1610824840951,2021-01-16T19:20:40.951Z,buy,4.99e-06,42.0,0.00020957999999999998
STEEM/BTC,1610824892269,2021-01-16T19:21:32.269Z,sell,4.99e-06,38.0,0.00018962
STEEM/BTC,1610824899968,2021-01-16T19:21:39.968Z,buy,5e-06,149.0,0.0007450000000000001
STEEM/BTC,1610824932547,2021-01-16T19:22:12.547Z,buy,5.01e-06,525.0,0.00263025
STEEM/BTC,1610825047972,2021-01-16T19:24:07.972Z,buy,5e-06,40.0,0.0002
STEEM/BTC,1610825093309,2021-01-16T19:24:53.309Z,buy,5.01e-06,21.0,0.00010521
STEEM/BTC,1610825107157,2021-01-16T19:25:07.157Z,buy,5.01e-06,30.0,0.00015030000000000002
STEEM/BTC,1610825171096,2021-01-16T19:26:11.096Z,buy,5.02e-06,21.0,0.00010542
STEEM/BTC,1610825184433,2021-01-16T19:26:24.433Z,sell,5.02e-06,36.0,0.00018072000000000002
STEEM/BTC,1610825234158,2021-01-16T19:27:14.158Z,sell,4.99e-06,99.0,0.0004940099999999999
STEEM/BTC,1610825238173,2021-01-16T19:27:18.173Z,buy,5.01e-06,29.0,0.00014529
STEEM/BTC,1610825286897,2021-01-16T19:28:06.897Z,buy,5e-06,32.0,0.00016
STEEM/BTC,1610825418667,2021-01-16T19:30:18.667Z,sell,5.02e-06,41.0,0.00020582
STEEM/BTC,1610825490278,2021-01-16T19:31:30.278Z,buy,5.02e-06,34.0,0.00017068
STEEM/BTC,1610825559971,2021-01-16T19:32:39.971Z,sell,5.02e-06,31.0,0.00015562
STEEM/BTC,1610825585966,2021-01-16T19:33:05.966Z,sell,5.02e-06,50.0,0.00025100000000000003
STEEM/BTC,1610825821042,2021-01-16T19:37:01.042Z,buy,5.01e-06,97.0,0.00048597
STEEM/BTC,1610825872949,2021-01-16T19:37:52.949Z,buy,5.02e-06,59.0,0.00029618
STEEM/BTC,1610825946989,2021-01-16T19:39:06.989Z,sell,5.02e-06,49.0,0.00024598
STEEM/BTC,1610826012008,2021-01-16T19:40:12.008Z,buy,5.03e-06,10400.0,0.052312000000000004
STEEM/BTC,1610826474251,2021-01-16T19:47:54.251Z,sell,5.01e-06,766.0,0.00383766
STEEM/BTC,1610826474251,2021-01-16T19:47:54.251Z,sell,5.01e-06,302.0,0.0015130200000000001
STEEM/BTC,1610826474500,2021-01-16T19:47:54.500Z,buy,5.02e-06,37.0,0.00018574000000000002
STEEM/BTC,1610826608044,2021-01-16T19:50:08.044Z,sell,5.03e-06,42.0,0.00021126
STEEM/BTC,1610826674884,2021-01-16T19:51:14.884Z,sell,5.03e-06,36.0,0.00018108
STEEM/BTC,1610826835411,2021-01-16T19:53:55.411Z,sell,5.02e-06,20.0,0.0001004
STEEM/BTC,1610826835411,2021-01-16T19:53:55.411Z,sell,5.01e-06,7353.0,0.03683853
STEEM/BTC,1610826835411,2021-01-16T19:53:55.411Z,sell,5e-06,5524.0,0.027620000000000002
STEEM/BTC,1610826835411,2021-01-16T19:53:55.411Z,sell,4.99e-06,28037.0,0.13990463
STEEM/BTC,1610826835466,2021-01-16T19:53:55.466Z,sell,5.02e-06,31.0,0.00015562
STEEM/BTC,1610826944900,2021-01-16T19:55:44.900Z,buy,5.03e-06,7.0,3.5210000000000003e-05
STEEM/BTC,1610826944984,2021-01-16T19:55:44.984Z,sell,5.02e-06,41.0,0.00020582
STEEM/BTC,1610826951717,2021-01-16T19:55:51.717Z,sell,4.99e-06,24.0,0.00011975999999999999
STEEM/BTC,1610826973908,2021-01-16T19:56:13.908Z,sell,4.99e-06,50.0,0.0002495
STEEM/BTC,1610826995902,2021-01-16T19:56:35.902Z,buy,5.02e-06,41.0,0.00020582
STEEM/BTC,1610827025269,2021-01-16T19:57:05.269Z,buy,5.03e-06,163.0,0.00081989
STEEM/BTC,1610827025269,2021-01-16T19:57:05.269Z,buy,5.03e-06,163.0,0.00081989
STEEM/BTC,1610827120452,2021-01-16T19:58:40.452Z,sell,5.02e-06,40.0,0.0002008
STEEM/BTC,1610827126903,2021-01-16T19:58:46.903Z,sell,5e-06,485.0,0.002425
STEEM/BTC,1610827175810,2021-01-16T19:59:35.810Z,sell,5.01e-06,32.0,0.00016032
STEEM/BTC,1610827198230,2021-01-16T19:59:58.230Z,buy,5e-06,49.0,0.00024500000000000005
STEEM/BTC,1610827199129,2021-01-16T19:59:59.129Z,buy,5e-06,298.0,0.0014900000000000002
STEEM/BTC,1610827199139,2021-01-16T19:59:59.139Z,buy,5e-06,10.0,5e-05
STEEM/BTC,1610827296782,2021-01-16T20:01:36.782Z,buy,5.02e-06,34.0,0.00017068
STEEM/BTC,1610827360769,2021-01-16T20:02:40.769Z,buy,5.03e-06,2803.0,0.01409909
STEEM/BTC,1610827364901,2021-01-16T20:02:44.901Z,buy,5.03e-06,2102.0,0.01057306
STEEM/BTC,1610827368357,2021-01-16T20:02:48.357Z,buy,5.03e-06,1573.0,0.00791219
STEEM/BTC,1610827374266,2021-01-16T20:02:54.266Z,buy,5.03e-06,1577.0,0.00793231
STEEM/BTC,1610827378486,2021-01-16T20:02:58.486Z,buy,5.02e-06,30.0,0.0001506
STEEM/BTC,1610827379471,2021-01-16T20:02:59.471Z,buy,5.04e-06,1575.0,0.007938
STEEM/BTC,1610827384309,2021-01-16T20:03:04.309Z,buy,5.04e-06,1576.0,0.00794304
STEEM/BTC,1610827465448,2021-01-16T20:04:25.448Z,buy,5.04e-06,136.0,0.00068544
STEEM/BTC,1610827467665,2021-01-16T20:04:27.665Z,buy,5.02e-06,37.0,0.00018574000000000002
STEEM/BTC,1610827538978,2021-01-16T20:05:38.978Z,buy,5.02e-06,34.0,0.00017068
STEEM/BTC,1610827865172,2021-01-16T20:11:05.172Z,buy,5.04e-06,717.0,0.00361368
STEEM/BTC,1610827872883,2021-01-16T20:11:12.883Z,buy,5.04e-06,165.0,0.0008316
STEEM/BTC,1610828030242,2021-01-16T20:13:50.242Z,buy,5.04e-06,7051.0,0.03553704
STEEM/BTC,1610828031902,2021-01-16T20:13:51.902Z,sell,5.04e-06,220.0,0.0011088
STEEM/BTC,1610828167920,2021-01-16T20:16:07.920Z,sell,5.04e-06,20.0,0.0001008
STEEM/BTC,1610828274884,2021-01-16T20:17:54.884Z,sell,5.04e-06,21.0,0.00010584
STEEM/BTC,1610828353860,2021-01-16T20:19:13.860Z,sell,5.04e-06,189.0,0.00095256
STEEM/BTC,1610828416248,2021-01-16T20:20:16.248Z,sell,5.04e-06,182.0,0.00091728
STEEM/BTC,1610828598671,2021-01-16T20:23:18.671Z,sell,5.04e-06,467.0,0.00235368
STEEM/BTC,1610828599342,2021-01-16T20:23:19.342Z,sell,5.04e-06,81.0,0.00040824
STEEM/BTC,1610828606453,2021-01-16T20:23:26.453Z,sell,5.04e-06,404.0,0.00203616
STEEM/BTC,1610828837029,2021-01-16T20:27:17.029Z,sell,5.04e-06,25.0,0.000126
STEEM/BTC,1610828871495,2021-01-16T20:27:51.495Z,sell,5.04e-06,1761.0,0.00887544
STEEM/BTC,1610828875538,2021-01-16T20:27:55.538Z,sell,5.04e-06,441.0,0.00222264
STEEM/BTC,1610828875814,2021-01-16T20:27:55.814Z,buy,5.03e-06,43.0,0.00021629
STEEM/BTC,1610828934866,2021-01-16T20:28:54.866Z,buy,5.03e-06,35.0,0.00017605
STEEM/BTC,1610829068064,2021-01-16T20:31:08.064Z,sell,5.03e-06,34.0,0.00017102
STEEM/BTC,1610829068236,2021-01-16T20:31:08.236Z,buy,5.04e-06,99.0,0.00049896
STEEM/BTC,1610829069539,2021-01-16T20:31:09.539Z,buy,5.03e-06,83.0,0.00041749
STEEM/BTC,1610829084615,2021-01-16T20:31:24.615Z,sell,5.01e-06,153.0,0.0007665300000000001
STEEM/BTC,1610829133408,2021-01-16T20:32:13.408Z,sell,5.01e-06,39.0,0.00019539
STEEM/BTC,1610829162683,2021-01-16T20:32:42.683Z,sell,5e-06,739.0,0.0036950000000000004
STEEM/BTC,1610829162683,2021-01-16T20:32:42.683Z,sell,4.99e-06,7012.0,0.03498988
STEEM/BTC,1610829162683,2021-01-16T20:32:42.683Z,sell,4.98e-06,3455.0,0.0172059
STEEM/BTC,1610829288137,2021-01-16T20:34:48.137Z,buy,5.01e-06,597.0,0.0029909700000000003
STEEM/BTC,1610829306309,2021-01-16T20:35:06.309Z,sell,5e-06,32.0,0.00016
STEEM/BTC,1610829495545,2021-01-16T20:38:15.545Z,sell,5e-06,34.0,0.00017
STEEM/BTC,1610829575762,2021-01-16T20:39:35.762Z,sell,4.99e-06,3689.0,0.01840811
STEEM/BTC,1610829692844,2021-01-16T20:41:32.844Z,sell,5e-06,34.0,0.00017
STEEM/BTC,1610829831176,2021-01-16T20:43:51.176Z,buy,5.01e-06,13.0,6.513000000000001e-05
STEEM/BTC,1610829831176,2021-01-16T20:43:51.176Z,buy,5.02e-06,2689.0,0.01349878
STEEM/BTC,1610829836114,2021-01-16T20:43:56.114Z,buy,5.03e-06,2029.0,0.01020587
STEEM/BTC,1610829842799,2021-01-16T20:44:02.799Z,buy,5.03e-06,6105.0,0.03070815
STEEM/BTC,1610829942083,2021-01-16T20:45:42.083Z,buy,5.01e-06,37.0,0.00018537000000000002
STEEM/BTC,1610830046459,2021-01-16T20:47:26.459Z,sell,5.02e-06,32.0,0.00016064
STEEM/BTC,1610830108229,2021-01-16T20:48:28.229Z,sell,5.02e-06,30.0,0.0001506
STEEM/BTC,1610830190122,2021-01-16T20:49:50.122Z,buy,5.04e-06,41180.0,0.2075472
STEEM/BTC,1610830190190,2021-01-16T20:49:50.190Z,sell,5.04e-06,867.0,0.00436968
STEEM/BTC,1610830190192,2021-01-16T20:49:50.192Z,sell,5.04e-06,898.0,0.00452592
STEEM/BTC,1610830190250,2021-01-16T20:49:50.250Z,sell,5.04e-06,2000.0,0.01008
STEEM/BTC,1610830196026,2021-01-16T20:49:56.026Z,sell,5.04e-06,6062.0,0.03055248
STEEM/BTC,1610830197256,2021-01-16T20:49:57.256Z,sell,5.04e-06,200.0,0.001008
STEEM/BTC,1610830200786,2021-01-16T20:50:00.786Z,sell,5.04e-06,5710.0,0.0287784
STEEM/BTC,1610830207397,2021-01-16T20:50:07.397Z,sell,5.04e-06,4053.0,0.02042712
STEEM/BTC,1610830209068,2021-01-16T20:50:09.068Z,buy,5.02e-06,34.0,0.00017068
STEEM/BTC,1610830231993,2021-01-16T20:50:31.993Z,sell,5.04e-06,890.0,0.0044856
STEEM/BTC,1610830232424,2021-01-16T20:50:32.424Z,sell,5.04e-06,1458.0,0.00734832
STEEM/BTC,1610830234070,2021-01-16T20:50:34.070Z,sell,5.04e-06,5574.0,0.02809296
STEEM/BTC,1610830277012,2021-01-16T20:51:17.012Z,sell,5.04e-06,5657.0,0.02851128
STEEM/BTC,1610830295741,2021-01-16T20:51:35.741Z,sell,5.04e-06,24971.0,0.12585384
STEEM/BTC,1610830297885,2021-01-16T20:51:37.885Z,buy,5.03e-06,39.0,0.00019617000000000001
STEEM/BTC,1610830343710,2021-01-16T20:52:23.710Z,sell,5.02e-06,24606.0,0.12352212
STEEM/BTC,1610830442090,2021-01-16T20:54:02.090Z,buy,5.03e-06,37.0,0.00018611
STEEM/BTC,1610830504223,2021-01-16T20:55:04.223Z,buy,5.03e-06,43.0,0.00021629
STEEM/BTC,1610830571107,2021-01-16T20:56:11.107Z,sell,5.03e-06,39.0,0.00019617000000000001
STEEM/BTC,1610830571107,2021-01-16T20:56:11.107Z,sell,5.03e-06,39.0,0.00019617000000000001
STEEM/BTC,1610830632649,2021-01-16T20:57:12.649Z,buy,5.03e-06,42.0,0.00021126
STEEM/BTC,1610830818769,2021-01-16T21:00:18.769Z,buy,5.04e-06,37.0,0.00018648
STEEM/BTC,1610830912753,2021-01-16T21:01:52.753Z,sell,5.04e-06,29.0,0.00014616
STEEM/BTC,1610830994669,2021-01-16T21:03:14.669Z,buy,5.04e-06,52.0,0.00026208
STEEM/BTC,1610831067654,2021-01-16T21:04:27.654Z,sell,5.04e-06,35.0,0.0001764
STEEM/BTC,1610831131489,2021-01-16T21:05:31.489Z,sell,5.04e-06,89.0,0.00044856000000000003
STEEM/BTC,1610831186087,2021-01-16T21:06:26.087Z,buy,5.04e-06,188.0,0.00094752
STEEM/BTC,1610831195155,2021-01-16T21:06:35.155Z,buy,5.04e-06,34.0,0.00017136
STEEM/BTC,1610831240512,2021-01-16T21:07:20.512Z,sell,5.04e-06,195.0,0.0009828
STEEM/BTC,1610831274108,2021-01-16T21:07:54.108Z,sell,5.04e-06,39.0,0.00019656
STEEM/BTC,1610831294650,2021-01-16T21:08:14.650Z,sell,5.04e-06,1773.0,0.00893592
STEEM/BTC,1610831298698,2021-01-16T21:08:18.698Z,sell,5.04e-06,49.0,0.00024696
STEEM/BTC,1610831315607,2021-01-16T21:08:35.607Z,sell,5.04e-06,178.0,0.0008971200000000001
STEEM/BTC,1610831324530,2021-01-16T21:08:44.530Z,buy,5.05e-06,167.0,0.00084335
STEEM/BTC,1610831493417,2021-01-16T21:11:33.417Z,sell,5.03e-06,82.0,0.00041246
STEEM/BTC,1610831493584,2021-01-16T21:11:33.584Z,sell,5.04e-06,35.0,0.0001764
STEEM/BTC,1610831525814,2021-01-16T21:12:05.814Z,buy,5.04e-06,248.0,0.00124992
STEEM/BTC,1610831550132,2021-01-16T21:12:30.132Z,buy,5.04e-06,193.0,0.00097272
STEEM/BTC,1610831556159,2021-01-16T21:12:36.159Z,sell,5.03e-06,82.0,0.00041246
STEEM/BTC,1610831559203,2021-01-16T21:12:39.203Z,sell,5.02e-06,318.0,0.00159636
STEEM/BTC,1610831594568,2021-01-16T21:13:14.568Z,buy,5.04e-06,305.0,0.0015372
STEEM/BTC,1610831596877,2021-01-16T21:13:16.877Z,sell,5.03e-06,55.0,0.00027665000000000003
STEEM/BTC,1610831660941,2021-01-16T21:14:20.941Z,buy,5.03e-06,67.0,0.00033701
STEEM/BTC,1610831662318,2021-01-16T21:14:22.318Z,buy,5.04e-06,312.0,0.00157248
STEEM/BTC,1610831691892,2021-01-16T21:14:51.892Z,buy,5.04e-06,52.0,0.00026208
STEEM/BTC,1610831728862,2021-01-16T21:15:28.862Z,sell,5.03e-06,36.0,0.00018108
STEEM/BTC,1610831732114,2021-01-16T21:15:32.114Z,sell,5.02e-06,279.0,0.00140058
STEEM/BTC,1610831789468,2021-01-16T21:16:29.468Z,sell,5.03e-06,86.0,0.00043258
STEEM/BTC,1610831799339,2021-01-16T21:16:39.339Z,buy,5.04e-06,356.0,0.0017942400000000001
STEEM/BTC,1610831831880,2021-01-16T21:17:11.880Z,buy,5.04e-06,198.0,0.00099792
STEEM/BTC,1610831880428,2021-01-16T21:18:00.428Z,buy,5.04e-06,132.0,0.00066528
STEEM/BTC,1610831995818,2021-01-16T21:19:55.818Z,sell,5.03e-06,1030.0,0.0051809000000000004
STEEM/BTC,1610832009093,2021-01-16T21:20:09.093Z,sell,5.02e-06,4006.0,0.020110120000000002
STEEM/BTC,1610832025417,2021-01-16T21:20:25.417Z,sell,5.03e-06,39.0,0.00019617000000000001
STEEM/BTC,1610832151898,2021-01-16T21:22:31.898Z,sell,5.03e-06,1021.0,0.00513563
STEEM/BTC,1610832160714,2021-01-16T21:22:40.714Z,sell,5.03e-06,321.0,0.0016146300000000001
STEEM/BTC,1610832168816,2021-01-16T21:22:48.816Z,sell,5.03e-06,120.0,0.0006036
STEEM/BTC,1610832269334,2021-01-16T21:24:29.334Z,sell,5.03e-06,43.0,0.00021629
STEEM/BTC,1610832418044,2021-01-16T21:26:58.044Z,buy,5.04e-06,201.0,0.00101304
STEEM/BTC,1610832516529,2021-01-16T21:28:36.529Z,buy,5.04e-06,235.0,0.0011844
STEEM/BTC,1610832537033,2021-01-16T21:28:57.033Z,sell,5.03e-06,30.0,0.0001509
STEEM/BTC,1610832623574,2021-01-16T21:30:23.574Z,buy,5.04e-06,500.0,0.00252
STEEM/BTC,1610832746504,2021-01-16T21:32:26.504Z,buy,5.03e-06,41.0,0.00020623
STEEM/BTC,1610832800730,2021-01-16T21:33:20.730Z,sell,5.02e-06,153.0,0.00076806
STEEM/BTC,1610832813191,2021-01-16T21:33:33.191Z,sell,5.02e-06,267.0,0.00134034
STEEM/BTC,1610832819225,2021-01-16T21:33:39.225Z,sell,5.03e-06,35.0,0.00017605
STEEM/BTC,1610832831687,2021-01-16T21:33:51.687Z,buy,5.04e-06,6674.0,0.03363696
STEEM/BTC,1610832831782,2021-01-16T21:33:51.782Z,sell,5.02e-06,253.0,0.0012700600000000002
STEEM/BTC,1610833083404,2021-01-16T21:38:03.404Z,sell,5.05e-06,36.0,0.0001818
STEEM/BTC,1610833084576,2021-01-16T21:38:04.576Z,sell,5.04e-06,100.0,0.000504
STEEM/BTC,1610833183584,2021-01-16T21:39:43.584Z,buy,5.06e-06,293.0,0.00148258
STEEM/BTC,1610833183595,2021-01-16T21:39:43.595Z,sell,5.06e-06,133.0,0.00067298
STEEM/BTC,1610833183609,2021-01-16T21:39:43.609Z,sell,5.06e-06,107.0,0.00054142
STEEM/BTC,1610833183680,2021-01-16T21:39:43.680Z,sell,5.06e-06,133.0,0.00067298
STEEM/BTC,1610833183689,2021-01-16T21:39:43.689Z,sell,5.06e-06,133.0,0.00067298
STEEM/BTC,1610833202328,2021-01-16T21:40:02.328Z,sell,5.05e-06,35.0,0.00017675
STEEM/BTC,1610833218194,2021-01-16T21:40:18.194Z,sell,5.04e-06,496.0,0.00249984
STEEM/BTC,1610833290685,2021-01-16T21:41:30.685Z,buy,5.05e-06,43.0,0.00021715
STEEM/BTC,1610833487585,2021-01-16T21:44:47.585Z,buy,5.06e-06,38.0,0.00019228
STEEM/BTC,1610833638967,2021-01-16T21:47:18.967Z,buy,5.06e-06,43.0,0.00021758
STEEM/BTC,1610833678373,2021-01-16T21:47:58.373Z,buy,5.07e-06,49.0,0.00024843
STEEM/BTC,1610834127867,2021-01-16T21:55:27.867Z,sell,5.04e-06,107.0,0.0005392800000000001
STEEM/BTC,1610834127876,2021-01-16T21:55:27.876Z,sell,5.04e-06,107.0,0.0005392800000000001
STEEM/BTC,1610834168152,2021-01-16T21:56:08.152Z,buy,5.06e-06,43.0,0.00021758
STEEM/BTC,1610834168152,2021-01-16T21:56:08.152Z,buy,5.06e-06,43.0,0.00021758
STEEM/BTC,1610834205920,2021-01-16T21:56:45.920Z,sell,5.04e-06,550.0,0.002772
STEEM/BTC,1610834240396,2021-01-16T21:57:20.396Z,sell,5.04e-06,45.0,0.0002268
STEEM/BTC,1610834286181,2021-01-16T21:58:06.181Z,sell,5.06e-06,36.0,0.00018216
STEEM/BTC,1610834351410,2021-01-16T21:59:11.410Z,sell,5.04e-06,83.0,0.00041832
STEEM/BTC,1610834406151,2021-01-16T22:00:06.151Z,sell,5.04e-06,987.0,0.00497448
STEEM/BTC,1610834416048,2021-01-16T22:00:16.048Z,buy,5.06e-06,40.0,0.0002024
STEEM/BTC,1610834515566,2021-01-16T22:01:55.566Z,sell,5.03e-06,249.0,0.00125247
STEEM/BTC,1610834555010,2021-01-16T22:02:35.010Z,buy,5.04e-06,30.0,0.0001512
STEEM/BTC,1610834613722,2021-01-16T22:03:33.722Z,sell,5.04e-06,32.0,0.00016128
STEEM/BTC,1610834631550,2021-01-16T22:03:51.550Z,buy,5.05e-06,180.0,0.000909
STEEM/BTC,1610834667656,2021-01-16T22:04:27.656Z,buy,5.04e-06,35.0,0.0001764
STEEM/BTC,1610834672313,2021-01-16T22:04:32.313Z,buy,5.05e-06,132.0,0.0006665999999999999
STEEM/BTC,1610834672320,2021-01-16T22:04:32.320Z,buy,5.05e-06,132.0,0.0006665999999999999
STEEM/BTC,1610834672372,2021-01-16T22:04:32.372Z,buy,5.05e-06,38.0,0.0001919
STEEM/BTC,1610834672383,2021-01-16T22:04:32.383Z,sell,5.05e-06,132.0,0.0006665999999999999
STEEM/BTC,1610834695620,2021-01-16T22:04:55.620Z,sell,5.04e-06,132.0,0.00066528
STEEM/BTC,1610834740974,2021-01-16T22:05:40.974Z,sell,5.05e-06,39.0,0.00019695
STEEM/BTC,1610834796583,2021-01-16T22:06:36.583Z,buy,5.05e-06,36.0,0.0001818
STEEM/BTC,1610834817255,2021-01-16T22:06:57.255Z,buy,5.06e-06,25.0,0.00012649999999999998
STEEM/BTC,1610834874025,2021-01-16T22:07:54.025Z,buy,5.07e-06,105.0,0.00053235
STEEM/BTC,1610834883033,2021-01-16T22:08:03.033Z,buy,5.06e-06,39.0,0.00019734
STEEM/BTC,1610834886792,2021-01-16T22:08:06.792Z,buy,5.08e-06,56.0,0.00028448
STEEM/BTC,1610834948262,2021-01-16T22:09:08.262Z,sell,5.06e-06,35.0,0.0001771
STEEM/BTC,1610835029818,2021-01-16T22:10:29.818Z,sell,5.06e-06,38.0,0.00019228
STEEM/BTC,1610835096538,2021-01-16T22:11:36.538Z,sell,5.06e-06,42.0,0.00021252
STEEM/BTC,1610835114768,2021-01-16T22:11:54.768Z,buy,5.08e-06,131.0,0.00066548
STEEM/BTC,1610835168548,2021-01-16T22:12:48.548Z,sell,5.06e-06,41.0,0.00020746
STEEM/BTC,1610835220682,2021-01-16T22:13:40.682Z,sell,5.07e-06,38.0,0.00019266
STEEM/BTC,1610835301986,2021-01-16T22:15:01.986Z,sell,5.06e-06,37.0,0.00018721999999999999
STEEM/BTC,1610835373970,2021-01-16T22:16:13.970Z,buy,5.05e-06,132.0,0.0006665999999999999
STEEM/BTC,1610835373980,2021-01-16T22:16:13.980Z,buy,5.05e-06,132.0,0.0006665999999999999
STEEM/BTC,1610835386047,2021-01-16T22:16:26.047Z,sell,5.05e-06,41.0,0.00020705
STEEM/BTC,1610835461171,2021-01-16T22:17:41.171Z,sell,5.05e-06,33.0,0.00016664999999999998
STEEM/BTC,1610835529801,2021-01-16T22:18:49.801Z,buy,5.05e-06,72.0,0.0003636
STEEM/BTC,1610835590332,2021-01-16T22:19:50.332Z,sell,5.04e-06,58.0,0.00029232
STEEM/BTC,1610835665544,2021-01-16T22:21:05.544Z,sell,5.04e-06,534.0,0.00269136
STEEM/BTC,1610835665701,2021-01-16T22:21:05.701Z,sell,5.04e-06,37.0,0.00018648
STEEM/BTC,1610835737231,2021-01-16T22:22:17.231Z,sell,5.04e-06,41.0,0.00020664000000000001
STEEM/BTC,1610835785696,2021-01-16T22:23:05.696Z,sell,5.04e-06,36.0,0.00018144
STEEM/BTC,1610835843899,2021-01-16T22:24:03.899Z,sell,5.04e-06,39.0,0.00019656
STEEM/BTC,1610835866581,2021-01-16T22:24:26.581Z,sell,5.03e-06,8000.0,0.04024
STEEM/BTC,1610835901397,2021-01-16T22:25:01.397Z,sell,5.04e-06,40.0,0.0002016
STEEM/BTC,1610835980428,2021-01-16T22:26:20.428Z,sell,5.04e-06,29.0,0.00014616
STEEM/BTC,1610835983548,2021-01-16T22:26:23.548Z,sell,5.03e-06,3403.0,0.01711709
STEEM/BTC,1610836025406,2021-01-16T22:27:05.406Z,sell,5.04e-06,43.0,0.00021672
STEEM/BTC,1610836096074,2021-01-16T22:28:16.074Z,sell,5.04e-06,42.0,0.00021168
STEEM/BTC,1610836168904,2021-01-16T22:29:28.904Z,sell,5.04e-06,47.0,0.00023688
STEEM/BTC,1610836241138,2021-01-16T22:30:41.138Z,sell,5.04e-06,43.0,0.00021672
STEEM/BTC,1610836306970,2021-01-16T22:31:46.970Z,buy,5.04e-06,198.0,0.00099792
STEEM/BTC,1610836308208,2021-01-16T22:31:48.208Z,sell,5.03e-06,1499.0,0.00753997
STEEM/BTC,1610836325997,2021-01-16T22:32:05.997Z,sell,5.03e-06,42.0,0.00021126
STEEM/BTC,1610836385351,2021-01-16T22:33:05.351Z,sell,5.02e-06,1702.0,0.008544040000000001
STEEM/BTC,1610836590216,2021-01-16T22:36:30.216Z,sell,5.02e-06,3606.0,0.01810212
STEEM/BTC,1610836595053,2021-01-16T22:36:35.053Z,sell,5.03e-06,57.0,0.00028671
STEEM/BTC,1610836629569,2021-01-16T22:37:09.569Z,buy,5.04e-06,25.0,0.000126
STEEM/BTC,1610836629569,2021-01-16T22:37:09.569Z,buy,5.05e-06,45.0,0.00022725
STEEM/BTC,1610836769237,2021-01-16T22:39:29.237Z,buy,5.04e-06,609.0,0.00306936
STEEM/BTC,1610836851771,2021-01-16T22:40:51.771Z,sell,5.01e-06,220.0,0.0011022
STEEM/BTC,1610836898339,2021-01-16T22:41:38.339Z,sell,5.02e-06,49.0,0.00024598
STEEM/BTC,1610836978385,2021-01-16T22:42:58.385Z,buy,5.02e-06,50.0,0.00025100000000000003
STEEM/BTC,1610836991449,2021-01-16T22:43:11.449Z,buy,5.02e-06,25.0,0.00012550000000000001
STEEM/BTC,1610837060023,2021-01-16T22:44:20.023Z,sell,5.01e-06,96.0,0.00048096
STEEM/BTC,1610837083200,2021-01-16T22:44:43.200Z,buy,5.02e-06,36.0,0.00018072000000000002
STEEM/BTC,1610837185030,2021-01-16T22:46:25.030Z,sell,5.04e-06,50.0,0.000252
STEEM/BTC,1610837307101,2021-01-16T22:48:27.101Z,sell,5.04e-06,89.0,0.00044856000000000003
STEEM/BTC,1610837307101,2021-01-16T22:48:27.101Z,sell,5.02e-06,5164.0,0.02592328
STEEM/BTC,1610837425997,2021-01-16T22:50:25.997Z,sell,5.03e-06,41.0,0.00020623
STEEM/BTC,1610837494583,2021-01-16T22:51:34.583Z,sell,5.03e-06,39.0,0.00019617000000000001
STEEM/BTC,1610837564642,2021-01-16T22:52:44.642Z,sell,5.03e-06,35.0,0.00017605
STEEM/BTC,1610837614912,2021-01-16T22:53:34.912Z,sell,5.02e-06,39.0,0.00019578
STEEM/BTC,1610837670876,2021-01-16T22:54:30.876Z,sell,5.02e-06,37.0,0.00018574000000000002
STEEM/BTC,1610837725865,2021-01-16T22:55:25.865Z,sell,5.02e-06,38.0,0.00019076
STEEM/BTC,1610837725865,2021-01-16T22:55:25.865Z,sell,5.02e-06,38.0,0.00019076
STEEM/BTC,1610837780652,2021-01-16T22:56:20.652Z,sell,5.02e-06,34.0,0.00017068
STEEM/BTC,1610837847343,2021-01-16T22:57:27.343Z,sell,5.02e-06,31.0,0.00015562
STEEM/BTC,1610837920741,2021-01-16T22:58:40.741Z,sell,5.02e-06,37.0,0.00018574000000000002
STEEM/BTC,1610837970385,2021-01-16T22:59:30.385Z,sell,5e-06,341.0,0.0017050000000000001
STEEM/BTC,1610837970385,2021-01-16T22:59:30.385Z,sell,4.99e-06,10116.0,0.05047884
STEEM/BTC,1610837970385,2021-01-16T22:59:30.385Z,sell,4.98e-06,12357.0,0.06153786
STEEM/BTC,1610837970385,2021-01-16T22:59:30.385Z,sell,4.97e-06,30133.0,0.14976101
STEEM/BTC,1610837979402,2021-01-16T22:59:39.402Z,sell,5e-06,29.0,0.000145
STEEM/BTC,1610838066987,2021-01-16T23:01:06.987Z,sell,5e-06,37.0,0.00018500000000000002
STEEM/BTC,1610838125621,2021-01-16T23:02:05.621Z,buy,5.01e-06,702.0,0.00351702
STEEM/BTC,1610838135131,2021-01-16T23:02:15.131Z,buy,5.02e-06,2300.0,0.011546
STEEM/BTC,1610838287216,2021-01-16T23:04:47.216Z,sell,5.01e-06,30.0,0.00015030000000000002
STEEM/BTC,1610838531145,2021-01-16T23:08:51.145Z,sell,5.01e-06,39.0,0.00019539
STEEM/BTC,1610838786276,2021-01-16T23:13:06.276Z,buy,5.01e-06,200.0,0.001002
STEEM/BTC,1610838814280,2021-01-16T23:13:34.280Z,sell,5.01e-06,41.0,0.00020541
STEEM/BTC,1610838842789,2021-01-16T23:14:02.789Z,sell,5e-06,25.0,0.000125
STEEM/BTC,1610838996220,2021-01-16T23:16:36.220Z,buy,5.02e-06,11646.0,0.05846292
STEEM/BTC,1610839063042,2021-01-16T23:17:43.042Z,sell,5.02e-06,30.0,0.0001506
STEEM/BTC,1610839394554,2021-01-16T23:23:14.554Z,sell,5.02e-06,394.0,0.00197788
STEEM/BTC,1610839414627,2021-01-16T23:23:34.627Z,sell,5.01e-06,55.0,0.00027555
STEEM/BTC,1610839442444,2021-01-16T23:24:02.444Z,sell,5.01e-06,81.0,0.00040581000000000005
STEEM/BTC,1610839648290,2021-01-16T23:27:28.290Z,sell,5.01e-06,39.0,0.00019539
STEEM/BTC,1610839718392,2021-01-16T23:28:38.392Z,sell,5.01e-06,20.0,0.00010020000000000001
STEEM/BTC,1610839718392,2021-01-16T23:28:38.392Z,sell,5e-06,402.0,0.00201
STEEM/BTC,1610839718461,2021-01-16T23:28:38.461Z,sell,5.01e-06,43.0,0.00021543000000000002
STEEM/BTC,1610839941500,2021-01-16T23:32:21.500Z,sell,5.01e-06,41.0,0.00020541
STEEM/BTC,1610839975909,2021-01-16T23:32:55.909Z,buy,5.02e-06,26.0,0.00013052000000000002
STEEM/BTC,1610840093365,2021-01-16T23:34:53.365Z,sell,5.02e-06,49.0,0.00024598
STEEM/BTC,1610840102524,2021-01-16T23:35:02.524Z,buy,5.03e-06,1117.0,0.00561851
STEEM/BTC,1610840157310,2021-01-16T23:35:57.310Z,buy,5.03e-06,453.0,0.00227859
STEEM/BTC,1610840169451,2021-01-16T23:36:09.451Z,buy,5.02e-06,594.0,0.00298188
STEEM/BTC,1610840221064,2021-01-16T23:37:01.064Z,buy,5.02e-06,68.0,0.00034136
STEEM/BTC,1610840232086,2021-01-16T23:37:12.086Z,sell,5.01e-06,686.0,0.0034368600000000003
STEEM/BTC,1610840232211,2021-01-16T23:37:12.211Z,sell,5.01e-06,686.0,0.0034368600000000003
STEEM/BTC,1610840381827,2021-01-16T23:39:41.827Z,sell,5.02e-06,40.0,0.0002008
STEEM/BTC,1610840388735,2021-01-16T23:39:48.735Z,buy,5.03e-06,316.0,0.00158948
STEEM/BTC,1610840405535,2021-01-16T23:40:05.535Z,sell,5.01e-06,343.0,0.0017184300000000002
STEEM/BTC,1610840474800,2021-01-16T23:41:14.800Z,sell,5.01e-06,90.0,0.0004509
STEEM/BTC,1610840474800,2021-01-16T23:41:14.800Z,sell,5e-06,1410.0,0.007050000000000001
STEEM/BTC,1610840537042,2021-01-16T23:42:17.042Z,sell,5e-06,500.0,0.0025
STEEM/BTC,1610840563210,2021-01-16T23:42:43.210Z,buy,5.02e-06,1354.0,0.0067970800000000005
STEEM/BTC,1610840661225,2021-01-16T23:44:21.225Z,sell,5.02e-06,36.0,0.00018072000000000002
STEEM/BTC,1610840681654,2021-01-16T23:44:41.654Z,buy,5.03e-06,157.0,0.00078971
STEEM/BTC,1610840729817,2021-01-16T23:45:29.817Z,sell,5.01e-06,1219.0,0.00610719
STEEM/BTC,1610840873995,2021-01-16T23:47:53.995Z,sell,5.01e-06,1097.0,0.00549597
STEEM/BTC,1610840873995,2021-01-16T23:47:53.995Z,sell,5e-06,74.0,0.00037000000000000005
STEEM/BTC,1610840886550,2021-01-16T23:48:06.550Z,sell,5.02e-06,42.0,0.00021084
STEEM/BTC,1610841002695,2021-01-16T23:50:02.695Z,buy,5.04e-06,3104.0,0.01564416
STEEM/BTC,1610841023608,2021-01-16T23:50:23.608Z,sell,5.03e-06,42.0,0.00021126
STEEM/BTC,1610841157980,2021-01-16T23:52:37.980Z,sell,5.03e-06,41.0,0.00020623
STEEM/BTC,1610841169150,2021-01-16T23:52:49.150Z,buy,5.05e-06,985.0,0.0049742499999999995
STEEM/BTC,1610841169261,2021-01-16T23:52:49.261Z,buy,5.05e-06,720.0,0.003636
STEEM/BTC,1610841170221,2021-01-16T23:52:50.221Z,buy,5.05e-06,495.0,0.00249975
STEEM/BTC,1610841311915,2021-01-16T23:55:11.915Z,sell,5.04e-06,34.0,0.00017136
STEEM/BTC,1610841311915,2021-01-16T23:55:11.915Z,sell,5.04e-06,34.0,0.00017136
STEEM/BTC,1610841336145,2021-01-16T23:55:36.145Z,buy,5.05e-06,20.0,0.000101
STEEM/BTC,1610841336145,2021-01-16T23:55:36.145Z,buy,5.06e-06,25.0,0.00012649999999999998
STEEM/BTC,1610841336153,2021-01-16T23:55:36.153Z,sell,5.06e-06,95.0,0.0004807
STEEM/BTC,1610841345473,2021-01-16T23:55:45.473Z,sell,5.06e-06,134.0,0.00067804
STEEM/BTC,1610841345475,2021-01-16T23:55:45.475Z,sell,5.06e-06,102.0,0.00051612
STEEM/BTC,1610841346716,2021-01-16T23:55:46.716Z,sell,5.06e-06,4.0,2.024e-05
STEEM/BTC,1610841347138,2021-01-16T23:55:47.138Z,buy,5.06e-06,197.0,0.00099682
STEEM/BTC,1610841347183,2021-01-16T23:55:47.183Z,buy,5.06e-06,39.0,0.00019734
STEEM/BTC,1610841355667,2021-01-16T23:55:55.667Z,sell,5.06e-06,101.0,0.00051106
STEEM/BTC,1610841355738,2021-01-16T23:55:55.738Z,sell,5.06e-06,57.0,0.00028842
STEEM/BTC,1610841360400,2021-01-16T23:56:00.400Z,sell,5.05e-06,82.0,0.0004141
STEEM/BTC,1610841376724,2021-01-16T23:56:16.724Z,buy,5.07e-06,107.0,0.00054249
STEEM/BTC,1610841376724,2021-01-16T23:56:16.724Z,buy,5.08e-06,56.0,0.00028448
STEEM/BTC,1610841429291,2021-01-16T23:57:09.291Z,sell,5.06e-06,134.0,0.00067804
STEEM/BTC,1610841429305,2021-01-16T23:57:09.305Z,sell,5.06e-06,134.0,0.00067804
STEEM/BTC,1610841429317,2021-01-16T23:57:09.317Z,sell,5.06e-06,133.0,0.00067298
STEEM/BTC,1610841429328,2021-01-16T23:57:09.328Z,sell,5.06e-06,106.0,0.0005363599999999999
STEEM/BTC,1610841429340,2021-01-16T23:57:09.340Z,sell,5.06e-06,107.0,0.00054142
STEEM/BTC,1610841439706,2021-01-16T23:57:19.706Z,buy,5.07e-06,216.0,0.00109512
STEEM/BTC,1610841439714,2021-01-16T23:57:19.714Z,buy,5.07e-06,305.0,0.00154635
STEEM/BTC,1610841439767,2021-01-16T23:57:19.767Z,sell,5.06e-06,44.0,0.00022264
STEEM/BTC,1610841451449,2021-01-16T23:57:31.449Z,sell,5.05e-06,179.0,0.0009039499999999999
STEEM/BTC,1610841451818,2021-01-16T23:57:31.818Z,buy,5.07e-06,1777.0,0.009009389999999999
STEEM/BTC,1610841452276,2021-01-16T23:57:32.276Z,buy,5.06e-06,93.0,0.00047058
STEEM/BTC,1610841587092,2021-01-16T23:59:47.092Z,sell,5.07e-06,37.0,0.00018758999999999998
STEEM/BTC,1610841604239,2021-01-17T00:00:04.239Z,buy,5.07e-06,25.0,0.00012675
STEEM/BTC,1610841686888,2021-01-17T00:01:26.888Z,sell,5.07e-06,731.0,0.00370617
STEEM/BTC,1610841705677,2021-01-17T00:01:45.677Z,buy,5.09e-06,242.0,0.00123178
STEEM/BTC,1610841705677,2021-01-17T00:01:45.677Z,buy,5.1e-06,1358.0,0.0069258
STEEM/BTC,1610841707231,2021-01-17T00:01:47.231Z,buy,5.1e-06,255.0,0.0013005
STEEM/BTC,1610841707654,2021-01-17T00:01:47.654Z,buy,5.1e-06,1137.0,0.0057987
STEEM/BTC,1610841710362,2021-01-17T00:01:50.362Z,sell,5.08e-06,133.0,0.0006756399999999999
STEEM/BTC,1610841710377,2021-01-17T00:01:50.377Z,sell,5.08e-06,61.0,0.00030987999999999995
STEEM/BTC,1610841711106,2021-01-17T00:01:51.106Z,sell,5.08e-06,421.0,0.00213868
STEEM/BTC,1610841713136,2021-01-17T00:01:53.136Z,buy,5.1e-06,708.0,0.0036108000000000004
STEEM/BTC,1610841713634,2021-01-17T00:01:53.634Z,sell,5.08e-06,630.0,0.0032004
STEEM/BTC,1610841713634,2021-01-17T00:01:53.634Z,sell,5.07e-06,170.0,0.0008619
STEEM/BTC,1610841713647,2021-01-17T00:01:53.647Z,sell,5.07e-06,120.0,0.0006083999999999999
STEEM/BTC,1610841713654,2021-01-17T00:01:53.654Z,sell,5.07e-06,159.0,0.00080613
STEEM/BTC,1610841713669,2021-01-17T00:01:53.669Z,sell,5.07e-06,800.0,0.004056
STEEM/BTC,1610841714074,2021-01-17T00:01:54.074Z,sell,5.06e-06,601.0,0.00304106
STEEM/BTC,1610841714163,2021-01-17T00:01:54.163Z,buy,5.09e-06,587.0,0.0029878300000000003
STEEM/BTC,1610841714868,2021-01-17T00:01:54.868Z,buy,5.09e-06,43.0,0.00021887000000000002
STEEM/BTC,1610841715151,2021-01-17T00:01:55.151Z,buy,5.1e-06,974.0,0.0049674
STEEM/BTC,1610841715171,2021-01-17T00:01:55.171Z,buy,5.1e-06,859.0,0.0043809
STEEM/BTC,1610841715609,2021-01-17T00:01:55.609Z,sell,5.1e-06,44.0,0.0002244
STEEM/BTC,1610841715648,2021-01-17T00:01:55.648Z,sell,5.1e-06,71.0,0.0003621
STEEM/BTC,1610841715648,2021-01-17T00:01:55.648Z,sell,5.09e-06,36.0,0.00018324000000000001
STEEM/BTC,1610841715682,2021-01-17T00:01:55.682Z,sell,5.09e-06,91.0,0.00046319000000000004
STEEM/BTC,1610841716060,2021-01-17T00:01:56.060Z,sell,5.09e-06,368.0,0.0018731200000000003
STEEM/BTC,1610841716060,2021-01-17T00:01:56.060Z,sell,5.08e-06,112.0,0.00056896
STEEM/BTC,1610841716069,2021-01-17T00:01:56.069Z,sell,5.08e-06,119.0,0.00060452
STEEM/BTC,1610841716714,2021-01-17T00:01:56.714Z,buy,5.1e-06,350.0,0.0017850000000000001
STEEM/BTC,1610841718257,2021-01-17T00:01:58.257Z,buy,5.1e-06,450.0,0.002295
STEEM/BTC,1610841720107,2021-01-17T00:02:00.107Z,buy,5.11e-06,715.0,0.00365365
STEEM/BTC,1610841720202,2021-01-17T00:02:00.202Z,buy,5.11e-06,424.0,0.00216664
STEEM/BTC,1610841721854,2021-01-17T00:02:01.854Z,buy,5.12e-06,731.0,0.00374272
STEEM/BTC,1610841723533,2021-01-17T00:02:03.533Z,buy,5.12e-06,532.0,0.00272384
STEEM/BTC,1610841725138,2021-01-17T00:02:05.138Z,buy,5.12e-06,525.0,0.002688
STEEM/BTC,1610841728038,2021-01-17T00:02:08.038Z,buy,5.12e-06,732.0,0.00374784
STEEM/BTC,1610841729667,2021-01-17T00:02:09.667Z,buy,5.12e-06,697.0,0.00356864
STEEM/BTC,1610841731086,2021-01-17T00:02:11.086Z,buy,5.12e-06,2427.0,0.01242624
STEEM/BTC,1610841731421,2021-01-17T00:02:11.421Z,buy,5.12e-06,537.0,0.00274944
STEEM/BTC,1610841733171,2021-01-17T00:02:13.171Z,buy,5.12e-06,1762.0,0.00902144
STEEM/BTC,1610841733213,2021-01-17T00:02:13.213Z,buy,5.12e-06,524.0,0.00268288
STEEM/BTC,1610841735160,2021-01-17T00:02:15.160Z,buy,5.12e-06,970.0,0.0049664
STEEM/BTC,1610841735197,2021-01-17T00:02:15.197Z,buy,5.12e-06,526.0,0.0026931200000000002
STEEM/BTC,1610841736250,2021-01-17T00:02:16.250Z,buy,5.12e-06,175.0,0.000896
STEEM/BTC,1610841736963,2021-01-17T00:02:16.963Z,buy,5.12e-06,535.0,0.0027392000000000002
STEEM/BTC,1610841737716,2021-01-17T00:02:17.716Z,sell,5.11e-06,171.0,0.00087381
STEEM/BTC,1610841738161,2021-01-17T00:02:18.161Z,buy,5.12e-06,970.0,0.0049664
STEEM/BTC,1610841742022,2021-01-17T00:02:22.022Z,buy,5.12e-06,403.0,0.00206336
STEEM/BTC,1610841744280,2021-01-17T00:02:24.280Z,buy,5.12e-06,546.0,0.00279552
STEEM/BTC,1610841747093,2021-01-17T00:02:27.093Z,buy,5.12e-06,522.0,0.00267264
STEEM/BTC,1610841747151,2021-01-17T00:02:27.151Z,buy,5.12e-06,969.0,0.00496128
STEEM/BTC,1610841748861,2021-01-17T00:02:28.861Z,buy,5.12e-06,525.0,0.002688
STEEM/BTC,1610841749611,2021-01-17T00:02:29.611Z,buy,5.12e-06,5767.0,0.02952704
STEEM/BTC,1610841751122,2021-01-17T00:02:31.122Z,buy,5.13e-06,533.0,0.00273429
STEEM/BTC,1610841752425,2021-01-17T00:02:32.425Z,sell,5.12e-06,36.0,0.00018432
STEEM/BTC,1610841752962,2021-01-17T00:02:32.962Z,buy,5.13e-06,542.0,0.0027804600000000002
STEEM/BTC,1610841754776,2021-01-17T00:02:34.776Z,buy,5.13e-06,706.0,0.00362178
STEEM/BTC,1610841756619,2021-01-17T00:02:36.619Z,buy,5.13e-06,690.0,0.0035397
STEEM/BTC,1610841758374,2021-01-17T00:02:38.374Z,buy,5.13e-06,1812.0,0.00929556
STEEM/BTC,1610841758532,2021-01-17T00:02:38.532Z,buy,5.13e-06,522.0,0.00267786
STEEM/BTC,1610841760090,2021-01-17T00:02:40.090Z,buy,5.13e-06,704.0,0.00361152
STEEM/BTC,1610841761410,2021-01-17T00:02:41.410Z,buy,5.13e-06,271.0,0.0013902300000000001
STEEM/BTC,1610841761815,2021-01-17T00:02:41.815Z,buy,5.13e-06,535.0,0.00274455
STEEM/BTC,1610841764846,2021-01-17T00:02:44.846Z,buy,5.13e-06,520.0,0.0026676
STEEM/BTC,1610841766715,2021-01-17T00:02:46.715Z,buy,5.13e-06,547.0,0.00280611
STEEM/BTC,1610841768215,2021-01-17T00:02:48.215Z,buy,5.13e-06,517.0,0.00265221
STEEM/BTC,1610841770045,2021-01-17T00:02:50.045Z,buy,5.13e-06,531.0,0.00272403
STEEM/BTC,1610841771153,2021-01-17T00:02:51.153Z,buy,5.13e-06,964.0,0.00494532
STEEM/BTC,1610841771783,2021-01-17T00:02:51.783Z,buy,5.13e-06,517.0,0.00265221
STEEM/BTC,1610841773230,2021-01-17T00:02:53.230Z,buy,5.13e-06,964.0,0.00494532
STEEM/BTC,1610841773944,2021-01-17T00:02:53.944Z,buy,5.13e-06,547.0,0.00280611
STEEM/BTC,1610841774512,2021-01-17T00:02:54.512Z,buy,5.13e-06,3550.0,0.0182115
STEEM/BTC,1610841775668,2021-01-17T00:02:55.668Z,buy,5.13e-06,535.0,0.00274455
STEEM/BTC,1610841777299,2021-01-17T00:02:57.299Z,buy,5.13e-06,540.0,0.0027702
STEEM/BTC,1610841779074,2021-01-17T00:02:59.074Z,buy,5.13e-06,528.0,0.00270864
STEEM/BTC,1610841779708,2021-01-17T00:02:59.708Z,buy,5.13e-06,1707.0,0.00875691
STEEM/BTC,1610841779708,2021-01-17T00:02:59.708Z,buy,5.14e-06,1043.0,0.00536102
STEEM/BTC,1610841780832,2021-01-17T00:03:00.832Z,buy,5.14e-06,440.0,0.0022616
STEEM/BTC,1610841781154,2021-01-17T00:03:01.154Z,buy,5.14e-06,964.0,0.00495496
STEEM/BTC,1610841792213,2021-01-17T00:03:12.213Z,buy,5.13e-06,20.0,0.0001026
STEEM/BTC,1610841792213,2021-01-17T00:03:12.213Z,buy,5.14e-06,948.0,0.00487272
STEEM/BTC,1610841794161,2021-01-17T00:03:14.161Z,buy,5.14e-06,964.0,0.00495496
STEEM/BTC,1610841794185,2021-01-17T00:03:14.185Z,buy,5.14e-06,387.0,0.00198918
STEEM/BTC,1610841796333,2021-01-17T00:03:16.333Z,sell,5.11e-06,364.0,0.00186004
STEEM/BTC,1610841800152,2021-01-17T00:03:20.152Z,buy,5.14e-06,969.0,0.00498066
STEEM/BTC,1610841800219,2021-01-17T00:03:20.219Z,buy,5.14e-06,435.0,0.0022359
STEEM/BTC,1610841801172,2021-01-17T00:03:21.172Z,buy,5.14e-06,969.0,0.00498066
STEEM/BTC,1610841805214,2021-01-17T00:03:25.214Z,buy,5.14e-06,291.0,0.00149574
STEEM/BTC,1610841808249,2021-01-17T00:03:28.249Z,buy,5.14e-06,969.0,0.00498066
STEEM/BTC,1610841815186,2021-01-17T00:03:35.186Z,buy,5.14e-06,969.0,0.00498066
STEEM/BTC,1610841822146,2021-01-17T00:03:42.146Z,buy,5.14e-06,590.0,0.0030326
STEEM/BTC,1610841824227,2021-01-17T00:03:44.227Z,buy,5.14e-06,81.0,0.00041634
STEEM/BTC,1610841824386,2021-01-17T00:03:44.386Z,buy,5.14e-06,449.0,0.00230786
STEEM/BTC,1610841829211,2021-01-17T00:03:49.211Z,buy,5.14e-06,964.0,0.00495496
STEEM/BTC,1610841831759,2021-01-17T00:03:51.759Z,buy,5.14e-06,231.0,0.00118734
STEEM/BTC,1610841835145,2021-01-17T00:03:55.145Z,buy,5.14e-06,969.0,0.00498066
STEEM/BTC,1610841836151,2021-01-17T00:03:56.151Z,buy,5.14e-06,969.0,0.00498066
STEEM/BTC,1610841840179,2021-01-17T00:04:00.179Z,buy,5.14e-06,457.0,0.00234898
STEEM/BTC,1610841840319,2021-01-17T00:04:00.319Z,buy,5.14e-06,428.0,0.00219992
STEEM/BTC,1610841851130,2021-01-17T00:04:11.130Z,buy,5.14e-06,284.0,0.00145976
STEEM/BTC,1610841852172,2021-01-17T00:04:12.172Z,buy,5.14e-06,351.0,0.0018041399999999999
STEEM/BTC,1610841852312,2021-01-17T00:04:12.312Z,buy,5.14e-06,351.0,0.0018041399999999999
STEEM/BTC,1610841859844,2021-01-17T00:04:19.844Z,buy,5.14e-06,1999.0,0.01027486
STEEM/BTC,1610841863149,2021-01-17T00:04:23.149Z,buy,5.14e-06,290.0,0.0014906
STEEM/BTC,1610841863152,2021-01-17T00:04:23.152Z,buy,5.14e-06,290.0,0.0014906
STEEM/BTC,1610841865944,2021-01-17T00:04:25.944Z,buy,5.14e-06,214.0,0.00109996
STEEM/BTC,1610841865991,2021-01-17T00:04:25.991Z,buy,5.14e-06,270.0,0.0013878
STEEM/BTC,1610841879704,2021-01-17T00:04:39.704Z,buy,5.14e-06,547.0,0.00281158
STEEM/BTC,1610841887583,2021-01-17T00:04:47.583Z,buy,5.14e-06,269.0,0.00138266
STEEM/BTC,1610841887630,2021-01-17T00:04:47.630Z,buy,5.14e-06,297.0,0.00152658
STEEM/BTC,1610841892256,2021-01-17T00:04:52.256Z,buy,5.14e-06,10766.0,0.055337239999999996
STEEM/BTC,1610841892256,2021-01-17T00:04:52.256Z,buy,5.15e-06,16918.0,0.0871277
STEEM/BTC,1610841892528,2021-01-17T00:04:52.528Z,sell,5.13e-06,43.0,0.00022059
STEEM/BTC,1610841893634,2021-01-17T00:04:53.634Z,buy,5.16e-06,45.0,0.00023219999999999998
STEEM/BTC,1610841893720,2021-01-17T00:04:53.720Z,buy,5.16e-06,32.0,0.00016512
STEEM/BTC,1610841908650,2021-01-17T00:05:08.650Z,buy,5.16e-06,24.0,0.00012384
STEEM/BTC,1610841957647,2021-01-17T00:05:57.647Z,sell,5.13e-06,91.0,0.00046683
STEEM/BTC,1610841969508,2021-01-17T00:06:09.508Z,buy,5.15e-06,109.0,0.00056135
STEEM/BTC,1610842048203,2021-01-17T00:07:28.203Z,buy,5.15e-06,136.0,0.0007004
STEEM/BTC,1610842069775,2021-01-17T00:07:49.775Z,buy,5.15e-06,64.0,0.0003296
STEEM/BTC,1610842104523,2021-01-17T00:08:24.523Z,buy,5.15e-06,8696.0,0.044784399999999995
STEEM/BTC,1610842105955,2021-01-17T00:08:25.955Z,sell,5.12e-06,138.0,0.0007065600000000001
STEEM/BTC,1610842106089,2021-01-17T00:08:26.089Z,sell,5.13e-06,85.0,0.00043605
STEEM/BTC,1610842106148,2021-01-17T00:08:26.148Z,buy,5.15e-06,969.0,0.00499035
STEEM/BTC,1610842118149,2021-01-17T00:08:38.149Z,buy,5.15e-06,485.0,0.00249775
STEEM/BTC,1610842119144,2021-01-17T00:08:39.144Z,buy,5.15e-06,582.0,0.0029973
STEEM/BTC,1610842119493,2021-01-17T00:08:39.493Z,buy,5.16e-06,456.0,0.00235296
STEEM/BTC,1610842129758,2021-01-17T00:08:49.758Z,buy,5.16e-06,962.0,0.00496392
STEEM/BTC,1610842138213,2021-01-17T00:08:58.213Z,buy,5.17e-06,114.0,0.0005893799999999999
STEEM/BTC,1610842138213,2021-01-17T00:08:58.213Z,buy,5.18e-06,849.0,0.00439782
STEEM/BTC,1610842174808,2021-01-17T00:09:34.808Z,sell,5.14e-06,623.0,0.00320222
STEEM/BTC,1610842176170,2021-01-17T00:09:36.170Z,buy,5.13e-06,580.0,0.0029754
STEEM/BTC,1610842176185,2021-01-17T00:09:36.185Z,buy,5.13e-06,229.0,0.00117477
STEEM/BTC,1610842180052,2021-01-17T00:09:40.052Z,buy,5.18e-06,623.0,0.0032271400000000003
STEEM/BTC,1610842180084,2021-01-17T00:09:40.084Z,sell,5.18e-06,81.0,0.00041958
STEEM/BTC,1610842180213,2021-01-17T00:09:40.213Z,sell,5.18e-06,131.0,0.00067858
STEEM/BTC,1610842180226,2021-01-17T00:09:40.226Z,sell,5.18e-06,131.0,0.00067858
STEEM/BTC,1610842180235,2021-01-17T00:09:40.235Z,sell,5.18e-06,105.0,0.0005439
STEEM/BTC,1610842180245,2021-01-17T00:09:40.245Z,sell,5.18e-06,105.0,0.0005439
STEEM/BTC,1610842183040,2021-01-17T00:09:43.040Z,sell,5.18e-06,11.0,5.698000000000001e-05
STEEM/BTC,1610842187974,2021-01-17T00:09:47.974Z,buy,5.18e-06,216.0,0.00111888
STEEM/BTC,1610842187974,2021-01-17T00:09:47.974Z,buy,5.19e-06,327.0,0.00169713
STEEM/BTC,1610842191171,2021-01-17T00:09:51.171Z,buy,5.19e-06,214.0,0.00111066
STEEM/BTC,1610842191266,2021-01-17T00:09:51.266Z,buy,5.19e-06,214.0,0.00111066
STEEM/BTC,1610842195755,2021-01-17T00:09:55.755Z,sell,5.15e-06,99.0,0.00050985
STEEM/BTC,1610842210784,2021-01-17T00:10:10.784Z,buy,5.18e-06,99.0,0.00051282
STEEM/BTC,1610842210881,2021-01-17T00:10:10.881Z,sell,5.17e-06,49.0,0.00025332999999999996
STEEM/BTC,1610842225789,2021-01-17T00:10:25.789Z,sell,5.16e-06,20.0,0.00010319999999999999
STEEM/BTC,1610842236213,2021-01-17T00:10:36.213Z,buy,5.19e-06,525.0,0.00272475
STEEM/BTC,1610842243280,2021-01-17T00:10:43.280Z,buy,5.19e-06,4914.0,0.02550366
STEEM/BTC,1610842246926,2021-01-17T00:10:46.926Z,sell,5.17e-06,21.0,0.00010857
STEEM/BTC,1610842252153,2021-01-17T00:10:52.153Z,buy,5.2e-06,957.0,0.0049764
STEEM/BTC,1610842252180,2021-01-17T00:10:52.180Z,buy,5.2e-06,702.0,0.0036504000000000003
STEEM/BTC,1610842252189,2021-01-17T00:10:52.189Z,buy,5.2e-06,957.0,0.0049764
STEEM/BTC,1610842255489,2021-01-17T00:10:55.489Z,buy,5.21e-06,533.0,0.00277693
STEEM/BTC,1610842257116,2021-01-17T00:10:57.116Z,buy,5.21e-06,550.0,0.0028655
STEEM/BTC,1610842258836,2021-01-17T00:10:58.836Z,buy,5.22e-06,684.0,0.00357048
STEEM/BTC,1610842260409,2021-01-17T00:11:00.409Z,sell,5.21e-06,136.0,0.00070856
STEEM/BTC,1610842268808,2021-01-17T00:11:08.808Z,buy,5.22e-06,147.0,0.00076734
STEEM/BTC,1610842269268,2021-01-17T00:11:09.268Z,sell,5.22e-06,373.0,0.00194706
STEEM/BTC,1610842277043,2021-01-17T00:11:17.043Z,buy,5.22e-06,372.0,0.00194184
STEEM/BTC,1610842277043,2021-01-17T00:11:17.043Z,buy,5.23e-06,459.0,0.00240057
STEEM/BTC,1610842277043,2021-01-17T00:11:17.043Z,buy,5.24e-06,3459.0,0.018125159999999998
STEEM/BTC,1610842277043,2021-01-17T00:11:17.043Z,buy,5.25e-06,28089.0,0.14746725
STEEM/BTC,1610842277043,2021-01-17T00:11:17.043Z,buy,5.26e-06,2257.0,0.01187182
STEEM/BTC,1610842277043,2021-01-17T00:11:17.043Z,buy,5.27e-06,12784.0,0.06737168
STEEM/BTC,1610842278219,2021-01-17T00:11:18.219Z,sell,5.21e-06,380.0,0.0019798
STEEM/BTC,1610842279112,2021-01-17T00:11:19.112Z,sell,5.24e-06,1592.0,0.00834208
STEEM/BTC,1610842279112,2021-01-17T00:11:19.112Z,sell,5.23e-06,4867.0,0.02545441
STEEM/BTC,1610842279298,2021-01-17T00:11:19.298Z,sell,5.24e-06,241.0,0.0012628399999999999
STEEM/BTC,1610842280150,2021-01-17T00:11:20.150Z,buy,5.22e-06,379.0,0.00197838
STEEM/BTC,1610842280150,2021-01-17T00:11:20.150Z,buy,5.23e-06,829.0,0.00433567
STEEM/BTC,1610842280150,2021-01-17T00:11:20.150Z,buy,5.24e-06,792.0,0.00415008
STEEM/BTC,1610842280179,2021-01-17T00:11:20.179Z,buy,5.22e-06,241.0,0.00125802
STEEM/BTC,1610842282247,2021-01-17T00:11:22.247Z,buy,5.26e-06,768.0,0.0040396799999999995
STEEM/BTC,1610842282914,2021-01-17T00:11:22.914Z,sell,5.2e-06,46.0,0.00023920000000000001
STEEM/BTC,1610842286229,2021-01-17T00:11:26.229Z,buy,5.26e-06,764.0,0.0040186399999999995
STEEM/BTC,1610842287927,2021-01-17T00:11:27.927Z,sell,5.23e-06,42.0,0.00021966
STEEM/BTC,1610842288158,2021-01-17T00:11:28.158Z,buy,5.26e-06,60.0,0.0003156
STEEM/BTC,1610842288158,2021-01-17T00:11:28.158Z,buy,5.27e-06,881.0,0.00464287
STEEM/BTC,1610842292016,2021-01-17T00:11:32.016Z,buy,5.27e-06,1966.0,0.010360820000000001
STEEM/BTC,1610842292016,2021-01-17T00:11:32.016Z,buy,5.28e-06,1575.0,0.008316
STEEM/BTC,1610842293012,2021-01-17T00:11:33.012Z,buy,5.27e-06,227.0,0.00119629
STEEM/BTC,1610842293012,2021-01-17T00:11:33.012Z,buy,5.28e-06,6391.0,0.03374448
STEEM/BTC,1610842294081,2021-01-17T00:11:34.081Z,sell,5.27e-06,200.0,0.001054
STEEM/BTC,1610842295158,2021-01-17T00:11:35.158Z,buy,5.28e-06,942.0,0.004973760000000001
STEEM/BTC,1610842300156,2021-01-17T00:11:40.156Z,buy,5.28e-06,942.0,0.004973760000000001
STEEM/BTC,1610842303786,2021-01-17T00:11:43.786Z,buy,5.28e-06,10230.0,0.054014400000000004
STEEM/BTC,1610842303786,2021-01-17T00:11:43.786Z,buy,5.29e-06,775.0,0.00409975
STEEM/BTC,1610842303786,2021-01-17T00:11:43.786Z,buy,5.3e-06,8762.0,0.046438600000000003
STEEM/BTC,1610842303786,2021-01-17T00:11:43.786Z,buy,5.31e-06,16037.0,0.08515647
STEEM/BTC,1610842304155,2021-01-17T00:11:44.155Z,sell,5.28e-06,50.0,0.000264
STEEM/BTC,1610842305123,2021-01-17T00:11:45.123Z,sell,5.28e-06,21.0,0.00011088000000000001
STEEM/BTC,1610842310242,2021-01-17T00:11:50.242Z,buy,5.31e-06,50.0,0.0002655
STEEM/BTC,1610842315054,2021-01-17T00:11:55.054Z,sell,5.29e-06,60.0,0.0003174
STEEM/BTC,1610842315300,2021-01-17T00:11:55.300Z,sell,5.29e-06,119.0,0.00062951
STEEM/BTC,1610842316232,2021-01-17T00:11:56.232Z,buy,5.32e-06,25.0,0.000133
STEEM/BTC,1610842316232,2021-01-17T00:11:56.232Z,buy,5.33e-06,907.0,0.00483431
STEEM/BTC,1610842316776,2021-01-17T00:11:56.776Z,sell,5.29e-06,200.0,0.0010580000000000001
STEEM/BTC,1610842323205,2021-01-17T00:12:03.205Z,buy,5.32e-06,21.0,0.00011172
STEEM/BTC,1610842323205,2021-01-17T00:12:03.205Z,buy,5.33e-06,912.0,0.00486096
STEEM/BTC,1610842326436,2021-01-17T00:12:06.436Z,buy,5.33e-06,2925.0,0.01559025
STEEM/BTC,1610842326437,2021-01-17T00:12:06.437Z,buy,5.33e-06,1519.0,0.00809627
STEEM/BTC,1610842326444,2021-01-17T00:12:06.444Z,buy,5.33e-06,478.0,0.0025477399999999997
STEEM/BTC,1610842326473,2021-01-17T00:12:06.473Z,buy,5.33e-06,2823.0,0.015046589999999999
STEEM/BTC,1610842326500,2021-01-17T00:12:06.500Z,buy,5.33e-06,2151.0,0.011464829999999999
STEEM/BTC,1610842327649,2021-01-17T00:12:07.649Z,buy,5.33e-06,4066.0,0.021671779999999998
STEEM/BTC,1610842330036,2021-01-17T00:12:10.036Z,buy,5.33e-06,219.0,0.00116727
STEEM/BTC,1610842330036,2021-01-17T00:12:10.036Z,buy,5.33e-06,219.0,0.00116727
STEEM/BTC,1610842342299,2021-01-17T00:12:22.299Z,sell,5.31e-06,6100.0,0.032391
STEEM/BTC,1610842342652,2021-01-17T00:12:22.652Z,sell,5.31e-06,2380.0,0.0126378
STEEM/BTC,1610842343150,2021-01-17T00:12:23.150Z,sell,5.31e-06,942.0,0.00500202
STEEM/BTC,1610842343388,2021-01-17T00:12:23.388Z,sell,5.31e-06,320.0,0.0016992
STEEM/BTC,1610842343857,2021-01-17T00:12:23.857Z,sell,5.31e-06,368.0,0.00195408
STEEM/BTC,1610842343872,2021-01-17T00:12:23.872Z,sell,5.31e-06,512.0,0.00271872
STEEM/BTC,1610842343903,2021-01-17T00:12:23.903Z,sell,5.31e-06,54.0,0.00028674
STEEM/BTC,1610842345255,2021-01-17T00:12:25.255Z,sell,5.31e-06,200.0,0.001062
STEEM/BTC,1610842345443,2021-01-17T00:12:25.443Z,sell,5.31e-06,169.0,0.00089739
STEEM/BTC,1610842345540,2021-01-17T00:12:25.540Z,sell,5.31e-06,200.0,0.001062
STEEM/BTC,1610842346386,2021-01-17T00:12:26.386Z,sell,5.31e-06,125.0,0.00066375
STEEM/BTC,1610842346562,2021-01-17T00:12:26.562Z,sell,5.31e-06,29.0,0.00015399
STEEM/BTC,1610842355872,2021-01-17T00:12:35.872Z,sell,5.32e-06,518.0,0.00275576
STEEM/BTC,1610842356053,2021-01-17T00:12:36.053Z,buy,5.33e-06,600.0,0.003198
STEEM/BTC,1610842359266,2021-01-17T00:12:39.266Z,sell,5.32e-06,8019.0,0.04266108
STEEM/BTC,1610842363033,2021-01-17T00:12:43.033Z,sell,5.31e-06,399.0,0.00211869
STEEM/BTC,1610842366774,2021-01-17T00:12:46.774Z,buy,5.33e-06,200.0,0.0010659999999999999
STEEM/BTC,1610842367594,2021-01-17T00:12:47.594Z,sell,5.32e-06,44.0,0.00023408
STEEM/BTC,1610842368065,2021-01-17T00:12:48.065Z,buy,5.33e-06,200.0,0.0010659999999999999
STEEM/BTC,1610842369036,2021-01-17T00:12:49.036Z,buy,5.33e-06,200.0,0.0010659999999999999
STEEM/BTC,1610842382379,2021-01-17T00:13:02.379Z,buy,5.33e-06,19.0,0.00010127
STEEM/BTC,1610842388658,2021-01-17T00:13:08.658Z,sell,5.31e-06,684.0,0.00363204
STEEM/BTC,1610842400759,2021-01-17T00:13:20.759Z,sell,5.3e-06,222.0,0.0011766
STEEM/BTC,1610842402150,2021-01-17T00:13:22.150Z,sell,5.3e-06,937.0,0.0049661
STEEM/BTC,1610842402377,2021-01-17T00:13:22.377Z,sell,5.3e-06,655.0,0.0034715
STEEM/BTC,1610842415789,2021-01-17T00:13:35.789Z,sell,5.29e-06,19.0,0.00010051
STEEM/BTC,1610842430355,2021-01-17T00:13:50.355Z,sell,5.29e-06,954.0,0.0050466600000000006
STEEM/BTC,1610842432347,2021-01-17T00:13:52.347Z,buy,5.3e-06,46.0,0.00024380000000000002
STEEM/BTC,1610842432347,2021-01-17T00:13:52.347Z,buy,5.31e-06,154.0,0.00081774
STEEM/BTC,1610842443848,2021-01-17T00:14:03.848Z,sell,5.31e-06,81.0,0.00043011
STEEM/BTC,1610842449187,2021-01-17T00:14:09.187Z,sell,5.3e-06,677.0,0.0035881
STEEM/BTC,1610842450762,2021-01-17T00:14:10.762Z,sell,5.3e-06,154.0,0.0008162
STEEM/BTC,1610842451204,2021-01-17T00:14:11.204Z,sell,5.3e-06,945.0,0.0050085
STEEM/BTC,1610842458954,2021-01-17T00:14:18.954Z,sell,5.29e-06,19080.0,0.1009332
STEEM/BTC,1610842461746,2021-01-17T00:14:21.746Z,sell,5.27e-06,200.0,0.001054
STEEM/BTC,1610842462130,2021-01-17T00:14:22.130Z,sell,5.27e-06,500.0,0.002635
STEEM/BTC,1610842463557,2021-01-17T00:14:23.557Z,buy,5.31e-06,20.0,0.0001062
STEEM/BTC,1610842464174,2021-01-17T00:14:24.174Z,sell,5.27e-06,42.0,0.00022134000000000002
STEEM/BTC,1610842464174,2021-01-17T00:14:24.174Z,sell,5.26e-06,149.0,0.0007837399999999999
STEEM/BTC,1610842464174,2021-01-17T00:14:24.174Z,sell,5.25e-06,1123.0,0.00589575
STEEM/BTC,1610842465781,2021-01-17T00:14:25.781Z,sell,5.23e-06,196.0,0.00102508
STEEM/BTC,1610842467642,2021-01-17T00:14:27.642Z,sell,5.23e-06,166.0,0.00086818
STEEM/BTC,1610842467857,2021-01-17T00:14:27.857Z,buy,5.23e-06,35.0,0.00018305
STEEM/BTC,1610842468384,2021-01-17T00:14:28.384Z,sell,5.22e-06,224.0,0.00116928
STEEM/BTC,1610842469082,2021-01-17T00:14:29.082Z,sell,5.26e-06,224.0,0.0011782399999999999
STEEM/BTC,1610842474090,2021-01-17T00:14:34.090Z,sell,5.26e-06,55.0,0.0002893
STEEM/BTC,1610842474090,2021-01-17T00:14:34.090Z,sell,5.24e-06,766.0,0.004013839999999999
STEEM/BTC,1610842488355,2021-01-17T00:14:48.355Z,sell,5.24e-06,24.0,0.00012576
STEEM/BTC,1610842488913,2021-01-17T00:14:48.913Z,sell,5.24e-06,1.0,5.24e-06
STEEM/BTC,1610842488913,2021-01-17T00:14:48.913Z,sell,5.22e-06,7499.0,0.03914478
STEEM/BTC,1610842492414,2021-01-17T00:14:52.414Z,sell,5.21e-06,361.0,0.0018808100000000001
STEEM/BTC,1610842497833,2021-01-17T00:14:57.833Z,buy,5.26e-06,4900.0,0.025774
STEEM/BTC,1610842499931,2021-01-17T00:14:59.931Z,sell,5.25e-06,42.0,0.0002205
STEEM/BTC,1610842502152,2021-01-17T00:15:02.152Z,sell,5.24e-06,286.0,0.0014986399999999999
STEEM/BTC,1610842502196,2021-01-17T00:15:02.196Z,sell,5.24e-06,286.0,0.0014986399999999999
STEEM/BTC,1610842504188,2021-01-17T00:15:04.188Z,sell,5.24e-06,861.0,0.00451164
STEEM/BTC,1610842534849,2021-01-17T00:15:34.849Z,sell,5.21e-06,42.0,0.00021882
STEEM/BTC,1610842538935,2021-01-17T00:15:38.935Z,sell,5.21e-06,200.0,0.001042
STEEM/BTC,1610842544534,2021-01-17T00:15:44.534Z,sell,5.21e-06,40.0,0.0002084
STEEM/BTC,1610842544534,2021-01-17T00:15:44.534Z,sell,5.2e-06,452.0,0.0023504
STEEM/BTC,1610842545184,2021-01-17T00:15:45.184Z,sell,5.2e-06,67.0,0.0003484
STEEM/BTC,1610842558593,2021-01-17T00:15:58.593Z,sell,5.2e-06,703.0,0.0036556
STEEM/BTC,1610842559384,2021-01-17T00:15:59.384Z,buy,5.2e-06,384.0,0.0019968
STEEM/BTC,1610842562148,2021-01-17T00:16:02.148Z,sell,5.2e-06,961.0,0.0049972
STEEM/BTC,1610842562493,2021-01-17T00:16:02.493Z,sell,5.2e-06,5080.0,0.026416000000000002
STEEM/BTC,1610842562493,2021-01-17T00:16:02.493Z,sell,5.19e-06,177.0,0.00091863
STEEM/BTC,1610842562502,2021-01-17T00:16:02.502Z,buy,5.19e-06,58.0,0.00030102000000000004
STEEM/BTC,1610842569795,2021-01-17T00:16:09.795Z,sell,5.19e-06,56.0,0.00029064
STEEM/BTC,1610842584630,2021-01-17T00:16:24.630Z,buy,5.19e-06,98.0,0.00050862
STEEM/BTC,1610842606237,2021-01-17T00:16:46.237Z,sell,5.18e-06,295.0,0.0015281000000000001
STEEM/BTC,1610842616774,2021-01-17T00:16:56.774Z,sell,5.19e-06,67.0,0.00034773000000000003
STEEM/BTC,1610842660925,2021-01-17T00:17:40.925Z,sell,5.18e-06,44.0,0.00022792000000000003
STEEM/BTC,1610842679412,2021-01-17T00:17:59.412Z,sell,5.18e-06,26.0,0.00013468
STEEM/BTC,1610842680963,2021-01-17T00:18:00.963Z,buy,5.19e-06,390.0,0.0020241
STEEM/BTC,1610842718007,2021-01-17T00:18:38.007Z,sell,5.18e-06,199.0,0.00103082
STEEM/BTC,1610842760672,2021-01-17T00:19:20.672Z,sell,5.17e-06,25.0,0.00012925
STEEM/BTC,1610842767259,2021-01-17T00:19:27.259Z,sell,5.18e-06,28.0,0.00014504
STEEM/BTC,1610842789509,2021-01-17T00:19:49.509Z,sell,5.18e-06,1268.0,0.00656824
STEEM/BTC,1610842791575,2021-01-17T00:19:51.575Z,sell,5.19e-06,2452.0,0.01272588
STEEM/BTC,1610842800901,2021-01-17T00:20:00.901Z,buy,5.19e-06,4071.0,0.02112849
STEEM/BTC,1610842802922,2021-01-17T00:20:02.922Z,sell,5.19e-06,32.0,0.00016608
STEEM/BTC,1610842810456,2021-01-17T00:20:10.456Z,buy,5.19e-06,4858.0,0.025213020000000003
STEEM/BTC,1610842819061,2021-01-17T00:20:19.061Z,buy,5.19e-06,129.0,0.00066951
STEEM/BTC,1610842819107,2021-01-17T00:20:19.107Z,buy,5.19e-06,319.0,0.00165561
STEEM/BTC,1610842822939,2021-01-17T00:20:22.939Z,sell,5.18e-06,695.0,0.0036001
STEEM/BTC,1610842823153,2021-01-17T00:20:23.153Z,sell,5.18e-06,966.0,0.0050038800000000005
STEEM/BTC,1610842824188,2021-01-17T00:20:24.188Z,sell,5.18e-06,966.0,0.0050038800000000005
STEEM/BTC,1610842824671,2021-01-17T00:20:24.671Z,sell,5.18e-06,1082.0,0.00560476
STEEM/BTC,1610842824671,2021-01-17T00:20:24.671Z,sell,5.17e-06,260.0,0.0013441999999999998
STEEM/BTC,1610842843469,2021-01-17T00:20:43.469Z,sell,5.18e-06,224.0,0.00116032
STEEM/BTC,1610842907935,2021-01-17T00:21:47.935Z,buy,5.19e-06,21.0,0.00010899000000000001
STEEM/BTC,1610842916835,2021-01-17T00:21:56.835Z,buy,5.19e-06,100.0,0.000519
STEEM/BTC,1610842918876,2021-01-17T00:21:58.876Z,sell,5.18e-06,699.0,0.0036208200000000003
STEEM/BTC,1610842919139,2021-01-17T00:21:59.139Z,sell,5.18e-06,964.0,0.00499352
STEEM/BTC,1610842919143,2021-01-17T00:21:59.143Z,sell,5.18e-06,964.0,0.00499352
STEEM/BTC,1610842920564,2021-01-17T00:22:00.564Z,sell,5.18e-06,702.0,0.0036363600000000004
STEEM/BTC,1610842922341,2021-01-17T00:22:02.341Z,sell,5.18e-06,714.0,0.0036985200000000003
STEEM/BTC,1610842923142,2021-01-17T00:22:03.142Z,sell,5.18e-06,966.0,0.0050038800000000005
STEEM/BTC,1610842923194,2021-01-17T00:22:03.194Z,sell,5.18e-06,965.0,0.0049987
STEEM/BTC,1610842925923,2021-01-17T00:22:05.923Z,sell,5.18e-06,138.0,0.00071484
STEEM/BTC,1610842925923,2021-01-17T00:22:05.923Z,sell,5.17e-06,1620.0,0.0083754
STEEM/BTC,1610842936166,2021-01-17T00:22:16.166Z,sell,5.17e-06,484.0,0.00250228
STEEM/BTC,1610842937402,2021-01-17T00:22:17.402Z,sell,5.17e-06,517.0,0.00267289
STEEM/BTC,1610843070788,2021-01-17T00:24:30.788Z,sell,5.18e-06,3094.0,0.01602692
STEEM/BTC,1610843072915,2021-01-17T00:24:32.915Z,sell,5.18e-06,43.0,0.00022274000000000003
STEEM/BTC,1610843079343,2021-01-17T00:24:39.343Z,sell,5.18e-06,542.0,0.00280756
STEEM/BTC,1610843080544,2021-01-17T00:24:40.544Z,sell,5.17e-06,1342.0,0.00693814
STEEM/BTC,1610843080916,2021-01-17T00:24:40.916Z,sell,5.17e-06,723.0,0.0037379099999999997
STEEM/BTC,1610843082223,2021-01-17T00:24:42.223Z,sell,5.17e-06,582.0,0.00300894
STEEM/BTC,1610843218144,2021-01-17T00:26:58.144Z,sell,5.18e-06,926.0,0.00479668
STEEM/BTC,1610843223143,2021-01-17T00:27:03.143Z,sell,5.18e-06,918.0,0.00475524
STEEM/BTC,1610843223163,2021-01-17T00:27:03.163Z,sell,5.18e-06,918.0,0.00475524
STEEM/BTC,1610843224088,2021-01-17T00:27:04.088Z,sell,5.18e-06,531.0,0.0027505800000000003
STEEM/BTC,1610843228153,2021-01-17T00:27:08.153Z,sell,5.17e-06,965.0,0.004989049999999999
STEEM/BTC,1610843239136,2021-01-17T00:27:19.136Z,sell,5.17e-06,919.0,0.0047512299999999995
STEEM/BTC,1610843254225,2021-01-17T00:27:34.225Z,buy,5.18e-06,169.0,0.00087542
STEEM/BTC,1610843262803,2021-01-17T00:27:42.803Z,buy,5.2e-06,633.0,0.0032916
STEEM/BTC,1610843273198,2021-01-17T00:27:53.198Z,buy,5.2e-06,173.0,0.0008996000000000001
STEEM/BTC,1610843287364,2021-01-17T00:28:07.364Z,buy,5.2e-06,1.0,5.2e-06
STEEM/BTC,1610843287364,2021-01-17T00:28:07.364Z,buy,5.21e-06,1749.0,0.00911229
STEEM/BTC,1610843315718,2021-01-17T00:28:35.718Z,sell,5.18e-06,250.0,0.0012950000000000001
STEEM/BTC,1610843319492,2021-01-17T00:28:39.492Z,buy,5.19e-06,20.0,0.0001038
STEEM/BTC,1610843322413,2021-01-17T00:28:42.413Z,sell,5.19e-06,41.0,0.00021279
STEEM/BTC,1610843325184,2021-01-17T00:28:45.184Z,buy,5.22e-06,200.0,0.001044
STEEM/BTC,1610843340739,2021-01-17T00:29:00.739Z,buy,5.22e-06,470.0,0.0024534
STEEM/BTC,1610843340739,2021-01-17T00:29:00.739Z,buy,5.23e-06,500.0,0.002615
STEEM/BTC,1610843370324,2021-01-17T00:29:30.324Z,buy,5.22e-06,54.0,0.00028188
STEEM/BTC,1610843370324,2021-01-17T00:29:30.324Z,buy,5.23e-06,145.0,0.00075835
STEEM/BTC,1610843484535,2021-01-17T00:31:24.535Z,buy,5.2e-06,234.0,0.0012168
STEEM/BTC,1610843484622,2021-01-17T00:31:24.622Z,buy,5.2e-06,295.0,0.001534
STEEM/BTC,1610843564053,2021-01-17T00:32:44.053Z,sell,5.21e-06,369.0,0.00192249
STEEM/BTC,1610843581471,2021-01-17T00:33:01.471Z,sell,5.21e-06,1857.0,0.00967497
STEEM/BTC,1610843581471,2021-01-17T00:33:01.471Z,sell,5.2e-06,52445.0,0.272714
STEEM/BTC,1610843581615,2021-01-17T00:33:01.615Z,sell,5.19e-06,43.0,0.00022317000000000002
STEEM/BTC,1610843613246,2021-01-17T00:33:33.246Z,buy,5.2e-06,2504.0,0.0130208
STEEM/BTC,1610843614151,2021-01-17T00:33:34.151Z,buy,5.2e-06,957.0,0.0049764
STEEM/BTC,1610843614185,2021-01-17T00:33:34.185Z,buy,5.2e-06,957.0,0.0049764
STEEM/BTC,1610843614870,2021-01-17T00:33:34.870Z,buy,5.2e-06,121.0,0.0006292
STEEM/BTC,1610843622828,2021-01-17T00:33:42.828Z,buy,5.2e-06,2163.0,0.0112476
STEEM/BTC,1610843623165,2021-01-17T00:33:43.165Z,buy,5.2e-06,957.0,0.0049764
STEEM/BTC,1610843627419,2021-01-17T00:33:47.419Z,buy,5.2e-06,190.0,0.000988
STEEM/BTC,1610843635201,2021-01-17T00:33:55.201Z,buy,5.2e-06,957.0,0.0049764
STEEM/BTC,1610843635246,2021-01-17T00:33:55.246Z,buy,5.2e-06,957.0,0.0049764
STEEM/BTC,1610843639109,2021-01-17T00:33:59.109Z,buy,5.2e-06,136.0,0.0007072000000000001
STEEM/BTC,1610843650840,2021-01-17T00:34:10.840Z,buy,5.2e-06,38.0,0.0001976
STEEM/BTC,1610843651779,2021-01-17T00:34:11.779Z,sell,5.18e-06,168.0,0.0008702400000000001
STEEM/BTC,1610843668922,2021-01-17T00:34:28.922Z,sell,5.19e-06,36.0,0.00018684000000000002
STEEM/BTC,1610843676054,2021-01-17T00:34:36.054Z,buy,5.2e-06,1999.0,0.010394800000000001
STEEM/BTC,1610843687508,2021-01-17T00:34:47.508Z,buy,5.2e-06,103.0,0.0005356
STEEM/BTC,1610843701970,2021-01-17T00:35:01.970Z,buy,5.2e-06,132.0,0.0006864
STEEM/BTC,1610843719582,2021-01-17T00:35:19.582Z,buy,5.2e-06,140.0,0.000728
STEEM/BTC,1610843733886,2021-01-17T00:35:33.886Z,sell,5.18e-06,871.0,0.00451178
STEEM/BTC,1610843742590,2021-01-17T00:35:42.590Z,buy,5.2e-06,3150.0,0.016380000000000002
STEEM/BTC,1610843752481,2021-01-17T00:35:52.481Z,buy,5.2e-06,125.0,0.00065
STEEM/BTC,1610843758307,2021-01-17T00:35:58.307Z,sell,5.19e-06,33.0,0.00017127
STEEM/BTC,1610843770840,2021-01-17T00:36:10.840Z,sell,5.18e-06,153.0,0.0007925400000000001
STEEM/BTC,1610843770840,2021-01-17T00:36:10.840Z,sell,5.17e-06,446.0,0.0023058199999999997
STEEM/BTC,1610843804269,2021-01-17T00:36:44.269Z,sell,5.17e-06,1071.0,0.00553707
STEEM/BTC,1610843809137,2021-01-17T00:36:49.137Z,sell,5.17e-06,580.0,0.0029985999999999997
STEEM/BTC,1610843812369,2021-01-17T00:36:52.369Z,sell,5.16e-06,6534.0,0.03371544
STEEM/BTC,1610843812369,2021-01-17T00:36:52.369Z,sell,5.15e-06,416.0,0.0021424
STEEM/BTC,1610843821517,2021-01-17T00:37:01.517Z,sell,5.17e-06,31.0,0.00016026999999999998
STEEM/BTC,1610843827780,2021-01-17T00:37:07.780Z,buy,5.17e-06,130.0,0.0006720999999999999
STEEM/BTC,1610843827793,2021-01-17T00:37:07.793Z,buy,5.17e-06,130.0,0.0006720999999999999
STEEM/BTC,1610843828151,2021-01-17T00:37:08.151Z,sell,5.15e-06,931.0,0.00479465
STEEM/BTC,1610843831569,2021-01-17T00:37:11.569Z,sell,5.15e-06,7550.0,0.0388825
STEEM/BTC,1610843832041,2021-01-17T00:37:12.041Z,buy,5.15e-06,130.0,0.0006695
STEEM/BTC,1610843832049,2021-01-17T00:37:12.049Z,buy,5.15e-06,104.0,0.0005356
STEEM/BTC,1610843836375,2021-01-17T00:37:16.375Z,buy,5.16e-06,276.0,0.0014241599999999998
STEEM/BTC,1610843840950,2021-01-17T00:37:20.950Z,sell,5.14e-06,531.0,0.00272934
STEEM/BTC,1610843842523,2021-01-17T00:37:22.523Z,sell,5.14e-06,529.0,0.00271906
STEEM/BTC,1610843844086,2021-01-17T00:37:24.086Z,sell,5.14e-06,694.0,0.0035671599999999998
STEEM/BTC,1610843844152,2021-01-17T00:37:24.152Z,sell,5.14e-06,487.0,0.00250318
STEEM/BTC,1610843845205,2021-01-17T00:37:25.205Z,sell,5.14e-06,583.0,0.0029966199999999998
STEEM/BTC,1610843845693,2021-01-17T00:37:25.693Z,sell,5.14e-06,13.0,6.682e-05
STEEM/BTC,1610843851184,2021-01-17T00:37:31.184Z,sell,5.13e-06,25.0,0.00012825
STEEM/BTC,1610843851184,2021-01-17T00:37:31.184Z,sell,5.12e-06,366.0,0.00187392
STEEM/BTC,1610843891191,2021-01-17T00:38:11.191Z,sell,5.13e-06,40.0,0.0002052
STEEM/BTC,1610843934629,2021-01-17T00:38:54.629Z,buy,5.14e-06,8785.0,0.0451549
STEEM/BTC,1610843949164,2021-01-17T00:39:09.164Z,sell,5.13e-06,37.0,0.00018981
STEEM/BTC,1610844025740,2021-01-17T00:40:25.740Z,buy,5.14e-06,1592.0,0.00818288
STEEM/BTC,1610844084517,2021-01-17T00:41:24.517Z,sell,5.14e-06,4381.0,0.02251834
STEEM/BTC,1610844088170,2021-01-17T00:41:28.170Z,sell,5.15e-06,42.0,0.0002163
STEEM/BTC,1610844119167,2021-01-17T00:41:59.167Z,buy,5.16e-06,44.0,0.00022704
STEEM/BTC,1610844153867,2021-01-17T00:42:33.867Z,sell,5.15e-06,37.0,0.00019055
STEEM/BTC,1610844205831,2021-01-17T00:43:25.831Z,sell,5.15e-06,1592.0,0.0081988
STEEM/BTC,1610844205831,2021-01-17T00:43:25.831Z,sell,5.14e-06,227.0,0.00116678
STEEM/BTC,1610844206515,2021-01-17T00:43:26.515Z,sell,5.14e-06,1366.0,0.00702124
STEEM/BTC,1610844206583,2021-01-17T00:43:26.583Z,sell,5.14e-06,2000.0,0.01028
STEEM/BTC,1610844226724,2021-01-17T00:43:46.724Z,sell,5.14e-06,33.0,0.00016962
STEEM/BTC,1610844264014,2021-01-17T00:44:24.014Z,buy,5.14e-06,1592.0,0.00818288
STEEM/BTC,1610844278024,2021-01-17T00:44:38.024Z,buy,5.15e-06,340.0,0.001751
STEEM/BTC,1610844290943,2021-01-17T00:44:50.943Z,buy,5.15e-06,76.0,0.00039139999999999997
STEEM/BTC,1610844290977,2021-01-17T00:44:50.977Z,sell,5.14e-06,39.0,0.00020046
STEEM/BTC,1610844295274,2021-01-17T00:44:55.274Z,sell,5.13e-06,22.0,0.00011286
STEEM/BTC,1610844324140,2021-01-17T00:45:24.140Z,sell,5.13e-06,99.0,0.00050787
STEEM/BTC,1610844387547,2021-01-17T00:46:27.547Z,buy,5.14e-06,1505.0,0.0077357
STEEM/BTC,1610844396548,2021-01-17T00:46:36.548Z,buy,5.14e-06,121.0,0.00062194
STEEM/BTC,1610844396548,2021-01-17T00:46:36.548Z,buy,5.15e-06,84.0,0.0004326
STEEM/BTC,1610844400603,2021-01-17T00:46:40.603Z,sell,5.14e-06,32.0,0.00016448
STEEM/BTC,1610844491235,2021-01-17T00:48:11.235Z,sell,5.14e-06,41.0,0.00021074
STEEM/BTC,1610844548205,2021-01-17T00:49:08.205Z,sell,5.13e-06,199.0,0.0010208700000000001
STEEM/BTC,1610844553146,2021-01-17T00:49:13.146Z,sell,5.13e-06,194.0,0.00099522
STEEM/BTC,1610844553148,2021-01-17T00:49:13.148Z,sell,5.13e-06,973.0,0.00499149
STEEM/BTC,1610844563064,2021-01-17T00:49:23.064Z,sell,5.13e-06,105.0,0.00053865
STEEM/BTC,1610844563064,2021-01-17T00:49:23.064Z,sell,5.12e-06,135.0,0.0006912
STEEM/BTC,1610844564147,2021-01-17T00:49:24.147Z,sell,5.13e-06,121.0,0.00062073
STEEM/BTC,1610844565642,2021-01-17T00:49:25.642Z,buy,5.13e-06,161.0,0.00082593
STEEM/BTC,1610844600090,2021-01-17T00:50:00.090Z,sell,5.14e-06,29.0,0.00014905999999999999
STEEM/BTC,1610844803135,2021-01-17T00:53:23.135Z,sell,5.13e-06,33.0,0.00016929
STEEM/BTC,1610844823250,2021-01-17T00:53:43.250Z,buy,5.13e-06,291.0,0.0014928300000000001
STEEM/BTC,1610844836943,2021-01-17T00:53:56.943Z,buy,5.13e-06,105.0,0.00053865
STEEM/BTC,1610844853128,2021-01-17T00:54:13.128Z,buy,5.13e-06,152.0,0.00077976
STEEM/BTC,1610844853128,2021-01-17T00:54:13.128Z,buy,5.13e-06,152.0,0.00077976
STEEM/BTC,1610844930641,2021-01-17T00:55:30.641Z,sell,5.12e-06,5.0,2.56e-05
STEEM/BTC,1610844940044,2021-01-17T00:55:40.044Z,sell,5.11e-06,15.0,7.665e-05
STEEM/BTC,1610844940044,2021-01-17T00:55:40.044Z,sell,5.1e-06,528.0,0.0026928
STEEM/BTC,1610844940089,2021-01-17T00:55:40.089Z,buy,5.11e-06,37.0,0.00018907
STEEM/BTC,1610844948461,2021-01-17T00:55:48.461Z,buy,5.11e-06,709.0,0.00362299
STEEM/BTC,1610844949147,2021-01-17T00:55:49.147Z,buy,5.11e-06,974.0,0.0049771400000000006
STEEM/BTC,1610844952178,2021-01-17T00:55:52.178Z,buy,5.12e-06,974.0,0.00498688
STEEM/BTC,1610844953138,2021-01-17T00:55:53.138Z,buy,5.12e-06,294.0,0.0015052800000000001
STEEM/BTC,1610844953148,2021-01-17T00:55:53.148Z,buy,5.12e-06,294.0,0.0015052800000000001
STEEM/BTC,1610844956160,2021-01-17T00:55:56.160Z,buy,5.12e-06,587.0,0.00300544
STEEM/BTC,1610844958185,2021-01-17T00:55:58.185Z,buy,5.12e-06,974.0,0.00498688
STEEM/BTC,1610844962202,2021-01-17T00:56:02.202Z,buy,5.12e-06,254.0,0.0013004800000000001
STEEM/BTC,1610844962395,2021-01-17T00:56:02.395Z,buy,5.12e-06,14621.0,0.07485952
STEEM/BTC,1610844965679,2021-01-17T00:56:05.679Z,sell,5.13e-06,286.0,0.00146718
STEEM/BTC,1610844997845,2021-01-17T00:56:37.845Z,buy,5.14e-06,547.0,0.00281158
STEEM/BTC,1610844999184,2021-01-17T00:56:39.184Z,buy,5.14e-06,195.0,0.0010023
STEEM/BTC,1610845055137,2021-01-17T00:57:35.137Z,buy,5.14e-06,91.0,0.00046774
STEEM/BTC,1610845055137,2021-01-17T00:57:35.137Z,buy,5.15e-06,876.0,0.0045114
STEEM/BTC,1610845055142,2021-01-17T00:57:35.142Z,buy,5.15e-06,967.0,0.00498005
STEEM/BTC,1610845079973,2021-01-17T00:57:59.973Z,sell,5.14e-06,924.0,0.00474936
STEEM/BTC,1610845079985,2021-01-17T00:57:59.985Z,sell,5.14e-06,668.0,0.00343352
STEEM/BTC,1610845080005,2021-01-17T00:58:00.005Z,sell,5.13e-06,668.0,0.00342684
STEEM/BTC,1610845085664,2021-01-17T00:58:05.664Z,buy,5.13e-06,34.0,0.00017442
STEEM/BTC,1610845087054,2021-01-17T00:58:07.054Z,sell,5.12e-06,20.0,0.0001024
STEEM/BTC,1610845087054,2021-01-17T00:58:07.054Z,sell,5.11e-06,330.0,0.0016863000000000002
STEEM/BTC,1610845118859,2021-01-17T00:58:38.859Z,sell,5.11e-06,18595.0,0.09502045
STEEM/BTC,1610845118864,2021-01-17T00:58:38.864Z,sell,5.11e-06,1800.0,0.009198
STEEM/BTC,1610845118865,2021-01-17T00:58:38.865Z,sell,5.11e-06,1349.0,0.00689339
STEEM/BTC,1610845120562,2021-01-17T00:58:40.562Z,sell,5.11e-06,3300.0,0.016863
STEEM/BTC,1610845123535,2021-01-17T00:58:43.535Z,sell,5.11e-06,650.0,0.0033215000000000002
STEEM/BTC,1610845127211,2021-01-17T00:58:47.211Z,buy,5.11e-06,21.0,0.00010731
STEEM/BTC,1610845127211,2021-01-17T00:58:47.211Z,buy,5.12e-06,67.0,0.00034304
STEEM/BTC,1610845159145,2021-01-17T00:59:19.145Z,buy,5.13e-06,583.0,0.00299079
STEEM/BTC,1610845225762,2021-01-17T01:00:25.762Z,sell,5.12e-06,29.0,0.00014848000000000001
STEEM/BTC,1610845268197,2021-01-17T01:01:08.197Z,buy,5.13e-06,40.0,0.0002052
STEEM/BTC,1610845268197,2021-01-17T01:01:08.197Z,buy,5.14e-06,25029.0,0.12864906
STEEM/BTC,1610845277065,2021-01-17T01:01:17.065Z,buy,5.14e-06,708.0,0.00363912
STEEM/BTC,1610845318693,2021-01-17T01:01:58.693Z,buy,5.17e-06,25.0,0.00012925
STEEM/BTC,1610845345529,2021-01-17T01:02:25.529Z,buy,5.15e-06,42.0,0.0002163
STEEM/BTC,1610845376058,2021-01-17T01:02:56.058Z,buy,5.15e-06,237.0,0.00122055
STEEM/BTC,1610845408137,2021-01-17T01:03:28.137Z,buy,5.15e-06,687.0,0.00353805
STEEM/BTC,1610845475985,2021-01-17T01:04:35.985Z,buy,5.18e-06,20.0,0.00010360000000000001
STEEM/BTC,1610845494736,2021-01-17T01:04:54.736Z,sell,5.15e-06,719.0,0.0037028499999999997
STEEM/BTC,1610845495161,2021-01-17T01:04:55.161Z,sell,5.15e-06,584.0,0.0030076
STEEM/BTC,1610845495215,2021-01-17T01:04:55.215Z,sell,5.15e-06,64.0,0.0003296
STEEM/BTC,1610845495247,2021-01-17T01:04:55.247Z,buy,5.15e-06,105.0,0.00054075
STEEM/BTC,1610845506237,2021-01-17T01:05:06.237Z,buy,5.15e-06,415.0,0.00213725
STEEM/BTC,1610845519963,2021-01-17T01:05:19.963Z,sell,5.16e-06,39.0,0.00020124
STEEM/BTC,1610845523504,2021-01-17T01:05:23.504Z,buy,5.17e-06,415.0,0.00214555
STEEM/BTC,1610845529678,2021-01-17T01:05:29.678Z,buy,5.19e-06,25.0,0.00012975
STEEM/BTC,1610845532841,2021-01-17T01:05:32.841Z,buy,5.2e-06,81.0,0.0004212
STEEM/BTC,1610845570971,2021-01-17T01:06:10.971Z,buy,5.22e-06,24.0,0.00012528
STEEM/BTC,1610845583149,2021-01-17T01:06:23.149Z,buy,5.22e-06,1.0,5.22e-06
STEEM/BTC,1610845583149,2021-01-17T01:06:23.149Z,buy,5.24e-06,571.0,0.00299204
STEEM/BTC,1610845583196,2021-01-17T01:06:23.196Z,buy,5.24e-06,28.0,0.00014672
STEEM/BTC,1610845585739,2021-01-17T01:06:25.739Z,sell,5.24e-06,80.0,0.0004192
STEEM/BTC,1610845595607,2021-01-17T01:06:35.607Z,sell,5.24e-06,114.0,0.00059736
STEEM/BTC,1610845595697,2021-01-17T01:06:35.697Z,sell,5.24e-06,146.0,0.0007650399999999999
STEEM/BTC,1610845602451,2021-01-17T01:06:42.451Z,sell,5.24e-06,18886.0,0.09896263999999999
STEEM/BTC,1610845605050,2021-01-17T01:06:45.050Z,buy,5.24e-06,685.0,0.0035894
STEEM/BTC,1610845606026,2021-01-17T01:06:46.026Z,buy,5.24e-06,7615.0,0.039902599999999996
STEEM/BTC,1610845610868,2021-01-17T01:06:50.868Z,buy,5.24e-06,13346.0,0.06993304
STEEM/BTC,1610845619596,2021-01-17T01:06:59.596Z,sell,5.21e-06,479.0,0.0024955900000000002
STEEM/BTC,1610845619596,2021-01-17T01:06:59.596Z,sell,5.2e-06,2471.0,0.0128492
STEEM/BTC,1610845636195,2021-01-17T01:07:16.195Z,buy,5.2e-06,575.0,0.00299
STEEM/BTC,1610845636224,2021-01-17T01:07:16.224Z,buy,5.2e-06,41.0,0.0002132
STEEM/BTC,1610845669392,2021-01-17T01:07:49.392Z,buy,5.21e-06,4419.0,0.02302299
STEEM/BTC,1610845671019,2021-01-17T01:07:51.019Z,buy,5.21e-06,200.0,0.001042
STEEM/BTC,1610845672005,2021-01-17T01:07:52.005Z,buy,5.21e-06,200.0,0.001042
STEEM/BTC,1610845672228,2021-01-17T01:07:52.228Z,buy,5.21e-06,423.0,0.00220383
STEEM/BTC,1610845678630,2021-01-17T01:07:58.630Z,sell,5.2e-06,534.0,0.0027768000000000003
STEEM/BTC,1610845679840,2021-01-17T01:07:59.840Z,sell,5.2e-06,41.0,0.0002132
STEEM/BTC,1610845810229,2021-01-17T01:10:10.229Z,sell,5.2e-06,288.0,0.0014976
STEEM/BTC,1610845817098,2021-01-17T01:10:17.098Z,sell,5.2e-06,3106.0,0.0161512
STEEM/BTC,1610845921306,2021-01-17T01:12:01.306Z,buy,5.23e-06,113.0,0.00059099
STEEM/BTC,1610845922605,2021-01-17T01:12:02.605Z,buy,5.23e-06,134.0,0.00070082
STEEM/BTC,1610845935920,2021-01-17T01:12:15.920Z,buy,5.23e-06,15469.0,0.08090287
STEEM/BTC,1610845936068,2021-01-17T01:12:16.068Z,buy,5.21e-06,40.0,0.0002084
STEEM/BTC,1610845945240,2021-01-17T01:12:25.240Z,buy,5.23e-06,172.0,0.00089956
STEEM/BTC,1610845957376,2021-01-17T01:12:37.376Z,buy,5.23e-06,148.0,0.00077404
STEEM/BTC,1610846005921,2021-01-17T01:13:25.921Z,buy,5.22e-06,20.0,0.0001044
STEEM/BTC,1610846052941,2021-01-17T01:14:12.941Z,sell,5.22e-06,41.0,0.00021402
STEEM/BTC,1610846168464,2021-01-17T01:16:08.464Z,buy,5.21e-06,36.0,0.00018756
STEEM/BTC,1610846374362,2021-01-17T01:19:34.362Z,sell,5.2e-06,4855.0,0.025246
STEEM/BTC,1610846374388,2021-01-17T01:19:34.388Z,buy,5.19e-06,40.0,0.0002076
STEEM/BTC,1610846383558,2021-01-17T01:19:43.558Z,buy,5.2e-06,1723.0,0.0089596
STEEM/BTC,1610846391741,2021-01-17T01:19:51.741Z,buy,5.21e-06,7400.0,0.038554
STEEM/BTC,1610846392311,2021-01-17T01:19:52.311Z,buy,5.21e-06,708.0,0.00368868
STEEM/BTC,1610846393138,2021-01-17T01:19:53.138Z,buy,5.21e-06,956.0,0.00498076
STEEM/BTC,1610846393176,2021-01-17T01:19:53.176Z,buy,5.21e-06,956.0,0.00498076
STEEM/BTC,1610846393904,2021-01-17T01:19:53.904Z,buy,5.21e-06,689.0,0.00358969
STEEM/BTC,1610846395523,2021-01-17T01:19:55.523Z,buy,5.21e-06,708.0,0.00368868
STEEM/BTC,1610846397094,2021-01-17T01:19:57.094Z,buy,5.21e-06,704.0,0.00366784
STEEM/BTC,1610846398641,2021-01-17T01:19:58.641Z,buy,5.21e-06,710.0,0.0036991
STEEM/BTC,1610846398714,2021-01-17T01:19:58.714Z,buy,5.21e-06,13828.0,0.07204388
STEEM/BTC,1610846398727,2021-01-17T01:19:58.727Z,sell,5.21e-06,191.0,0.00099511
STEEM/BTC,1610846445072,2021-01-17T01:20:45.072Z,sell,5.22e-06,52.0,0.00027144
STEEM/BTC,1610846523904,2021-01-17T01:22:03.904Z,buy,5.21e-06,39.0,0.00020319
STEEM/BTC,1610846526137,2021-01-17T01:22:06.137Z,sell,5.21e-06,956.0,0.00498076
STEEM/BTC,1610846526889,2021-01-17T01:22:06.889Z,buy,5.23e-06,1278.0,0.00668394
STEEM/BTC,1610846527424,2021-01-17T01:22:07.424Z,buy,5.23e-06,160.0,0.0008368
STEEM/BTC,1610846558423,2021-01-17T01:22:38.423Z,buy,5.23e-06,387.0,0.00202401
STEEM/BTC,1610846567112,2021-01-17T01:22:47.112Z,buy,5.23e-06,476.0,0.00248948
STEEM/BTC,1610846567216,2021-01-17T01:22:47.216Z,buy,5.23e-06,45.0,0.00023535
STEEM/BTC,1610846598408,2021-01-17T01:23:18.408Z,buy,5.25e-06,129.0,0.00067725
STEEM/BTC,1610846642835,2021-01-17T01:24:02.835Z,sell,5.24e-06,46.0,0.00024103999999999998
STEEM/BTC,1610846642910,2021-01-17T01:24:02.910Z,buy,5.25e-06,346.0,0.0018165
STEEM/BTC,1610846695394,2021-01-17T01:24:55.394Z,sell,5.23e-06,1653.0,0.00864519
STEEM/BTC,1610846704136,2021-01-17T01:25:04.136Z,sell,5.24e-06,34.0,0.00017816
STEEM/BTC,1610846807267,2021-01-17T01:26:47.267Z,buy,5.24e-06,2132.0,0.01117168
STEEM/BTC,1610846982117,2021-01-17T01:29:42.117Z,buy,5.22e-06,62.0,0.00032364
STEEM/BTC,1610847026151,2021-01-17T01:30:26.151Z,buy,5.22e-06,289.0,0.00150858
STEEM/BTC,1610847092911,2021-01-17T01:31:32.911Z,buy,5.21e-06,32.0,0.00016672
STEEM/BTC,1610847260264,2021-01-17T01:34:20.264Z,sell,5.21e-06,20.0,0.0001042
STEEM/BTC,1610847260264,2021-01-17T01:34:20.264Z,sell,5.2e-06,802.0,0.0041704
STEEM/BTC,1610847373590,2021-01-17T01:36:13.590Z,buy,5.23e-06,9000.0,0.04707
STEEM/BTC,1610847382471,2021-01-17T01:36:22.471Z,buy,5.24e-06,280.0,0.0014671999999999999
STEEM/BTC,1610847382471,2021-01-17T01:36:22.471Z,buy,5.25e-06,220.0,0.001155
STEEM/BTC,1610847383526,2021-01-17T01:36:23.526Z,sell,5.22e-06,29.0,0.00015138
STEEM/BTC,1610847448139,2021-01-17T01:37:28.139Z,sell,5.22e-06,961.0,0.00501642
STEEM/BTC,1610847448142,2021-01-17T01:37:28.142Z,sell,5.22e-06,955.0,0.0049851
STEEM/BTC,1610847448342,2021-01-17T01:37:28.342Z,sell,5.22e-06,697.0,0.00363834
STEEM/BTC,1610847449033,2021-01-17T01:37:29.033Z,sell,5.22e-06,5068.0,0.02645496
STEEM/BTC,1610847449151,2021-01-17T01:37:29.151Z,sell,5.22e-06,961.0,0.00501642
STEEM/BTC,1610847454804,2021-01-17T01:37:34.804Z,sell,5.22e-06,152.0,0.00079344
STEEM/BTC,1610847465109,2021-01-17T01:37:45.109Z,sell,5.22e-06,289.0,0.00150858
STEEM/BTC,1610847474845,2021-01-17T01:37:54.845Z,sell,5.22e-06,137.0,0.00071514
STEEM/BTC,1610847474960,2021-01-17T01:37:54.960Z,sell,5.22e-06,682.0,0.00356004
STEEM/BTC,1610847476346,2021-01-17T01:37:56.346Z,sell,5.2e-06,220.0,0.001144
STEEM/BTC,1610847608458,2021-01-17T01:40:08.458Z,buy,5.22e-06,530.0,0.0027666
STEEM/BTC,1610847608488,2021-01-17T01:40:08.488Z,buy,5.21e-06,38.0,0.00019798
STEEM/BTC,1610847869415,2021-01-17T01:44:29.415Z,buy,5.21e-06,39.0,0.00020319
STEEM/BTC,1610847933052,2021-01-17T01:45:33.052Z,buy,5.21e-06,247.0,0.00128687
STEEM/BTC,1610848030169,2021-01-17T01:47:10.169Z,buy,5.22e-06,53.0,0.00027666
STEEM/BTC,1610848154387,2021-01-17T01:49:14.387Z,buy,5.22e-06,31.0,0.00016182
