symbol,timestamp,datetime,side,price,amount,btc_volume
VIB/BTC,1630688633855,2021-09-03T17:03:53.855Z,sell,1.32e-06,53879.0,0.07112028000000001
VIB/BTC,1630688709722,2021-09-03T17:05:09.722Z,buy,1.33e-06,1463.0,0.00194579
VIB/BTC,1630688827817,2021-09-03T17:07:07.817Z,buy,1.33e-06,4213.0,0.0056032899999999995
VIB/BTC,1630688832188,2021-09-03T17:07:12.188Z,sell,1.32e-06,9910.0,0.013081200000000001
VIB/BTC,1630688859410,2021-09-03T17:07:39.410Z,buy,1.33e-06,1446.0,0.00192318
VIB/BTC,1630688861718,2021-09-03T17:07:41.718Z,sell,1.32e-06,20000.0,0.0264
VIB/BTC,1630688865822,2021-09-03T17:07:45.822Z,sell,1.32e-06,80.0,0.0001056
VIB/BTC,1630688899853,2021-09-03T17:08:19.853Z,buy,1.33e-06,170.0,0.0002261
VIB/BTC,1630688903183,2021-09-03T17:08:23.183Z,sell,1.32e-06,6000.0,0.00792
VIB/BTC,1630688911809,2021-09-03T17:08:31.809Z,buy,1.33e-06,5554.0,0.00738682
VIB/BTC,1630688911809,2021-09-03T17:08:31.809Z,buy,1.34e-06,410.0,0.0005494
VIB/BTC,1630688973907,2021-09-03T17:09:33.907Z,buy,1.34e-06,374.0,0.0005011600000000001
VIB/BTC,1630689164438,2021-09-03T17:12:44.438Z,buy,1.34e-06,106.0,0.00014204000000000002
VIB/BTC,1630689217478,2021-09-03T17:13:37.478Z,sell,1.32e-06,161.0,0.00021252
VIB/BTC,1630689325427,2021-09-03T17:15:25.427Z,sell,1.32e-06,1000.0,0.00132
VIB/BTC,1630689338072,2021-09-03T17:15:38.072Z,sell,1.32e-06,80.0,0.0001056
VIB/BTC,1630689372748,2021-09-03T17:16:12.748Z,buy,1.34e-06,6277.0,0.00841118
VIB/BTC,1630689418535,2021-09-03T17:16:58.535Z,sell,1.33e-06,42941.0,0.05711153
VIB/BTC,1630689465830,2021-09-03T17:17:45.830Z,sell,1.33e-06,100.0,0.000133
VIB/BTC,1630689546187,2021-09-03T17:19:06.187Z,sell,1.33e-06,6267.0,0.00833511
VIB/BTC,1630689770815,2021-09-03T17:22:50.815Z,sell,1.33e-06,23888.0,0.03177104
VIB/BTC,1630689915656,2021-09-03T17:25:15.656Z,buy,1.34e-06,192.0,0.00025728000000000003
VIB/BTC,1630690020681,2021-09-03T17:27:00.681Z,buy,1.34e-06,100.0,0.000134
VIB/BTC,1630690121812,2021-09-03T17:28:41.812Z,sell,1.33e-06,175.0,0.00023275
VIB/BTC,1630690133987,2021-09-03T17:28:53.987Z,sell,1.33e-06,20976.0,0.02789808
VIB/BTC,1630690208535,2021-09-03T17:30:08.535Z,sell,1.33e-06,452.0,0.00060116
VIB/BTC,1630690211580,2021-09-03T17:30:11.580Z,buy,1.34e-06,1717.0,0.00230078
VIB/BTC,1630690248168,2021-09-03T17:30:48.168Z,buy,1.34e-06,80.0,0.0001072
VIB/BTC,1630690386253,2021-09-03T17:33:06.253Z,sell,1.33e-06,324.0,0.00043092
VIB/BTC,1630690792518,2021-09-03T17:39:52.518Z,sell,1.33e-06,265.0,0.00035245
VIB/BTC,1630690949180,2021-09-03T17:42:29.180Z,buy,1.34e-06,13940.0,0.0186796
VIB/BTC,1630690949180,2021-09-03T17:42:29.180Z,buy,1.35e-06,251834.0,0.3399759
VIB/BTC,1630690949180,2021-09-03T17:42:29.180Z,buy,1.36e-06,260062.0,0.35368432
VIB/BTC,1630690950273,2021-09-03T17:42:30.273Z,buy,1.35e-06,3229.0,0.00435915
VIB/BTC,1630690950310,2021-09-03T17:42:30.310Z,sell,1.35e-06,791.0,0.00106785
VIB/BTC,1630690951061,2021-09-03T17:42:31.061Z,sell,1.35e-06,450.0,0.0006075
VIB/BTC,1630690954109,2021-09-03T17:42:34.109Z,sell,1.34e-06,4918.0,0.0065901200000000005
VIB/BTC,1630690957941,2021-09-03T17:42:37.941Z,sell,1.34e-06,4566.0,0.00611844
VIB/BTC,1630691009210,2021-09-03T17:43:29.210Z,buy,1.35e-06,3572.0,0.0048222
VIB/BTC,1630691019865,2021-09-03T17:43:39.865Z,buy,1.35e-06,623.0,0.00084105
VIB/BTC,1630691060199,2021-09-03T17:44:20.199Z,sell,1.34e-06,546.0,0.0007316400000000001
VIB/BTC,1630691078420,2021-09-03T17:44:38.420Z,buy,1.35e-06,75.0,0.00010125
VIB/BTC,1630691256307,2021-09-03T17:47:36.307Z,sell,1.34e-06,265.0,0.0003551
VIB/BTC,1630691296948,2021-09-03T17:48:16.948Z,buy,1.35e-06,1018.0,0.0013743
VIB/BTC,1630691312400,2021-09-03T17:48:32.400Z,sell,1.35e-06,226.0,0.0003051
VIB/BTC,1630691373843,2021-09-03T17:49:33.843Z,sell,1.35e-06,335.0,0.00045225
VIB/BTC,1630691503294,2021-09-03T17:51:43.294Z,buy,1.36e-06,75.0,0.00010199999999999999
VIB/BTC,1630691556461,2021-09-03T17:52:36.461Z,sell,1.35e-06,79.0,0.00010665
VIB/BTC,1630691780123,2021-09-03T17:56:20.123Z,buy,1.36e-06,75.0,0.00010199999999999999
VIB/BTC,1630691880101,2021-09-03T17:58:00.101Z,buy,1.36e-06,74.0,0.00010064
VIB/BTC,1630691883956,2021-09-03T17:58:03.956Z,sell,1.35e-06,8901.0,0.01201635
VIB/BTC,1630691915459,2021-09-03T17:58:35.459Z,sell,1.34e-06,198.0,0.00026532000000000004
VIB/BTC,1630691920447,2021-09-03T17:58:40.447Z,buy,1.35e-06,149.0,0.00020115
VIB/BTC,1630691926656,2021-09-03T17:58:46.656Z,sell,1.34e-06,697.0,0.00093398
VIB/BTC,1630691926656,2021-09-03T17:58:46.656Z,sell,1.34e-06,697.0,0.00093398
VIB/BTC,1630692004343,2021-09-03T18:00:04.343Z,buy,1.35e-06,7407.0,0.00999945
VIB/BTC,1630692065579,2021-09-03T18:01:05.579Z,sell,1.34e-06,452.0,0.00060568
VIB/BTC,1630692074471,2021-09-03T18:01:14.471Z,sell,1.34e-06,591.0,0.0007919400000000001
VIB/BTC,1630692131209,2021-09-03T18:02:11.209Z,buy,1.35e-06,90.0,0.0001215
VIB/BTC,1630692478019,2021-09-03T18:07:58.019Z,sell,1.34e-06,265.0,0.0003551
VIB/BTC,1630692962068,2021-09-03T18:16:02.068Z,sell,1.34e-06,328.0,0.00043952000000000005
VIB/BTC,1630693311219,2021-09-03T18:21:51.219Z,sell,1.34e-06,156.0,0.00020904000000000002
VIB/BTC,1630693340878,2021-09-03T18:22:20.878Z,sell,1.34e-06,412.0,0.00055208
VIB/BTC,1630693712014,2021-09-03T18:28:32.014Z,buy,1.35e-06,876.0,0.0011826
VIB/BTC,1630693812835,2021-09-03T18:30:12.835Z,sell,1.34e-06,78.0,0.00010452000000000001
VIB/BTC,1630694021849,2021-09-03T18:33:41.849Z,sell,1.34e-06,5666.0,0.007592440000000001
VIB/BTC,1630694105787,2021-09-03T18:35:05.787Z,sell,1.34e-06,1247.0,0.00167098
VIB/BTC,1630694934476,2021-09-03T18:48:54.476Z,sell,1.34e-06,627.0,0.00084018
VIB/BTC,1630694937791,2021-09-03T18:48:57.791Z,sell,1.34e-06,11707.0,0.01568738
VIB/BTC,1630694953480,2021-09-03T18:49:13.480Z,sell,1.34e-06,11074.0,0.01483916
VIB/BTC,1630694958687,2021-09-03T18:49:18.687Z,buy,1.35e-06,2176.0,0.0029376
VIB/BTC,1630694973409,2021-09-03T18:49:33.409Z,buy,1.35e-06,7075.0,0.00955125
VIB/BTC,1630694987787,2021-09-03T18:49:47.787Z,buy,1.35e-06,1179.0,0.00159165
VIB/BTC,1630694987787,2021-09-03T18:49:47.787Z,buy,1.35e-06,1179.0,0.00159165
VIB/BTC,1630695734324,2021-09-03T19:02:14.324Z,buy,1.35e-06,95.0,0.00012825
VIB/BTC,1630695889454,2021-09-03T19:04:49.454Z,buy,1.35e-06,30921.0,0.04174335
VIB/BTC,1630696240774,2021-09-03T19:10:40.774Z,sell,1.35e-06,11628.0,0.0156978
VIB/BTC,1630696562853,2021-09-03T19:16:02.853Z,sell,1.35e-06,781.0,0.00105435
VIB/BTC,1630696838937,2021-09-03T19:20:38.937Z,sell,1.35e-06,433.0,0.00058455
VIB/BTC,1630696955578,2021-09-03T19:22:35.578Z,buy,1.36e-06,38749.0,0.05269864
VIB/BTC,1630696955578,2021-09-03T19:22:35.578Z,buy,1.37e-06,12470.0,0.0170839
VIB/BTC,1630696955578,2021-09-03T19:22:35.578Z,buy,1.37e-06,3388.0,0.00464156
VIB/BTC,1630696955984,2021-09-03T19:22:35.984Z,buy,1.37e-06,164.0,0.00022468
VIB/BTC,1630696957615,2021-09-03T19:22:37.615Z,buy,1.37e-06,74.0,0.00010138
VIB/BTC,1630696973200,2021-09-03T19:22:53.200Z,sell,1.36e-06,160.0,0.00021759999999999998
VIB/BTC,1630696998727,2021-09-03T19:23:18.727Z,buy,1.37e-06,150.0,0.0002055
VIB/BTC,1630697051962,2021-09-03T19:24:11.962Z,sell,1.36e-06,2676.0,0.00363936
VIB/BTC,1630697127308,2021-09-03T19:25:27.308Z,buy,1.37e-06,169578.0,0.23232186
VIB/BTC,1630697130470,2021-09-03T19:25:30.470Z,sell,1.36e-06,722.0,0.0009819199999999998
VIB/BTC,1630697340765,2021-09-03T19:29:00.765Z,buy,1.37e-06,3482.0,0.00477034
VIB/BTC,1630697386511,2021-09-03T19:29:46.511Z,buy,1.37e-06,4176.0,0.00572112
VIB/BTC,1630697393297,2021-09-03T19:29:53.297Z,sell,1.36e-06,1454.0,0.00197744
VIB/BTC,1630697393297,2021-09-03T19:29:53.297Z,sell,1.35e-06,2025.0,0.00273375
VIB/BTC,1630697393799,2021-09-03T19:29:53.799Z,sell,1.35e-06,224.0,0.0003024
VIB/BTC,1630697393855,2021-09-03T19:29:53.855Z,sell,1.35e-06,158.0,0.0002133
VIB/BTC,1630697541187,2021-09-03T19:32:21.187Z,sell,1.36e-06,74.0,0.00010064
VIB/BTC,1630697659573,2021-09-03T19:34:19.573Z,sell,1.36e-06,1000.0,0.0013599999999999999
VIB/BTC,1630697696535,2021-09-03T19:34:56.535Z,sell,1.36e-06,623.0,0.00084728
VIB/BTC,1630697708229,2021-09-03T19:35:08.229Z,buy,1.37e-06,4380.0,0.0060006
VIB/BTC,1630697735848,2021-09-03T19:35:35.848Z,buy,1.37e-06,10225.0,0.01400825
VIB/BTC,1630697970008,2021-09-03T19:39:30.008Z,buy,1.37e-06,74.0,0.00010138
VIB/BTC,1630697972939,2021-09-03T19:39:32.939Z,buy,1.37e-06,3438.0,0.00471006
VIB/BTC,1630698369574,2021-09-03T19:46:09.574Z,buy,1.37e-06,783.0,0.00107271
VIB/BTC,1630698406527,2021-09-03T19:46:46.527Z,buy,1.37e-06,145.0,0.00019865
VIB/BTC,1630698482116,2021-09-03T19:48:02.116Z,buy,1.37e-06,209.0,0.00028633
VIB/BTC,1630698509053,2021-09-03T19:48:29.053Z,buy,1.37e-06,78655.0,0.10775735
VIB/BTC,1630698516622,2021-09-03T19:48:36.622Z,sell,1.36e-06,48657.0,0.06617352
VIB/BTC,1630698525156,2021-09-03T19:48:45.156Z,buy,1.37e-06,48322.0,0.06620114
VIB/BTC,1630698557329,2021-09-03T19:49:17.329Z,buy,1.37e-06,24555.0,0.03364035
VIB/BTC,1630698557329,2021-09-03T19:49:17.329Z,buy,1.37e-06,24555.0,0.03364035
VIB/BTC,1630698653397,2021-09-03T19:50:53.397Z,buy,1.37e-06,146.0,0.00020002
VIB/BTC,1630698657094,2021-09-03T19:50:57.094Z,buy,1.37e-06,9770.0,0.0133849
VIB/BTC,1630698657094,2021-09-03T19:50:57.094Z,buy,1.38e-06,423.0,0.00058374
VIB/BTC,1630698662283,2021-09-03T19:51:02.283Z,sell,1.37e-06,360.0,0.0004932
VIB/BTC,1630698662936,2021-09-03T19:51:02.936Z,sell,1.36e-06,373.0,0.0005072799999999999
VIB/BTC,1630698675716,2021-09-03T19:51:15.716Z,sell,1.37e-06,365.0,0.00050005
VIB/BTC,1630698683040,2021-09-03T19:51:23.040Z,sell,1.36e-06,263.0,0.00035768
VIB/BTC,1630698826593,2021-09-03T19:53:46.593Z,sell,1.36e-06,757.0,0.00102952
VIB/BTC,1630698840208,2021-09-03T19:54:00.208Z,buy,1.37e-06,8.0,1.096e-05
VIB/BTC,1630698840217,2021-09-03T19:54:00.217Z,sell,1.37e-06,157.0,0.00021509
VIB/BTC,1630698990457,2021-09-03T19:56:30.457Z,buy,1.37e-06,277.0,0.00037949
VIB/BTC,1630699020741,2021-09-03T19:57:00.741Z,sell,1.36e-06,765.0,0.0010404
VIB/BTC,1630699216779,2021-09-03T20:00:16.779Z,buy,1.37e-06,9323.0,0.01277251
VIB/BTC,1630699302000,2021-09-03T20:01:42.000Z,sell,1.36e-06,144.0,0.00019584
VIB/BTC,1630699337507,2021-09-03T20:02:17.507Z,buy,1.37e-06,98.0,0.00013426
VIB/BTC,1630699534704,2021-09-03T20:05:34.704Z,buy,1.37e-06,6000.0,0.00822
VIB/BTC,1630699580631,2021-09-03T20:06:20.631Z,sell,1.36e-06,43222.0,0.058781919999999994
VIB/BTC,1630699582971,2021-09-03T20:06:22.971Z,buy,1.37e-06,26766.0,0.03666942
VIB/BTC,1630699628896,2021-09-03T20:07:08.896Z,buy,1.37e-06,616.0,0.00084392
VIB/BTC,1630699725156,2021-09-03T20:08:45.156Z,sell,1.36e-06,2596.0,0.00353056
VIB/BTC,1630700520631,2021-09-03T20:22:00.631Z,buy,1.38e-06,42922.0,0.05923236
VIB/BTC,1630700522070,2021-09-03T20:22:02.070Z,sell,1.37e-06,4370.0,0.0059869
VIB/BTC,1630700530145,2021-09-03T20:22:10.145Z,buy,1.38e-06,74.0,0.00010211999999999999
VIB/BTC,1630700539598,2021-09-03T20:22:19.598Z,sell,1.37e-06,18041.0,0.02471617
VIB/BTC,1630700542749,2021-09-03T20:22:22.749Z,sell,1.37e-06,18041.0,0.02471617
VIB/BTC,1630700726454,2021-09-03T20:25:26.454Z,buy,1.38e-06,4329.0,0.00597402
VIB/BTC,1630700770857,2021-09-03T20:26:10.857Z,sell,1.37e-06,171.0,0.00023427
VIB/BTC,1630700785041,2021-09-03T20:26:25.041Z,sell,1.37e-06,74.0,0.00010138
VIB/BTC,1630700845849,2021-09-03T20:27:25.849Z,sell,1.37e-06,2030.0,0.0027811
VIB/BTC,1630700968564,2021-09-03T20:29:28.564Z,sell,1.37e-06,4207.0,0.00576359
VIB/BTC,1630701219705,2021-09-03T20:33:39.705Z,buy,1.38e-06,41.0,5.658e-05
VIB/BTC,1630701223269,2021-09-03T20:33:43.269Z,sell,1.38e-06,3322.0,0.00458436
VIB/BTC,1630701269989,2021-09-03T20:34:29.989Z,buy,1.39e-06,2159.0,0.00300101
VIB/BTC,1630701270251,2021-09-03T20:34:30.251Z,buy,1.39e-06,162.0,0.00022518
VIB/BTC,1630701279331,2021-09-03T20:34:39.331Z,buy,1.39e-06,63591.0,0.08839149
VIB/BTC,1630701279337,2021-09-03T20:34:39.337Z,sell,1.39e-06,2310.0,0.0032109
VIB/BTC,1630701281860,2021-09-03T20:34:41.860Z,buy,1.4e-06,79.0,0.00011059999999999999
VIB/BTC,1630701282850,2021-09-03T20:34:42.850Z,sell,1.38e-06,783.0,0.0010805399999999998
VIB/BTC,1630701282863,2021-09-03T20:34:42.863Z,sell,1.38e-06,4567.0,0.006302459999999999
VIB/BTC,1630701305637,2021-09-03T20:35:05.637Z,sell,1.38e-06,1526.0,0.00210588
VIB/BTC,1630701310836,2021-09-03T20:35:10.836Z,buy,1.39e-06,86.0,0.00011954
VIB/BTC,1630701330722,2021-09-03T20:35:30.722Z,buy,1.39e-06,549.0,0.00076311
VIB/BTC,1630701346201,2021-09-03T20:35:46.201Z,buy,1.39e-06,184.0,0.00025576
VIB/BTC,1630701387719,2021-09-03T20:36:27.719Z,buy,1.39e-06,423.0,0.00058797
VIB/BTC,1630701387719,2021-09-03T20:36:27.719Z,buy,1.4e-06,1623.0,0.0022722
VIB/BTC,1630701405188,2021-09-03T20:36:45.188Z,buy,1.4e-06,787.0,0.0011018
VIB/BTC,1630701412254,2021-09-03T20:36:52.254Z,buy,1.4e-06,2096.0,0.0029343999999999998
VIB/BTC,1630701452834,2021-09-03T20:37:32.834Z,sell,1.39e-06,360.0,0.0005004
VIB/BTC,1630701454229,2021-09-03T20:37:34.229Z,sell,1.38e-06,4380.0,0.006044399999999999
VIB/BTC,1630701461244,2021-09-03T20:37:41.244Z,buy,1.39e-06,73.0,0.00010147
VIB/BTC,1630701480278,2021-09-03T20:38:00.278Z,buy,1.39e-06,4370.0,0.0060743
VIB/BTC,1630701480278,2021-09-03T20:38:00.278Z,buy,1.4e-06,21692.0,0.030368799999999998
VIB/BTC,1630701482873,2021-09-03T20:38:02.873Z,sell,1.39e-06,10320.0,0.0143448
VIB/BTC,1630701543494,2021-09-03T20:39:03.494Z,sell,1.38e-06,2441.0,0.00336858
VIB/BTC,1630701632519,2021-09-03T20:40:32.519Z,sell,1.38e-06,290.0,0.00040019999999999997
VIB/BTC,1630701822965,2021-09-03T20:43:42.965Z,buy,1.39e-06,339.0,0.00047121
VIB/BTC,1630701834630,2021-09-03T20:43:54.630Z,sell,1.38e-06,27934.0,0.03854892
VIB/BTC,1630701857948,2021-09-03T20:44:17.948Z,buy,1.38e-06,173.0,0.00023873999999999998
VIB/BTC,1630701968099,2021-09-03T20:46:08.099Z,buy,1.39e-06,719.0,0.00099941
VIB/BTC,1630701981149,2021-09-03T20:46:21.149Z,buy,1.39e-06,719.0,0.00099941
VIB/BTC,1630702114667,2021-09-03T20:48:34.667Z,buy,1.39e-06,719.0,0.00099941
VIB/BTC,1630702114667,2021-09-03T20:48:34.667Z,buy,1.39e-06,719.0,0.00099941
VIB/BTC,1630702249410,2021-09-03T20:50:49.410Z,sell,1.38e-06,2917.0,0.00402546
VIB/BTC,1630702265340,2021-09-03T20:51:05.340Z,sell,1.38e-06,2093.0,0.0028883399999999997
VIB/BTC,1630702269364,2021-09-03T20:51:09.364Z,buy,1.39e-06,506.0,0.00070334
VIB/BTC,1630702393441,2021-09-03T20:53:13.441Z,buy,1.39e-06,2306.0,0.00320534
VIB/BTC,1630702409401,2021-09-03T20:53:29.401Z,sell,1.38e-06,2303.0,0.00317814
VIB/BTC,1630702418271,2021-09-03T20:53:38.271Z,sell,1.38e-06,100.0,0.000138
VIB/BTC,1630702426564,2021-09-03T20:53:46.564Z,sell,1.38e-06,100.0,0.000138
VIB/BTC,1630702453413,2021-09-03T20:54:13.413Z,buy,1.39e-06,73.0,0.00010147
VIB/BTC,1630702559721,2021-09-03T20:55:59.721Z,buy,1.39e-06,543.0,0.00075477
VIB/BTC,1630702608035,2021-09-03T20:56:48.035Z,sell,1.38e-06,1000.0,0.00138
VIB/BTC,1630702684334,2021-09-03T20:58:04.334Z,buy,1.39e-06,7422.0,0.01031658
VIB/BTC,1630702684334,2021-09-03T20:58:04.334Z,buy,1.4e-06,16951.0,0.0237314
VIB/BTC,1630702754909,2021-09-03T20:59:14.909Z,buy,1.4e-06,250.0,0.00035
VIB/BTC,1630702815236,2021-09-03T21:00:15.236Z,sell,1.39e-06,3187.0,0.00442993
VIB/BTC,1630702827294,2021-09-03T21:00:27.294Z,sell,1.38e-06,8791.0,0.01213158
VIB/BTC,1630702842845,2021-09-03T21:00:42.845Z,buy,1.39e-06,4480.0,0.0062272000000000004
VIB/BTC,1630702894508,2021-09-03T21:01:34.508Z,sell,1.39e-06,156.0,0.00021684000000000002
VIB/BTC,1630702929313,2021-09-03T21:02:09.313Z,buy,1.4e-06,3613.0,0.0050582
VIB/BTC,1630702935650,2021-09-03T21:02:15.650Z,buy,1.4e-06,102.0,0.0001428
VIB/BTC,1630703009796,2021-09-03T21:03:29.796Z,buy,1.4e-06,14754.0,0.0206556
VIB/BTC,1630703138637,2021-09-03T21:05:38.637Z,buy,1.4e-06,21032.0,0.0294448
VIB/BTC,1630703173702,2021-09-03T21:06:13.702Z,buy,1.4e-06,715.0,0.001001
VIB/BTC,1630703225041,2021-09-03T21:07:05.041Z,buy,1.4e-06,59324.0,0.08305359999999999
VIB/BTC,1630703225041,2021-09-03T21:07:05.041Z,buy,1.41e-06,53328.0,0.07519248
VIB/BTC,1630703226863,2021-09-03T21:07:06.863Z,sell,1.4e-06,80.0,0.000112
VIB/BTC,1630703240008,2021-09-03T21:07:20.008Z,sell,1.4e-06,314.0,0.0004396
VIB/BTC,1630703245870,2021-09-03T21:07:25.870Z,sell,1.4e-06,150.0,0.00020999999999999998
VIB/BTC,1630703293208,2021-09-03T21:08:13.208Z,sell,1.4e-06,1408.0,0.0019711999999999998
VIB/BTC,1630703330516,2021-09-03T21:08:50.516Z,buy,1.41e-06,72.0,0.00010152
VIB/BTC,1630703347859,2021-09-03T21:09:07.859Z,sell,1.4e-06,167.0,0.0002338
VIB/BTC,1630703545659,2021-09-03T21:12:25.659Z,buy,1.41e-06,160655.0,0.22652355000000002
VIB/BTC,1630703552554,2021-09-03T21:12:32.554Z,sell,1.4e-06,522.0,0.0007308
VIB/BTC,1630703571210,2021-09-03T21:12:51.210Z,buy,1.41e-06,9473.0,0.013356930000000001
VIB/BTC,1630703571216,2021-09-03T21:12:51.216Z,sell,1.41e-06,353.0,0.00049773
VIB/BTC,1630703591486,2021-09-03T21:13:11.486Z,sell,1.41e-06,339.0,0.00047799
VIB/BTC,1630703592361,2021-09-03T21:13:12.361Z,sell,1.41e-06,255.0,0.00035955000000000004
VIB/BTC,1630703599142,2021-09-03T21:13:19.142Z,sell,1.41e-06,1462.0,0.00206142
VIB/BTC,1630703599142,2021-09-03T21:13:19.142Z,sell,1.4e-06,623.0,0.0008722
VIB/BTC,1630703605637,2021-09-03T21:13:25.637Z,sell,1.41e-06,355.0,0.00050055
VIB/BTC,1630703631762,2021-09-03T21:13:51.762Z,buy,1.41e-06,6607.0,0.00931587
VIB/BTC,1630703743506,2021-09-03T21:15:43.506Z,buy,1.41e-06,160.0,0.0002256
VIB/BTC,1630703781685,2021-09-03T21:16:21.685Z,buy,1.41e-06,437.0,0.00061617
VIB/BTC,1630703805952,2021-09-03T21:16:45.952Z,buy,1.41e-06,14190.0,0.020007900000000002
VIB/BTC,1630703807962,2021-09-03T21:16:47.962Z,buy,1.41e-06,2324.0,0.00327684
VIB/BTC,1630703862684,2021-09-03T21:17:42.684Z,sell,1.41e-06,106.0,0.00014946
VIB/BTC,1630703895338,2021-09-03T21:18:15.338Z,buy,1.42e-06,38489.0,0.054654379999999995
VIB/BTC,1630703913770,2021-09-03T21:18:33.770Z,sell,1.41e-06,8277.0,0.01167057
VIB/BTC,1630703913813,2021-09-03T21:18:33.813Z,sell,1.41e-06,106.0,0.00014946
VIB/BTC,1630703914137,2021-09-03T21:18:34.137Z,sell,1.41e-06,691.0,0.00097431
VIB/BTC,1630703982929,2021-09-03T21:19:42.929Z,buy,1.43e-06,124.0,0.00017732000000000002
VIB/BTC,1630704006741,2021-09-03T21:20:06.741Z,sell,1.42e-06,165.0,0.0002343
VIB/BTC,1630704057409,2021-09-03T21:20:57.409Z,sell,1.42e-06,505.0,0.0007171
VIB/BTC,1630704132275,2021-09-03T21:22:12.275Z,sell,1.42e-06,74.0,0.00010507999999999999
VIB/BTC,1630704146443,2021-09-03T21:22:26.443Z,buy,1.43e-06,61543.0,0.08800649
VIB/BTC,1630704176140,2021-09-03T21:22:56.140Z,buy,1.43e-06,76.0,0.00010868000000000001
VIB/BTC,1630704178330,2021-09-03T21:22:58.330Z,buy,1.43e-06,884.0,0.00126412
VIB/BTC,1630704183394,2021-09-03T21:23:03.394Z,buy,1.43e-06,2063.0,0.0029500900000000003
VIB/BTC,1630704201835,2021-09-03T21:23:21.835Z,buy,1.43e-06,16224.0,0.02320032
VIB/BTC,1630704201835,2021-09-03T21:23:21.835Z,buy,1.44e-06,2321.0,0.00334224
VIB/BTC,1630704218612,2021-09-03T21:23:38.612Z,sell,1.43e-06,24524.0,0.03506932
VIB/BTC,1630704224725,2021-09-03T21:23:44.725Z,buy,1.44e-06,7729.0,0.011129759999999999
VIB/BTC,1630704225062,2021-09-03T21:23:45.062Z,sell,1.43e-06,6410.0,0.0091663
VIB/BTC,1630704240209,2021-09-03T21:24:00.209Z,sell,1.43e-06,5225.0,0.00747175
VIB/BTC,1630704245274,2021-09-03T21:24:05.274Z,sell,1.42e-06,2156.0,0.00306152
VIB/BTC,1630704247687,2021-09-03T21:24:07.687Z,sell,1.42e-06,715.0,0.0010153
VIB/BTC,1630704250978,2021-09-03T21:24:10.978Z,sell,1.42e-06,250.0,0.000355
VIB/BTC,1630704309499,2021-09-03T21:25:09.499Z,buy,1.44e-06,2084.0,0.00300096
VIB/BTC,1630704363243,2021-09-03T21:26:03.243Z,sell,1.42e-06,553.0,0.00078526
VIB/BTC,1630704370117,2021-09-03T21:26:10.117Z,sell,1.42e-06,113880.0,0.1617096
VIB/BTC,1630704433535,2021-09-03T21:27:13.535Z,buy,1.43e-06,700.0,0.0010010000000000002
VIB/BTC,1630704434074,2021-09-03T21:27:14.074Z,buy,1.43e-06,3672.0,0.005250960000000001
VIB/BTC,1630704447424,2021-09-03T21:27:27.424Z,buy,1.43e-06,246.0,0.00035178
VIB/BTC,1630704448067,2021-09-03T21:27:28.067Z,sell,1.42e-06,768.0,0.00109056
VIB/BTC,1630704471786,2021-09-03T21:27:51.786Z,sell,1.42e-06,437.0,0.0006205399999999999
VIB/BTC,1630704546417,2021-09-03T21:29:06.417Z,buy,1.43e-06,9262.0,0.01324466
VIB/BTC,1630704546417,2021-09-03T21:29:06.417Z,buy,1.44e-06,32989.0,0.04750416
VIB/BTC,1630704568712,2021-09-03T21:29:28.712Z,sell,1.43e-06,15208.0,0.02174744
VIB/BTC,1630704614174,2021-09-03T21:30:14.174Z,buy,1.43e-06,2229.0,0.00318747
VIB/BTC,1630704676873,2021-09-03T21:31:16.873Z,buy,1.43e-06,1511.0,0.00216073
VIB/BTC,1630704725310,2021-09-03T21:32:05.310Z,sell,1.43e-06,1099.0,0.00157157
VIB/BTC,1630704727691,2021-09-03T21:32:07.691Z,buy,1.43e-06,2914.0,0.0041670200000000004
VIB/BTC,1630704754923,2021-09-03T21:32:34.923Z,buy,1.43e-06,1648.0,0.00235664
VIB/BTC,1630704912805,2021-09-03T21:35:12.805Z,buy,1.43e-06,219.0,0.00031317000000000004
VIB/BTC,1630704947728,2021-09-03T21:35:47.728Z,buy,1.43e-06,136.0,0.00019448000000000002
VIB/BTC,1630704972910,2021-09-03T21:36:12.910Z,buy,1.43e-06,712.0,0.0010181600000000002
VIB/BTC,1630704999426,2021-09-03T21:36:39.426Z,buy,1.43e-06,16787.0,0.02400541
VIB/BTC,1630705000358,2021-09-03T21:36:40.358Z,buy,1.43e-06,13608.0,0.01945944
VIB/BTC,1630705055680,2021-09-03T21:37:35.680Z,buy,1.43e-06,1494.0,0.00213642
VIB/BTC,1630705083925,2021-09-03T21:38:03.925Z,sell,1.42e-06,135.0,0.0001917
VIB/BTC,1630705145153,2021-09-03T21:39:05.153Z,sell,1.42e-06,334.0,0.00047428
VIB/BTC,1630705197439,2021-09-03T21:39:57.439Z,sell,1.42e-06,23081.0,0.03277502
VIB/BTC,1630705204205,2021-09-03T21:40:04.205Z,buy,1.43e-06,150.0,0.0002145
VIB/BTC,1630705228632,2021-09-03T21:40:28.632Z,sell,1.41e-06,132.0,0.00018612000000000001
VIB/BTC,1630705229370,2021-09-03T21:40:29.370Z,sell,1.41e-06,720.0,0.0010152
VIB/BTC,1630705262857,2021-09-03T21:41:02.857Z,sell,1.41e-06,373.0,0.00052593
VIB/BTC,1630705312758,2021-09-03T21:41:52.758Z,sell,1.41e-06,12691.0,0.01789431
VIB/BTC,1630705354521,2021-09-03T21:42:34.521Z,sell,1.41e-06,238.0,0.00033558000000000004
VIB/BTC,1630705359270,2021-09-03T21:42:39.270Z,buy,1.42e-06,522.0,0.00074124
VIB/BTC,1630705359532,2021-09-03T21:42:39.532Z,buy,1.42e-06,228.0,0.00032376
VIB/BTC,1630705428900,2021-09-03T21:43:48.900Z,buy,1.42e-06,114.0,0.00016188
VIB/BTC,1630705519311,2021-09-03T21:45:19.311Z,buy,1.42e-06,8906.0,0.01264652
VIB/BTC,1630705567395,2021-09-03T21:46:07.395Z,sell,1.42e-06,168.0,0.00023856
VIB/BTC,1630705573216,2021-09-03T21:46:13.216Z,buy,1.43e-06,160.0,0.0002288
VIB/BTC,1630705585291,2021-09-03T21:46:25.291Z,sell,1.42e-06,100.0,0.00014199999999999998
VIB/BTC,1630705695651,2021-09-03T21:48:15.651Z,sell,1.42e-06,1610.0,0.0022862
VIB/BTC,1630705695651,2021-09-03T21:48:15.651Z,sell,1.42e-06,1610.0,0.0022862
VIB/BTC,1630705780128,2021-09-03T21:49:40.128Z,buy,1.42e-06,1418.0,0.0020135599999999997
VIB/BTC,1630705867013,2021-09-03T21:51:07.013Z,buy,1.42e-06,140.0,0.0001988
VIB/BTC,1630705876507,2021-09-03T21:51:16.507Z,buy,1.42e-06,8618.0,0.01223756
VIB/BTC,1630705896949,2021-09-03T21:51:36.949Z,buy,1.42e-06,140.0,0.0001988
VIB/BTC,1630705923522,2021-09-03T21:52:03.522Z,buy,1.42e-06,8289.0,0.01177038
VIB/BTC,1630705937568,2021-09-03T21:52:17.568Z,buy,1.42e-06,132.0,0.00018743999999999998
VIB/BTC,1630705956554,2021-09-03T21:52:36.554Z,sell,1.41e-06,4031.0,0.00568371
VIB/BTC,1630706078749,2021-09-03T21:54:38.749Z,sell,1.41e-06,2226.0,0.00313866
VIB/BTC,1630706167037,2021-09-03T21:56:07.037Z,sell,1.41e-06,326.0,0.00045966000000000003
VIB/BTC,1630706288476,2021-09-03T21:58:08.476Z,sell,1.41e-06,21229.0,0.02993289
VIB/BTC,1630706288670,2021-09-03T21:58:08.670Z,sell,1.41e-06,80.0,0.0001128
VIB/BTC,1630706339052,2021-09-03T21:58:59.052Z,buy,1.42e-06,2260.0,0.0032091999999999997
VIB/BTC,1630706355018,2021-09-03T21:59:15.018Z,buy,1.42e-06,2515.0,0.0035713
VIB/BTC,1630706392062,2021-09-03T21:59:52.062Z,buy,1.42e-06,1880.0,0.0026696
VIB/BTC,1630706503738,2021-09-03T22:01:43.738Z,sell,1.42e-06,2250.0,0.003195
VIB/BTC,1630706533260,2021-09-03T22:02:13.260Z,buy,1.43e-06,88.0,0.00012584
VIB/BTC,1630706537778,2021-09-03T22:02:17.778Z,sell,1.42e-06,7763.0,0.011023459999999999
VIB/BTC,1630706824526,2021-09-03T22:07:04.526Z,buy,1.43e-06,840.0,0.0012012000000000001
VIB/BTC,1630706831137,2021-09-03T22:07:11.137Z,buy,1.43e-06,4277.0,0.00611611
VIB/BTC,1630706854978,2021-09-03T22:07:34.978Z,buy,1.43e-06,130.0,0.00018590000000000002
VIB/BTC,1630706902449,2021-09-03T22:08:22.449Z,buy,1.43e-06,15642.0,0.022368060000000002
VIB/BTC,1630707004615,2021-09-03T22:10:04.615Z,sell,1.42e-06,300.0,0.000426
VIB/BTC,1630707016870,2021-09-03T22:10:16.870Z,buy,1.43e-06,258.0,0.00036894
VIB/BTC,1630707016870,2021-09-03T22:10:16.870Z,buy,1.44e-06,76.0,0.00010944
VIB/BTC,1630707071871,2021-09-03T22:11:11.871Z,sell,1.43e-06,209.0,0.00029887
VIB/BTC,1630707075208,2021-09-03T22:11:15.208Z,sell,1.42e-06,1683.0,0.0023898599999999997
VIB/BTC,1630707225302,2021-09-03T22:13:45.302Z,buy,1.43e-06,158.0,0.00022594000000000002
VIB/BTC,1630707479210,2021-09-03T22:17:59.210Z,buy,1.43e-06,210.0,0.00030030000000000004
VIB/BTC,1630707492135,2021-09-03T22:18:12.135Z,sell,1.42e-06,3023.0,0.00429266
VIB/BTC,1630707496218,2021-09-03T22:18:16.218Z,buy,1.43e-06,4142.0,0.00592306
VIB/BTC,1630707496218,2021-09-03T22:18:16.218Z,buy,1.44e-06,6086.0,0.00876384
VIB/BTC,1630707535236,2021-09-03T22:18:55.236Z,sell,1.42e-06,2268.0,0.00322056
VIB/BTC,1630707686645,2021-09-03T22:21:26.645Z,sell,1.42e-06,25629.0,0.03639318
VIB/BTC,1630707697418,2021-09-03T22:21:37.418Z,sell,1.41e-06,2851.0,0.00401991
VIB/BTC,1630707754708,2021-09-03T22:22:34.708Z,buy,1.42e-06,148.0,0.00021015999999999998
VIB/BTC,1630707780846,2021-09-03T22:23:00.846Z,buy,1.42e-06,10299.0,0.01462458
VIB/BTC,1630707908541,2021-09-03T22:25:08.541Z,buy,1.43e-06,139.0,0.00019877000000000002
VIB/BTC,1630708005022,2021-09-03T22:26:45.022Z,sell,1.42e-06,14099.0,0.02002058
VIB/BTC,1630708065336,2021-09-03T22:27:45.336Z,sell,1.42e-06,2224.0,0.0031580799999999997
VIB/BTC,1630708065854,2021-09-03T22:27:45.854Z,buy,1.43e-06,768.0,0.0010982400000000001
VIB/BTC,1630708146181,2021-09-03T22:29:06.181Z,buy,1.43e-06,18722.0,0.02677246
VIB/BTC,1630708149329,2021-09-03T22:29:09.329Z,sell,1.42e-06,1263.0,0.00179346
VIB/BTC,1630708154880,2021-09-03T22:29:14.880Z,buy,1.43e-06,693.0,0.00099099
VIB/BTC,1630708155899,2021-09-03T22:29:15.899Z,buy,1.43e-06,71.0,0.00010153
VIB/BTC,1630708259801,2021-09-03T22:30:59.801Z,buy,1.43e-06,136.0,0.00019448000000000002
VIB/BTC,1630708308630,2021-09-03T22:31:48.630Z,buy,1.43e-06,425.0,0.00060775
VIB/BTC,1630708318352,2021-09-03T22:31:58.352Z,buy,1.43e-06,2090.0,0.0029887
VIB/BTC,1630708322298,2021-09-03T22:32:02.298Z,sell,1.42e-06,351.0,0.00049842
VIB/BTC,1630708487606,2021-09-03T22:34:47.606Z,buy,1.43e-06,384.0,0.0005491200000000001
VIB/BTC,1630708522182,2021-09-03T22:35:22.182Z,sell,1.42e-06,1894.0,0.0026894799999999997
VIB/BTC,1630708557714,2021-09-03T22:35:57.714Z,buy,1.43e-06,1447.0,0.00206921
VIB/BTC,1630708791903,2021-09-03T22:39:51.903Z,sell,1.42e-06,638.0,0.0009059599999999999
VIB/BTC,1630708847775,2021-09-03T22:40:47.775Z,buy,1.43e-06,115.0,0.00016445
VIB/BTC,1630708934061,2021-09-03T22:42:14.061Z,sell,1.42e-06,791.0,0.0011232199999999999
VIB/BTC,1630709134120,2021-09-03T22:45:34.120Z,sell,1.42e-06,16585.0,0.0235507
VIB/BTC,1630709172703,2021-09-03T22:46:12.703Z,sell,1.41e-06,153.0,0.00021573
VIB/BTC,1630709211086,2021-09-03T22:46:51.086Z,sell,1.41e-06,250.0,0.0003525
VIB/BTC,1630709211299,2021-09-03T22:46:51.299Z,sell,1.41e-06,42807.0,0.06035787
VIB/BTC,1630709211299,2021-09-03T22:46:51.299Z,sell,1.41e-06,42807.0,0.06035787
VIB/BTC,1630709315966,2021-09-03T22:48:35.966Z,sell,1.41e-06,1519.0,0.00214179
VIB/BTC,1630709367236,2021-09-03T22:49:27.236Z,buy,1.42e-06,500.0,0.00071
VIB/BTC,1630709404440,2021-09-03T22:50:04.440Z,buy,1.42e-06,291.0,0.00041322
VIB/BTC,1630709450653,2021-09-03T22:50:50.653Z,buy,1.42e-06,2987.0,0.00424154
VIB/BTC,1630709586086,2021-09-03T22:53:06.086Z,sell,1.41e-06,1451.0,0.00204591
VIB/BTC,1630709600673,2021-09-03T22:53:20.673Z,sell,1.41e-06,598.0,0.00084318
VIB/BTC,1630709600673,2021-09-03T22:53:20.673Z,sell,1.4e-06,23356.0,0.032698399999999996
VIB/BTC,1630709600673,2021-09-03T22:53:20.673Z,sell,1.4e-06,4767.0,0.0066738
VIB/BTC,1630709600673,2021-09-03T22:53:20.673Z,sell,1.4e-06,4784.0,0.0066976
VIB/BTC,1630709625677,2021-09-03T22:53:45.677Z,sell,1.4e-06,18722.0,0.0262108
VIB/BTC,1630709733463,2021-09-03T22:55:33.463Z,sell,1.4e-06,136.0,0.0001904
VIB/BTC,1630709737985,2021-09-03T22:55:37.985Z,sell,1.4e-06,3091.0,0.0043273999999999995
VIB/BTC,1630709750215,2021-09-03T22:55:50.215Z,sell,1.4e-06,799.0,0.0011186
VIB/BTC,1630709936183,2021-09-03T22:58:56.183Z,sell,1.4e-06,531.0,0.0007434
VIB/BTC,1630709951393,2021-09-03T22:59:11.393Z,sell,1.4e-06,9956.0,0.0139384
VIB/BTC,1630710013024,2021-09-03T23:00:13.024Z,sell,1.4e-06,200.0,0.00028
VIB/BTC,1630710102287,2021-09-03T23:01:42.287Z,sell,1.4e-06,142801.0,0.1999214
VIB/BTC,1630710111676,2021-09-03T23:01:51.676Z,sell,1.4e-06,1760.0,0.002464
VIB/BTC,1630710111676,2021-09-03T23:01:51.676Z,sell,1.39e-06,105341.0,0.14642399
VIB/BTC,1630710111676,2021-09-03T23:01:51.676Z,sell,1.39e-06,209.0,0.00029051
VIB/BTC,1630710119244,2021-09-03T23:01:59.244Z,sell,1.39e-06,80325.0,0.11165175000000001
VIB/BTC,1630710125171,2021-09-03T23:02:05.171Z,sell,1.39e-06,11766.0,0.01635474
VIB/BTC,1630710125171,2021-09-03T23:02:05.171Z,sell,1.38e-06,7929.0,0.010942019999999998
VIB/BTC,1630710125171,2021-09-03T23:02:05.171Z,sell,1.38e-06,210.0,0.0002898
VIB/BTC,1630710128533,2021-09-03T23:02:08.533Z,sell,1.38e-06,2342.0,0.00323196
VIB/BTC,1630710128645,2021-09-03T23:02:08.645Z,sell,1.38e-06,120489.0,0.16627482
VIB/BTC,1630710128672,2021-09-03T23:02:08.672Z,sell,1.38e-06,3690.0,0.0050922
VIB/BTC,1630710135935,2021-09-03T23:02:15.935Z,sell,1.38e-06,69704.0,0.09619151999999999
VIB/BTC,1630710135935,2021-09-03T23:02:15.935Z,sell,1.37e-06,50785.0,0.06957545
VIB/BTC,1630710136019,2021-09-03T23:02:16.019Z,sell,1.38e-06,14523.0,0.02004174
VIB/BTC,1630710138137,2021-09-03T23:02:18.137Z,buy,1.38e-06,217.0,0.00029946
VIB/BTC,1630710140197,2021-09-03T23:02:20.197Z,buy,1.38e-06,217.0,0.00029946
VIB/BTC,1630710147821,2021-09-03T23:02:27.821Z,sell,1.37e-06,389.0,0.00053293
VIB/BTC,1630710148178,2021-09-03T23:02:28.178Z,sell,1.37e-06,240.0,0.0003288
VIB/BTC,1630710150282,2021-09-03T23:02:30.282Z,sell,1.37e-06,29903.0,0.04096711
VIB/BTC,1630710150474,2021-09-03T23:02:30.474Z,sell,1.37e-06,381.0,0.00052197
VIB/BTC,1630710164994,2021-09-03T23:02:44.994Z,buy,1.38e-06,1457.0,0.00201066
VIB/BTC,1630710168050,2021-09-03T23:02:48.050Z,sell,1.37e-06,1629.0,0.00223173
VIB/BTC,1630710173621,2021-09-03T23:02:53.621Z,buy,1.38e-06,2913.0,0.00401994
VIB/BTC,1630710173621,2021-09-03T23:02:53.621Z,buy,1.39e-06,2015.0,0.00280085
VIB/BTC,1630710268820,2021-09-03T23:04:28.820Z,buy,1.39e-06,2450.0,0.0034055
VIB/BTC,1630710268820,2021-09-03T23:04:28.820Z,buy,1.4e-06,285537.0,0.3997518
VIB/BTC,1630710273541,2021-09-03T23:04:33.541Z,sell,1.4e-06,255.0,0.000357
VIB/BTC,1630710279385,2021-09-03T23:04:39.385Z,sell,1.4e-06,12413.0,0.0173782
VIB/BTC,1630710279385,2021-09-03T23:04:39.385Z,sell,1.39e-06,6242.0,0.008676380000000001
VIB/BTC,1630710370111,2021-09-03T23:06:10.111Z,sell,1.39e-06,90737.0,0.12612443
VIB/BTC,1630710456809,2021-09-03T23:07:36.809Z,sell,1.39e-06,10001.0,0.01390139
VIB/BTC,1630710467361,2021-09-03T23:07:47.361Z,sell,1.39e-06,11161.0,0.01551379
VIB/BTC,1630710478640,2021-09-03T23:07:58.640Z,sell,1.39e-06,10920.0,0.015178800000000001
VIB/BTC,1630710500411,2021-09-03T23:08:20.411Z,sell,1.39e-06,10913.0,0.01516907
VIB/BTC,1630710521947,2021-09-03T23:08:41.947Z,sell,1.39e-06,10001.0,0.01390139
VIB/BTC,1630710533467,2021-09-03T23:08:53.467Z,sell,1.39e-06,10912.0,0.015167680000000001
VIB/BTC,1630710544496,2021-09-03T23:09:04.496Z,sell,1.39e-06,10901.0,0.01515239
VIB/BTC,1630710555203,2021-09-03T23:09:15.203Z,sell,1.39e-06,10909.0,0.01516351
VIB/BTC,1630710566092,2021-09-03T23:09:26.092Z,sell,1.39e-06,10913.0,0.01516907
VIB/BTC,1630710576658,2021-09-03T23:09:36.658Z,sell,1.39e-06,10924.0,0.015184360000000001
VIB/BTC,1630710577274,2021-09-03T23:09:37.274Z,sell,1.39e-06,278.0,0.00038642
VIB/BTC,1630710587662,2021-09-03T23:09:47.662Z,sell,1.39e-06,4827.0,0.00670953
VIB/BTC,1630710598468,2021-09-03T23:09:58.468Z,sell,1.39e-06,10001.0,0.01390139
VIB/BTC,1630710609466,2021-09-03T23:10:09.466Z,sell,1.39e-06,7467.0,0.01037913
VIB/BTC,1630710609474,2021-09-03T23:10:09.474Z,sell,1.39e-06,3453.0,0.00479967
VIB/BTC,1630710642359,2021-09-03T23:10:42.359Z,sell,1.39e-06,10420.0,0.0144838
VIB/BTC,1630710653173,2021-09-03T23:10:53.173Z,sell,1.39e-06,10924.0,0.015184360000000001
VIB/BTC,1630710669805,2021-09-03T23:11:09.805Z,sell,1.39e-06,5994.0,0.00833166
VIB/BTC,1630710672944,2021-09-03T23:11:12.944Z,sell,1.39e-06,1247.0,0.00173333
VIB/BTC,1630710675012,2021-09-03T23:11:15.012Z,sell,1.39e-06,10922.0,0.01518158
VIB/BTC,1630710685681,2021-09-03T23:11:25.681Z,sell,1.39e-06,10256.0,0.01425584
VIB/BTC,1630710696388,2021-09-03T23:11:36.388Z,sell,1.39e-06,10901.0,0.01515239
VIB/BTC,1630710707472,2021-09-03T23:11:47.472Z,sell,1.39e-06,4562.0,0.00634118
VIB/BTC,1630710770846,2021-09-03T23:12:50.846Z,buy,1.4e-06,26.0,3.64e-05
VIB/BTC,1630710770849,2021-09-03T23:12:50.849Z,sell,1.39e-06,7459.0,0.01036801
VIB/BTC,1630710770850,2021-09-03T23:12:50.850Z,sell,1.39e-06,1753.0,0.00243667
VIB/BTC,1630710780248,2021-09-03T23:13:00.248Z,sell,1.39e-06,15416.0,0.02142824
VIB/BTC,1630710855833,2021-09-03T23:14:15.833Z,sell,1.39e-06,10909.0,0.01516351
VIB/BTC,1630710877529,2021-09-03T23:14:37.529Z,sell,1.39e-06,1692.0,0.00235188
VIB/BTC,1630710898995,2021-09-03T23:14:58.995Z,sell,1.39e-06,10916.0,0.015173240000000001
VIB/BTC,1630710920113,2021-09-03T23:15:20.113Z,buy,1.4e-06,2857.0,0.0039997999999999995
VIB/BTC,1630710920964,2021-09-03T23:15:20.964Z,buy,1.4e-06,851.0,0.0011914
VIB/BTC,1630710921364,2021-09-03T23:15:21.364Z,sell,1.39e-06,5671.0,0.00788269
VIB/BTC,1630710990881,2021-09-03T23:16:30.881Z,sell,1.39e-06,285.0,0.00039615
VIB/BTC,1630711000979,2021-09-03T23:16:40.979Z,sell,1.39e-06,109.0,0.00015151
VIB/BTC,1630711195044,2021-09-03T23:19:55.044Z,sell,1.39e-06,1100.0,0.001529
VIB/BTC,1630711276485,2021-09-03T23:21:16.485Z,buy,1.4e-06,1569.0,0.0021966
VIB/BTC,1630711362896,2021-09-03T23:22:42.896Z,buy,1.4e-06,208.0,0.0002912
VIB/BTC,1630711384115,2021-09-03T23:23:04.115Z,sell,1.39e-06,434.0,0.00060326
VIB/BTC,1630711528162,2021-09-03T23:25:28.162Z,sell,1.39e-06,208.0,0.00028912
VIB/BTC,1630711591007,2021-09-03T23:26:31.007Z,sell,1.39e-06,8609.0,0.01196651
VIB/BTC,1630711718031,2021-09-03T23:28:38.031Z,buy,1.4e-06,524.0,0.0007335999999999999
VIB/BTC,1630711725087,2021-09-03T23:28:45.087Z,sell,1.39e-06,74168.0,0.10309352000000001
VIB/BTC,1630711726524,2021-09-03T23:28:46.524Z,sell,1.39e-06,9355.0,0.01300345
VIB/BTC,1630711780485,2021-09-03T23:29:40.485Z,buy,1.4e-06,664.0,0.0009295999999999999
VIB/BTC,1630711840062,2021-09-03T23:30:40.062Z,sell,1.39e-06,78224.0,0.10873136
VIB/BTC,1630712087856,2021-09-03T23:34:47.856Z,sell,1.39e-06,10896.0,0.01514544
VIB/BTC,1630712413489,2021-09-03T23:40:13.489Z,sell,1.39e-06,929.0,0.00129131
VIB/BTC,1630712476553,2021-09-03T23:41:16.553Z,sell,1.39e-06,617.0,0.0008576300000000001
VIB/BTC,1630712531797,2021-09-03T23:42:11.797Z,sell,1.39e-06,5000.0,0.0069500000000000004
VIB/BTC,1630712553260,2021-09-03T23:42:33.260Z,sell,1.39e-06,5000.0,0.0069500000000000004
VIB/BTC,1630712574759,2021-09-03T23:42:54.759Z,sell,1.39e-06,5372.0,0.00746708
VIB/BTC,1630712687612,2021-09-03T23:44:47.612Z,sell,1.39e-06,565.0,0.00078535
VIB/BTC,1630712702997,2021-09-03T23:45:02.997Z,buy,1.4e-06,534.0,0.0007476
VIB/BTC,1630712800365,2021-09-03T23:46:40.365Z,sell,1.39e-06,568.0,0.00078952
VIB/BTC,1630712800365,2021-09-03T23:46:40.365Z,sell,1.39e-06,568.0,0.00078952
VIB/BTC,1630712862959,2021-09-03T23:47:42.959Z,sell,1.39e-06,319.0,0.00044341
VIB/BTC,1630712862979,2021-09-03T23:47:42.979Z,sell,1.39e-06,319.0,0.00044341
VIB/BTC,1630713068575,2021-09-03T23:51:08.575Z,sell,1.39e-06,8727.0,0.01213053
VIB/BTC,1630713105612,2021-09-03T23:51:45.612Z,buy,1.4e-06,14285.0,0.019999
VIB/BTC,1630713166125,2021-09-03T23:52:46.125Z,sell,1.39e-06,819.0,0.00113841
VIB/BTC,1630713434417,2021-09-03T23:57:14.417Z,sell,1.39e-06,8651.0,0.01202489
VIB/BTC,1630713581969,2021-09-03T23:59:41.969Z,sell,1.39e-06,10982.0,0.015264980000000001
VIB/BTC,1630713583498,2021-09-03T23:59:43.498Z,buy,1.39e-06,1613.0,0.00224207
VIB/BTC,1630713586855,2021-09-03T23:59:46.855Z,buy,1.39e-06,2051.0,0.00285089
VIB/BTC,1630713597835,2021-09-03T23:59:57.835Z,buy,1.39e-06,187.0,0.00025993
VIB/BTC,1630713665162,2021-09-04T00:01:05.162Z,buy,1.39e-06,126.0,0.00017514
VIB/BTC,1630713672848,2021-09-04T00:01:12.848Z,sell,1.38e-06,1418.0,0.00195684
VIB/BTC,1630713698505,2021-09-04T00:01:38.505Z,buy,1.39e-06,152.0,0.00021128
VIB/BTC,1630714419791,2021-09-04T00:13:39.791Z,buy,1.39e-06,351.0,0.00048789
VIB/BTC,1630714470671,2021-09-04T00:14:30.671Z,buy,1.39e-06,25110.0,0.0349029
VIB/BTC,1630714496246,2021-09-04T00:14:56.246Z,sell,1.38e-06,38349.0,0.052921619999999996
VIB/BTC,1630714496376,2021-09-04T00:14:56.376Z,sell,1.38e-06,89.0,0.00012282
VIB/BTC,1630714522037,2021-09-04T00:15:22.037Z,buy,1.39e-06,80.0,0.0001112
VIB/BTC,1630714542858,2021-09-04T00:15:42.858Z,buy,1.39e-06,243.0,0.00033777
VIB/BTC,1630714568098,2021-09-04T00:16:08.098Z,buy,1.39e-06,6429.0,0.00893631
VIB/BTC,1630714570597,2021-09-04T00:16:10.597Z,buy,1.39e-06,5228.0,0.0072669200000000005
VIB/BTC,1630714607163,2021-09-04T00:16:47.163Z,buy,1.39e-06,6211.0,0.00863329
VIB/BTC,1630714638993,2021-09-04T00:17:18.993Z,sell,1.38e-06,9318.0,0.01285884
VIB/BTC,1630714846580,2021-09-04T00:20:46.580Z,sell,1.38e-06,1680.0,0.0023184
VIB/BTC,1630714920950,2021-09-04T00:22:00.950Z,sell,1.38e-06,75.0,0.0001035
VIB/BTC,1630715089979,2021-09-04T00:24:49.979Z,sell,1.38e-06,10000.0,0.0138
VIB/BTC,1630715102706,2021-09-04T00:25:02.706Z,sell,1.38e-06,73.0,0.00010073999999999999
VIB/BTC,1630715107132,2021-09-04T00:25:07.132Z,sell,1.37e-06,699.0,0.00095763
VIB/BTC,1630715124081,2021-09-04T00:25:24.081Z,sell,1.37e-06,177.0,0.00024249
VIB/BTC,1630715133207,2021-09-04T00:25:33.207Z,sell,1.37e-06,10972.0,0.01503164
VIB/BTC,1630715140229,2021-09-04T00:25:40.229Z,buy,1.38e-06,792.0,0.00109296
VIB/BTC,1630715144467,2021-09-04T00:25:44.467Z,sell,1.37e-06,10978.0,0.01503986
VIB/BTC,1630715166552,2021-09-04T00:26:06.552Z,sell,1.37e-06,3719.0,0.00509503
VIB/BTC,1630715166556,2021-09-04T00:26:06.556Z,sell,1.36e-06,3110.0,0.0042296
VIB/BTC,1630715177257,2021-09-04T00:26:17.257Z,sell,1.36e-06,10191.0,0.013859759999999999
VIB/BTC,1630715177672,2021-09-04T00:26:17.672Z,sell,1.36e-06,3713.0,0.00504968
VIB/BTC,1630715180192,2021-09-04T00:26:20.192Z,sell,1.36e-06,809.0,0.00110024
VIB/BTC,1630715187862,2021-09-04T00:26:27.862Z,sell,1.36e-06,11094.0,0.015087839999999998
VIB/BTC,1630715198739,2021-09-04T00:26:38.739Z,sell,1.36e-06,10711.0,0.014566959999999999
VIB/BTC,1630715209573,2021-09-04T00:26:49.573Z,sell,1.36e-06,11062.0,0.015044319999999998
VIB/BTC,1630715220145,2021-09-04T00:27:00.145Z,sell,1.36e-06,1340.0,0.0018223999999999998
VIB/BTC,1630715220146,2021-09-04T00:27:00.146Z,sell,1.35e-06,1340.0,0.001809
VIB/BTC,1630715220146,2021-09-04T00:27:00.146Z,sell,1.35e-06,3545.0,0.00478575
VIB/BTC,1630715220570,2021-09-04T00:27:00.570Z,buy,1.36e-06,80.0,0.00010879999999999999
VIB/BTC,1630715222547,2021-09-04T00:27:02.547Z,sell,1.35e-06,707.0,0.00095445
VIB/BTC,1630715230889,2021-09-04T00:27:10.889Z,buy,1.36e-06,25.0,3.4e-05
VIB/BTC,1630715230890,2021-09-04T00:27:10.890Z,sell,1.35e-06,9690.0,0.0130815
VIB/BTC,1630715231082,2021-09-04T00:27:11.082Z,sell,1.35e-06,136.0,0.0001836
VIB/BTC,1630715239419,2021-09-04T00:27:19.419Z,sell,1.35e-06,4211.0,0.00568485
VIB/BTC,1630715242058,2021-09-04T00:27:22.058Z,sell,1.35e-06,11146.0,0.0150471
VIB/BTC,1630715247753,2021-09-04T00:27:27.753Z,buy,1.36e-06,2980.0,0.0040528
VIB/BTC,1630715247758,2021-09-04T00:27:27.758Z,buy,1.36e-06,3464.0,0.00471104
VIB/BTC,1630715247761,2021-09-04T00:27:27.761Z,buy,1.36e-06,2566.0,0.0034897599999999997
VIB/BTC,1630715249457,2021-09-04T00:27:29.457Z,buy,1.36e-06,519.0,0.0007058399999999999
VIB/BTC,1630715251584,2021-09-04T00:27:31.584Z,buy,1.36e-06,4415.0,0.006004399999999999
VIB/BTC,1630715260541,2021-09-04T00:27:40.541Z,buy,1.36e-06,321.0,0.00043655999999999995
VIB/BTC,1630715333901,2021-09-04T00:28:53.901Z,sell,1.36e-06,947.0,0.00128792
VIB/BTC,1630715350409,2021-09-04T00:29:10.409Z,sell,1.36e-06,11000.0,0.01496
VIB/BTC,1630715361115,2021-09-04T00:29:21.115Z,sell,1.36e-06,11077.0,0.015064719999999998
VIB/BTC,1630715421366,2021-09-04T00:30:21.366Z,sell,1.36e-06,1000.0,0.0013599999999999999
VIB/BTC,1630715436316,2021-09-04T00:30:36.316Z,sell,1.36e-06,11000.0,0.01496
VIB/BTC,1630715462603,2021-09-04T00:31:02.603Z,sell,1.36e-06,4410.0,0.0059976
VIB/BTC,1630715491192,2021-09-04T00:31:31.192Z,sell,1.36e-06,43.0,5.8479999999999996e-05
VIB/BTC,1630715491192,2021-09-04T00:31:31.192Z,sell,1.35e-06,8439.0,0.01139265
VIB/BTC,1630715502093,2021-09-04T00:31:42.093Z,sell,1.35e-06,11150.0,0.0150525
VIB/BTC,1630715509609,2021-09-04T00:31:49.609Z,sell,1.36e-06,99.0,0.00013464
VIB/BTC,1630715544785,2021-09-04T00:32:24.785Z,sell,1.36e-06,11000.0,0.01496
VIB/BTC,1630715556229,2021-09-04T00:32:36.229Z,sell,1.35e-06,4095.0,0.00552825
VIB/BTC,1630715556229,2021-09-04T00:32:36.229Z,sell,1.35e-06,6984.0,0.0094284
VIB/BTC,1630715569396,2021-09-04T00:32:49.396Z,sell,1.35e-06,14263.0,0.01925505
VIB/BTC,1630715586947,2021-09-04T00:33:06.947Z,sell,1.35e-06,2146.0,0.0028971
VIB/BTC,1630715589618,2021-09-04T00:33:09.618Z,sell,1.35e-06,519.0,0.00070065
VIB/BTC,1630715589644,2021-09-04T00:33:09.644Z,sell,1.35e-06,519.0,0.00070065
VIB/BTC,1630715612151,2021-09-04T00:33:32.151Z,sell,1.35e-06,1576.0,0.0021276
VIB/BTC,1630715612151,2021-09-04T00:33:32.151Z,sell,1.34e-06,1421.0,0.0019041400000000001
VIB/BTC,1630715612153,2021-09-04T00:33:32.153Z,sell,1.34e-06,3549.0,0.00475566
VIB/BTC,1630715612563,2021-09-04T00:33:32.563Z,sell,1.34e-06,1576.0,0.0021118400000000002
VIB/BTC,1630715628527,2021-09-04T00:33:48.527Z,buy,1.34e-06,1162.0,0.0015570800000000002
VIB/BTC,1630715629770,2021-09-04T00:33:49.770Z,buy,1.34e-06,76.0,0.00010184
VIB/BTC,1630715635132,2021-09-04T00:33:55.132Z,sell,1.33e-06,11301.0,0.01503033
VIB/BTC,1630715637893,2021-09-04T00:33:57.893Z,buy,1.34e-06,223.0,0.00029882000000000004
VIB/BTC,1630715645957,2021-09-04T00:34:05.957Z,sell,1.33e-06,376.0,0.00050008
VIB/BTC,1630715645957,2021-09-04T00:34:05.957Z,sell,1.32e-06,4681.0,0.00617892
VIB/BTC,1630715646796,2021-09-04T00:34:06.796Z,buy,1.33e-06,3616.0,0.00480928
VIB/BTC,1630715647073,2021-09-04T00:34:07.073Z,buy,1.33e-06,82.0,0.00010906
VIB/BTC,1630715647480,2021-09-04T00:34:07.480Z,sell,1.32e-06,32783.0,0.04327356
VIB/BTC,1630715648298,2021-09-04T00:34:08.298Z,buy,1.33e-06,2373.0,0.00315609
VIB/BTC,1630715648532,2021-09-04T00:34:08.532Z,buy,1.33e-06,225.0,0.00029925
VIB/BTC,1630715649809,2021-09-04T00:34:09.809Z,sell,1.32e-06,1468.0,0.0019377600000000002
VIB/BTC,1630715649924,2021-09-04T00:34:09.924Z,sell,1.32e-06,734.0,0.0009688800000000001
VIB/BTC,1630715651720,2021-09-04T00:34:11.720Z,buy,1.33e-06,37.0,4.921e-05
VIB/BTC,1630715651720,2021-09-04T00:34:11.720Z,buy,1.34e-06,74.0,9.916e-05
VIB/BTC,1630715703892,2021-09-04T00:35:03.892Z,buy,1.33e-06,1799.0,0.00239267
VIB/BTC,1630715703892,2021-09-04T00:35:03.892Z,buy,1.34e-06,27509.0,0.03686206
VIB/BTC,1630715725253,2021-09-04T00:35:25.253Z,buy,1.34e-06,197.0,0.00026398000000000003
VIB/BTC,1630715725776,2021-09-04T00:35:25.776Z,buy,1.34e-06,1311.0,0.0017567400000000001
VIB/BTC,1630715732718,2021-09-04T00:35:32.718Z,sell,1.33e-06,6536.0,0.00869288
VIB/BTC,1630715787014,2021-09-04T00:36:27.014Z,sell,1.33e-06,223.0,0.00029659
VIB/BTC,1630715852290,2021-09-04T00:37:32.290Z,buy,1.34e-06,8059.0,0.010799060000000001
VIB/BTC,1630715886627,2021-09-04T00:38:06.627Z,buy,1.34e-06,3701.0,0.0049593400000000004
VIB/BTC,1630715949764,2021-09-04T00:39:09.764Z,buy,1.34e-06,9397.0,0.012591980000000001
VIB/BTC,1630715953602,2021-09-04T00:39:13.602Z,buy,1.34e-06,802.0,0.0010746800000000002
VIB/BTC,1630716160647,2021-09-04T00:42:40.647Z,sell,1.33e-06,347.0,0.00046151
VIB/BTC,1630716244882,2021-09-04T00:44:04.882Z,buy,1.34e-06,218266.0,0.29247644
VIB/BTC,1630716250394,2021-09-04T00:44:10.394Z,buy,1.35e-06,190032.0,0.25654319999999997
VIB/BTC,1630716250394,2021-09-04T00:44:10.394Z,buy,1.36e-06,310623.0,0.42244728
VIB/BTC,1630716250692,2021-09-04T00:44:10.692Z,buy,1.36e-06,165.0,0.00022439999999999998
VIB/BTC,1630716251039,2021-09-04T00:44:11.039Z,sell,1.35e-06,77.0,0.00010395
VIB/BTC,1630716251064,2021-09-04T00:44:11.064Z,sell,1.35e-06,3943.0,0.00532305
VIB/BTC,1630716251064,2021-09-04T00:44:11.064Z,sell,1.34e-06,77.0,0.00010318000000000001
VIB/BTC,1630716251130,2021-09-04T00:44:11.130Z,sell,1.35e-06,370.0,0.0004994999999999999
VIB/BTC,1630716251348,2021-09-04T00:44:11.348Z,sell,1.35e-06,554.0,0.0007479
VIB/BTC,1630716251366,2021-09-04T00:44:11.366Z,sell,1.35e-06,553.0,0.00074655
VIB/BTC,1630716251386,2021-09-04T00:44:11.386Z,sell,1.35e-06,553.0,0.00074655
VIB/BTC,1630716251406,2021-09-04T00:44:11.406Z,sell,1.35e-06,553.0,0.00074655
VIB/BTC,1630716251411,2021-09-04T00:44:11.411Z,sell,1.35e-06,1005.0,0.00135675
VIB/BTC,1630716251411,2021-09-04T00:44:11.411Z,sell,1.34e-06,553.0,0.00074102
VIB/BTC,1630716303074,2021-09-04T00:45:03.074Z,sell,1.35e-06,1258.0,0.0016983
VIB/BTC,1630716303074,2021-09-04T00:45:03.074Z,sell,1.35e-06,1258.0,0.0016983
VIB/BTC,1630716303074,2021-09-04T00:45:03.074Z,sell,1.35e-06,483.0,0.00065205
VIB/BTC,1630716320077,2021-09-04T00:45:20.077Z,buy,1.36e-06,34232.0,0.046555519999999996
VIB/BTC,1630716320120,2021-09-04T00:45:20.120Z,sell,1.36e-06,5258.0,0.007150879999999999
VIB/BTC,1630716320172,2021-09-04T00:45:20.172Z,sell,1.36e-06,621.0,0.00084456
VIB/BTC,1630716320192,2021-09-04T00:45:20.192Z,sell,1.36e-06,620.0,0.0008431999999999999
VIB/BTC,1630716320213,2021-09-04T00:45:20.213Z,sell,1.36e-06,620.0,0.0008431999999999999
VIB/BTC,1630716320240,2021-09-04T00:45:20.240Z,sell,1.36e-06,620.0,0.0008431999999999999
VIB/BTC,1630716320259,2021-09-04T00:45:20.259Z,sell,1.36e-06,619.0,0.00084184
VIB/BTC,1630716320263,2021-09-04T00:45:20.263Z,sell,1.36e-06,5827.0,0.00792472
VIB/BTC,1630716320263,2021-09-04T00:45:20.263Z,sell,1.35e-06,1239.0,0.00167265
VIB/BTC,1630716320322,2021-09-04T00:45:20.322Z,sell,1.36e-06,619.0,0.00084184
VIB/BTC,1630716320343,2021-09-04T00:45:20.343Z,sell,1.36e-06,619.0,0.00084184
VIB/BTC,1630716320361,2021-09-04T00:45:20.361Z,sell,1.36e-06,619.0,0.00084184
VIB/BTC,1630716320362,2021-09-04T00:45:20.362Z,sell,1.36e-06,25143.0,0.03419448
VIB/BTC,1630716320362,2021-09-04T00:45:20.362Z,sell,1.35e-06,1238.0,0.0016713
VIB/BTC,1630716320362,2021-09-04T00:45:20.362Z,sell,1.36e-06,25143.0,0.03419448
VIB/BTC,1630716320362,2021-09-04T00:45:20.362Z,sell,1.35e-06,1238.0,0.0016713
VIB/BTC,1630716503664,2021-09-04T00:48:23.664Z,buy,1.36e-06,3240.0,0.0044063999999999996
VIB/BTC,1630716547828,2021-09-04T00:49:07.828Z,buy,1.37e-06,4449.0,0.00609513
VIB/BTC,1630716867126,2021-09-04T00:54:27.126Z,buy,1.37e-06,12183.0,0.01669071
VIB/BTC,1630717219181,2021-09-04T01:00:19.181Z,buy,1.37e-06,656.0,0.00089872
VIB/BTC,1630717419559,2021-09-04T01:03:39.559Z,buy,1.37e-06,8122.0,0.01112714
VIB/BTC,1630717458457,2021-09-04T01:04:18.457Z,sell,1.36e-06,55691.0,0.07573975999999999
VIB/BTC,1630717458578,2021-09-04T01:04:18.578Z,sell,1.36e-06,103.0,0.00014008
VIB/BTC,1630717532965,2021-09-04T01:05:32.965Z,sell,1.36e-06,851.0,0.0011573599999999999
VIB/BTC,1630717711289,2021-09-04T01:08:31.289Z,sell,1.36e-06,500.0,0.0006799999999999999
VIB/BTC,1630717794861,2021-09-04T01:09:54.861Z,sell,1.36e-06,48368.0,0.06578047999999999
VIB/BTC,1630717914494,2021-09-04T01:11:54.494Z,buy,1.37e-06,25407.0,0.03480759
VIB/BTC,1630717914500,2021-09-04T01:11:54.500Z,sell,1.37e-06,2485.0,0.00340445
VIB/BTC,1630717914500,2021-09-04T01:11:54.500Z,sell,1.37e-06,2485.0,0.00340445
VIB/BTC,1630717914506,2021-09-04T01:11:54.506Z,sell,1.37e-06,539.0,0.00073843
VIB/BTC,1630717918558,2021-09-04T01:11:58.558Z,sell,1.37e-06,2327.0,0.00318799
VIB/BTC,1630718047695,2021-09-04T01:14:07.695Z,sell,1.37e-06,74.0,0.00010138
VIB/BTC,1630718757296,2021-09-04T01:25:57.296Z,buy,1.38e-06,760.0,0.0010488
VIB/BTC,1630718860560,2021-09-04T01:27:40.560Z,buy,1.38e-06,5517.0,0.00761346
VIB/BTC,1630718860560,2021-09-04T01:27:40.560Z,buy,1.39e-06,44912.0,0.06242768
VIB/BTC,1630718866195,2021-09-04T01:27:46.195Z,sell,1.38e-06,583.0,0.00080454
VIB/BTC,1630718927486,2021-09-04T01:28:47.486Z,sell,1.38e-06,35891.0,0.04952958
VIB/BTC,1630718928612,2021-09-04T01:28:48.612Z,sell,1.37e-06,241.0,0.00033017
VIB/BTC,1630718929542,2021-09-04T01:28:49.542Z,buy,1.39e-06,4370.0,0.0060743
VIB/BTC,1630718929546,2021-09-04T01:28:49.546Z,sell,1.39e-06,3072.0,0.00427008
VIB/BTC,1630718985525,2021-09-04T01:29:45.525Z,sell,1.38e-06,3999.0,0.005518619999999999
VIB/BTC,1630718990714,2021-09-04T01:29:50.714Z,sell,1.38e-06,208.0,0.00028703999999999996
VIB/BTC,1630719086429,2021-09-04T01:31:26.429Z,sell,1.38e-06,163.0,0.00022494
VIB/BTC,1630719086429,2021-09-04T01:31:26.429Z,sell,1.37e-06,8608.0,0.01179296
VIB/BTC,1630719099442,2021-09-04T01:31:39.442Z,sell,1.37e-06,197.0,0.00026989
VIB/BTC,1630719099827,2021-09-04T01:31:39.827Z,sell,1.37e-06,1310.0,0.0017947
VIB/BTC,1630719181161,2021-09-04T01:33:01.161Z,buy,1.39e-06,139.0,0.00019321
VIB/BTC,1630719250713,2021-09-04T01:34:10.713Z,buy,1.39e-06,342.0,0.00047538
VIB/BTC,1630719283086,2021-09-04T01:34:43.086Z,buy,1.39e-06,144.0,0.00020016
VIB/BTC,1630719361427,2021-09-04T01:36:01.427Z,sell,1.38e-06,26036.0,0.03592968
VIB/BTC,1630719361427,2021-09-04T01:36:01.427Z,sell,1.38e-06,26036.0,0.03592968
VIB/BTC,1630720139672,2021-09-04T01:48:59.672Z,sell,1.38e-06,3513.0,0.004847939999999999
VIB/BTC,1630720259060,2021-09-04T01:50:59.060Z,sell,1.38e-06,45962.0,0.06342756
VIB/BTC,1630720259060,2021-09-04T01:50:59.060Z,sell,1.37e-06,83300.0,0.114121
VIB/BTC,1630720259060,2021-09-04T01:50:59.060Z,sell,1.36e-06,44815.0,0.06094839999999999
VIB/BTC,1630720285112,2021-09-04T01:51:25.112Z,sell,1.36e-06,8823.0,0.01199928
VIB/BTC,1630720285132,2021-09-04T01:51:25.132Z,buy,1.36e-06,473.0,0.00064328
VIB/BTC,1630720286707,2021-09-04T01:51:26.707Z,buy,1.36e-06,1427.0,0.00194072
VIB/BTC,1630720286788,2021-09-04T01:51:26.788Z,buy,1.36e-06,220.0,0.00029919999999999995
VIB/BTC,1630720288849,2021-09-04T01:51:28.849Z,buy,1.36e-06,220.0,0.00029919999999999995
VIB/BTC,1630720290449,2021-09-04T01:51:30.449Z,buy,1.36e-06,726.0,0.0009873599999999998
VIB/BTC,1630720314851,2021-09-04T01:51:54.851Z,buy,1.36e-06,4297.0,0.00584392
VIB/BTC,1630720315574,2021-09-04T01:51:55.574Z,sell,1.36e-06,220.0,0.00029919999999999995
VIB/BTC,1630720317608,2021-09-04T01:51:57.608Z,sell,1.36e-06,220.0,0.00029919999999999995
VIB/BTC,1630720366112,2021-09-04T01:52:46.112Z,sell,1.36e-06,963.0,0.00130968
VIB/BTC,1630720499130,2021-09-04T01:54:59.130Z,sell,1.36e-06,19811.0,0.02694296
VIB/BTC,1630720561673,2021-09-04T01:56:01.673Z,buy,1.37e-06,12173.0,0.01667701
VIB/BTC,1630720561681,2021-09-04T01:56:01.681Z,sell,1.37e-06,302.0,0.00041374
VIB/BTC,1630720594448,2021-09-04T01:56:34.448Z,buy,1.38e-06,128206.0,0.17692428
VIB/BTC,1630720606550,2021-09-04T01:56:46.550Z,sell,1.38e-06,2555.0,0.0035258999999999998
VIB/BTC,1630720773991,2021-09-04T01:59:33.991Z,sell,1.38e-06,171.0,0.00023597999999999997
VIB/BTC,1630720796111,2021-09-04T01:59:56.111Z,sell,1.38e-06,2006.0,0.0027682799999999997
VIB/BTC,1630720870216,2021-09-04T02:01:10.216Z,sell,1.38e-06,3881.0,0.00535578
VIB/BTC,1630720948343,2021-09-04T02:02:28.343Z,buy,1.39e-06,4427.0,0.00615353
VIB/BTC,1630720990996,2021-09-04T02:03:10.996Z,buy,1.39e-06,73.0,0.00010147
VIB/BTC,1630720997435,2021-09-04T02:03:17.435Z,buy,1.39e-06,3598.0,0.00500122
VIB/BTC,1630721233762,2021-09-04T02:07:13.762Z,sell,1.38e-06,9982.0,0.01377516
VIB/BTC,1630721321319,2021-09-04T02:08:41.319Z,sell,1.38e-06,215.0,0.0002967
VIB/BTC,1630721404014,2021-09-04T02:10:04.014Z,sell,1.38e-06,9096.0,0.01255248
VIB/BTC,1630721454741,2021-09-04T02:10:54.741Z,sell,1.38e-06,27951.0,0.038572379999999996
VIB/BTC,1630721531009,2021-09-04T02:12:11.009Z,sell,1.38e-06,8642.0,0.01192596
VIB/BTC,1630721715131,2021-09-04T02:15:15.131Z,sell,1.38e-06,8223.0,0.011347739999999999
VIB/BTC,1630721715140,2021-09-04T02:15:15.140Z,sell,1.38e-06,288.0,0.00039744
VIB/BTC,1630721735091,2021-09-04T02:15:35.091Z,buy,1.39e-06,71.0,9.869e-05
VIB/BTC,1630721835561,2021-09-04T02:17:15.561Z,buy,1.39e-06,2933.0,0.00407687
VIB/BTC,1630721911389,2021-09-04T02:18:31.389Z,buy,1.39e-06,5767.0,0.00801613
VIB/BTC,1630722022383,2021-09-04T02:20:22.383Z,buy,1.39e-06,73.0,0.00010147
VIB/BTC,1630722058214,2021-09-04T02:20:58.214Z,sell,1.38e-06,908.0,0.00125304
VIB/BTC,1630722526895,2021-09-04T02:28:46.895Z,sell,1.38e-06,1843.0,0.00254334
VIB/BTC,1630722572208,2021-09-04T02:29:32.208Z,sell,1.38e-06,548.0,0.0007562399999999999
VIB/BTC,1630722754579,2021-09-04T02:32:34.579Z,buy,1.39e-06,357.0,0.0004962300000000001
VIB/BTC,1630722756908,2021-09-04T02:32:36.908Z,sell,1.39e-06,16950.0,0.0235605
VIB/BTC,1630722806401,2021-09-04T02:33:26.401Z,buy,1.39e-06,8653.0,0.01202767
VIB/BTC,1630722813144,2021-09-04T02:33:33.144Z,buy,1.39e-06,4327.0,0.006014530000000001
VIB/BTC,1630722813144,2021-09-04T02:33:33.144Z,buy,1.39e-06,4327.0,0.006014530000000001
VIB/BTC,1630723128162,2021-09-04T02:38:48.162Z,buy,1.39e-06,11571.0,0.01608369
VIB/BTC,1630723294799,2021-09-04T02:41:34.799Z,buy,1.39e-06,73.0,0.00010147
VIB/BTC,1630723399072,2021-09-04T02:43:19.072Z,sell,1.38e-06,356.0,0.00049128
VIB/BTC,1630723608977,2021-09-04T02:46:48.977Z,sell,1.38e-06,1528.0,0.0021086399999999997
VIB/BTC,1630723623507,2021-09-04T02:47:03.507Z,buy,1.39e-06,128.0,0.00017792
VIB/BTC,1630723651100,2021-09-04T02:47:31.100Z,sell,1.38e-06,3971.0,0.00547998
VIB/BTC,1630723674162,2021-09-04T02:47:54.162Z,sell,1.38e-06,3786.0,0.00522468
VIB/BTC,1630723698802,2021-09-04T02:48:18.802Z,sell,1.38e-06,438.0,0.0006044399999999999
VIB/BTC,1630723780069,2021-09-04T02:49:40.069Z,sell,1.38e-06,3000.0,0.00414
VIB/BTC,1630724416361,2021-09-04T03:00:16.361Z,sell,1.38e-06,731.0,0.00100878
VIB/BTC,1630724874588,2021-09-04T03:07:54.588Z,sell,1.38e-06,1378.0,0.0019016399999999998
VIB/BTC,1630724888749,2021-09-04T03:08:08.749Z,sell,1.38e-06,496.0,0.00068448
VIB/BTC,1630724931597,2021-09-04T03:08:51.597Z,buy,1.39e-06,2247.0,0.00312333
VIB/BTC,1630725080297,2021-09-04T03:11:20.297Z,buy,1.39e-06,2344.0,0.00325816
VIB/BTC,1630725513763,2021-09-04T03:18:33.763Z,buy,1.4e-06,535.0,0.000749
VIB/BTC,1630725513770,2021-09-04T03:18:33.770Z,buy,1.4e-06,4228.0,0.0059191999999999995
VIB/BTC,1630725514017,2021-09-04T03:18:34.017Z,buy,1.4e-06,1263.0,0.0017682
VIB/BTC,1630725655812,2021-09-04T03:20:55.812Z,buy,1.4e-06,5568.0,0.0077951999999999995
VIB/BTC,1630725655812,2021-09-04T03:20:55.812Z,buy,1.41e-06,63455.0,0.08947155
VIB/BTC,1630725655812,2021-09-04T03:20:55.812Z,buy,1.42e-06,25226.0,0.03582092
VIB/BTC,1630725656237,2021-09-04T03:20:56.237Z,buy,1.41e-06,423.0,0.00059643
VIB/BTC,1630725656574,2021-09-04T03:20:56.574Z,buy,1.41e-06,380.0,0.0005358
VIB/BTC,1630725656861,2021-09-04T03:20:56.861Z,buy,1.41e-06,6040.0,0.0085164
VIB/BTC,1630725657294,2021-09-04T03:20:57.294Z,buy,1.42e-06,72.0,0.00010224
VIB/BTC,1630725724847,2021-09-04T03:22:04.847Z,sell,1.4e-06,21047.0,0.0294658
VIB/BTC,1630725999562,2021-09-04T03:26:39.562Z,sell,1.4e-06,147.0,0.0002058
VIB/BTC,1630726002526,2021-09-04T03:26:42.526Z,sell,1.4e-06,1286.0,0.0018004
VIB/BTC,1630726060654,2021-09-04T03:27:40.654Z,buy,1.41e-06,262.0,0.00036942
VIB/BTC,1630726060784,2021-09-04T03:27:40.784Z,sell,1.4e-06,1335.0,0.001869
VIB/BTC,1630726060784,2021-09-04T03:27:40.784Z,sell,1.4e-06,1335.0,0.001869
VIB/BTC,1630726677910,2021-09-04T03:37:57.910Z,sell,1.4e-06,255.0,0.000357
VIB/BTC,1630726812415,2021-09-04T03:40:12.415Z,sell,1.4e-06,6211.0,0.008695399999999999
VIB/BTC,1630727033450,2021-09-04T03:43:53.450Z,sell,1.4e-06,6429.0,0.0090006
VIB/BTC,1630727069164,2021-09-04T03:44:29.164Z,sell,1.4e-06,433.0,0.0006062
VIB/BTC,1630727443352,2021-09-04T03:50:43.352Z,buy,1.41e-06,60209.0,0.08489469000000001
VIB/BTC,1630727443352,2021-09-04T03:50:43.352Z,buy,1.42e-06,90446.0,0.12843332
VIB/BTC,1630727447796,2021-09-04T03:50:47.796Z,sell,1.41e-06,255.0,0.00035955000000000004
VIB/BTC,1630727467709,2021-09-04T03:51:07.709Z,sell,1.41e-06,72.0,0.00010152
VIB/BTC,1630727470743,2021-09-04T03:51:10.743Z,buy,1.42e-06,72.0,0.00010224
VIB/BTC,1630727556728,2021-09-04T03:52:36.728Z,buy,1.42e-06,4451.0,0.00632042
VIB/BTC,1630727571256,2021-09-04T03:52:51.256Z,buy,1.42e-06,3450.0,0.004899
VIB/BTC,1630727638495,2021-09-04T03:53:58.495Z,buy,1.42e-06,1408.0,0.00199936
VIB/BTC,1630727662688,2021-09-04T03:54:22.688Z,sell,1.41e-06,1338.0,0.0018865800000000001
VIB/BTC,1630727822852,2021-09-04T03:57:02.852Z,sell,1.41e-06,617.0,0.0008699700000000001
VIB/BTC,1630727896441,2021-09-04T03:58:16.441Z,buy,1.42e-06,1344.0,0.00190848
VIB/BTC,1630727971270,2021-09-04T03:59:31.270Z,buy,1.42e-06,6600.0,0.009372
VIB/BTC,1630727983922,2021-09-04T03:59:43.922Z,buy,1.42e-06,72.0,0.00010224
VIB/BTC,1630727983922,2021-09-04T03:59:43.922Z,buy,1.43e-06,1327.0,0.00189761
VIB/BTC,1630727984249,2021-09-04T03:59:44.249Z,sell,1.42e-06,440.0,0.0006248
VIB/BTC,1630728209586,2021-09-04T04:03:29.586Z,sell,1.41e-06,97.0,0.00013677
VIB/BTC,1630728239526,2021-09-04T04:03:59.526Z,sell,1.41e-06,100.0,0.000141
VIB/BTC,1630728239812,2021-09-04T04:03:59.812Z,sell,1.41e-06,1328.0,0.0018724800000000002
VIB/BTC,1630728263413,2021-09-04T04:04:23.413Z,sell,1.41e-06,200.0,0.000282
VIB/BTC,1630728308672,2021-09-04T04:05:08.672Z,sell,1.41e-06,43604.0,0.061481640000000004
VIB/BTC,1630728309357,2021-09-04T04:05:09.357Z,sell,1.41e-06,83.0,0.00011703000000000001
VIB/BTC,1630728798683,2021-09-04T04:13:18.683Z,sell,1.41e-06,2919.0,0.00411579
VIB/BTC,1630728847836,2021-09-04T04:14:07.836Z,sell,1.41e-06,10082.0,0.01421562
VIB/BTC,1630729193401,2021-09-04T04:19:53.401Z,sell,1.41e-06,5749.0,0.00810609
VIB/BTC,1630729204371,2021-09-04T04:20:04.371Z,buy,1.42e-06,290.0,0.0004118
VIB/BTC,1630729214877,2021-09-04T04:20:14.877Z,buy,1.42e-06,1278.0,0.00181476
VIB/BTC,1630729267554,2021-09-04T04:21:07.554Z,buy,1.42e-06,140.0,0.0001988
VIB/BTC,1630729358122,2021-09-04T04:22:38.122Z,buy,1.42e-06,553.0,0.00078526
VIB/BTC,1630729618840,2021-09-04T04:26:58.840Z,sell,1.41e-06,108.0,0.00015228
VIB/BTC,1630729649873,2021-09-04T04:27:29.873Z,buy,1.42e-06,2000.0,0.00284
VIB/BTC,1630729656296,2021-09-04T04:27:36.296Z,buy,1.42e-06,1000.0,0.00142
VIB/BTC,1630729656296,2021-09-04T04:27:36.296Z,buy,1.42e-06,1000.0,0.00142
VIB/BTC,1630729703258,2021-09-04T04:28:23.258Z,buy,1.42e-06,930.0,0.0013206
VIB/BTC,1630729715211,2021-09-04T04:28:35.211Z,buy,1.42e-06,141.0,0.00020022
VIB/BTC,1630729742237,2021-09-04T04:29:02.237Z,sell,1.41e-06,404.0,0.0005696400000000001
VIB/BTC,1630730154654,2021-09-04T04:35:54.654Z,sell,1.41e-06,2980.0,0.0042018
VIB/BTC,1630730201573,2021-09-04T04:36:41.573Z,sell,1.41e-06,124.0,0.00017484
VIB/BTC,1630730360612,2021-09-04T04:39:20.612Z,sell,1.41e-06,4639.0,0.00654099
VIB/BTC,1630730361524,2021-09-04T04:39:21.524Z,buy,1.42e-06,633.0,0.00089886
VIB/BTC,1630730379441,2021-09-04T04:39:39.441Z,buy,1.42e-06,860.0,0.0012212
VIB/BTC,1630730485138,2021-09-04T04:41:25.138Z,buy,1.43e-06,846.0,0.0012097800000000001
VIB/BTC,1630730573978,2021-09-04T04:42:53.978Z,sell,1.41e-06,350.0,0.0004935
VIB/BTC,1630730713850,2021-09-04T04:45:13.850Z,buy,1.42e-06,1035.0,0.0014697
VIB/BTC,1630730851422,2021-09-04T04:47:31.422Z,sell,1.41e-06,80.0,0.0001128
VIB/BTC,1630730893193,2021-09-04T04:48:13.193Z,sell,1.41e-06,4286.0,0.00604326
VIB/BTC,1630731046470,2021-09-04T04:50:46.470Z,sell,1.41e-06,7407.0,0.010443870000000001
VIB/BTC,1630731046650,2021-09-04T04:50:46.650Z,sell,1.41e-06,90.0,0.0001269
VIB/BTC,1630731179385,2021-09-04T04:52:59.385Z,sell,1.41e-06,552.0,0.00077832
VIB/BTC,1630731392229,2021-09-04T04:56:32.229Z,sell,1.41e-06,9157.0,0.01291137
VIB/BTC,1630731392229,2021-09-04T04:56:32.229Z,sell,1.4e-06,109093.0,0.15273019999999998
VIB/BTC,1630731392352,2021-09-04T04:56:32.352Z,buy,1.42e-06,22.0,3.124e-05
VIB/BTC,1630731401016,2021-09-04T04:56:41.016Z,sell,1.4e-06,9567.0,0.013393799999999999
VIB/BTC,1630731407201,2021-09-04T04:56:47.201Z,sell,1.4e-06,3236.0,0.0045303999999999995
VIB/BTC,1630731431447,2021-09-04T04:57:11.447Z,sell,1.4e-06,3594.0,0.0050316
VIB/BTC,1630731432230,2021-09-04T04:57:12.230Z,sell,1.4e-06,292.0,0.00040879999999999996
VIB/BTC,1630731729754,2021-09-04T05:02:09.754Z,sell,1.4e-06,1072.0,0.0015007999999999998
VIB/BTC,1630731842197,2021-09-04T05:04:02.197Z,sell,1.4e-06,786.0,0.0011003999999999999
VIB/BTC,1630731982461,2021-09-04T05:06:22.461Z,sell,1.4e-06,76.0,0.0001064
VIB/BTC,1630732217875,2021-09-04T05:10:17.875Z,buy,1.41e-06,1254.0,0.00176814
VIB/BTC,1630732325182,2021-09-04T05:12:05.182Z,buy,1.41e-06,1072.0,0.0015115200000000001
VIB/BTC,1630732401530,2021-09-04T05:13:21.530Z,buy,1.41e-06,24680.0,0.034798800000000005
VIB/BTC,1630732409537,2021-09-04T05:13:29.537Z,buy,1.41e-06,3942.0,0.00555822
VIB/BTC,1630732513274,2021-09-04T05:15:13.274Z,buy,1.41e-06,574.0,0.0008093400000000001
VIB/BTC,1630732665509,2021-09-04T05:17:45.509Z,buy,1.41e-06,142.0,0.00020022
VIB/BTC,1630732706805,2021-09-04T05:18:26.805Z,buy,1.41e-06,156.0,0.00021996
VIB/BTC,1630732906841,2021-09-04T05:21:46.841Z,sell,1.4e-06,450.0,0.0006299999999999999
VIB/BTC,1630733179360,2021-09-04T05:26:19.360Z,sell,1.4e-06,11367.0,0.0159138
VIB/BTC,1630733179360,2021-09-04T05:26:19.360Z,sell,1.4e-06,11367.0,0.0159138
VIB/BTC,1630733364363,2021-09-04T05:29:24.363Z,sell,1.4e-06,102.0,0.0001428
VIB/BTC,1630733560754,2021-09-04T05:32:40.754Z,buy,1.41e-06,2513.0,0.00354333
VIB/BTC,1630733752253,2021-09-04T05:35:52.253Z,buy,1.41e-06,9057.0,0.01277037
VIB/BTC,1630733752253,2021-09-04T05:35:52.253Z,buy,1.42e-06,241598.0,0.34306916
VIB/BTC,1630733753719,2021-09-04T05:35:53.719Z,buy,1.42e-06,72.0,0.00010224
VIB/BTC,1630733757133,2021-09-04T05:35:57.133Z,sell,1.41e-06,2555.0,0.00360255
VIB/BTC,1630734071326,2021-09-04T05:41:11.326Z,sell,1.41e-06,4856.0,0.00684696
VIB/BTC,1630734075370,2021-09-04T05:41:15.370Z,buy,1.42e-06,72.0,0.00010224
VIB/BTC,1630734076469,2021-09-04T05:41:16.469Z,sell,1.41e-06,7199.0,0.010150590000000001
VIB/BTC,1630734087533,2021-09-04T05:41:27.533Z,sell,1.41e-06,4254.0,0.00599814
VIB/BTC,1630734150899,2021-09-04T05:42:30.899Z,sell,1.4e-06,2945.0,0.004123
VIB/BTC,1630734198042,2021-09-04T05:43:18.042Z,sell,1.4e-06,7199.0,0.0100786
VIB/BTC,1630734858442,2021-09-04T05:54:18.442Z,buy,1.41e-06,1000.0,0.00141
VIB/BTC,1630734873368,2021-09-04T05:54:33.368Z,buy,1.41e-06,1000.0,0.00141
VIB/BTC,1630735076572,2021-09-04T05:57:56.572Z,sell,1.4e-06,4273.0,0.0059822
VIB/BTC,1630735134795,2021-09-04T05:58:54.795Z,sell,1.4e-06,117.0,0.0001638
VIB/BTC,1630735142232,2021-09-04T05:59:02.232Z,sell,1.4e-06,345.0,0.000483
VIB/BTC,1630735241496,2021-09-04T06:00:41.496Z,buy,1.41e-06,2257.0,0.00318237
VIB/BTC,1630735357087,2021-09-04T06:02:37.087Z,buy,1.41e-06,2604.0,0.0036716400000000003
VIB/BTC,1630735454674,2021-09-04T06:04:14.674Z,buy,1.41e-06,781.0,0.00110121
VIB/BTC,1630735468135,2021-09-04T06:04:28.135Z,buy,1.41e-06,74.0,0.00010434000000000001
VIB/BTC,1630735502724,2021-09-04T06:05:02.724Z,sell,1.4e-06,346.0,0.00048439999999999996
VIB/BTC,1630735595211,2021-09-04T06:06:35.211Z,buy,1.41e-06,450.0,0.0006345
VIB/BTC,1630735713481,2021-09-04T06:08:33.481Z,buy,1.41e-06,107.0,0.00015087
VIB/BTC,1630735854281,2021-09-04T06:10:54.281Z,buy,1.41e-06,599.0,0.00084459
VIB/BTC,1630736316677,2021-09-04T06:18:36.677Z,buy,1.42e-06,104.0,0.00014768
VIB/BTC,1630736330775,2021-09-04T06:18:50.775Z,buy,1.42e-06,426.0,0.00060492
VIB/BTC,1630736476115,2021-09-04T06:21:16.115Z,buy,1.42e-06,1168.0,0.00165856
VIB/BTC,1630736509344,2021-09-04T06:21:49.344Z,buy,1.42e-06,1306.0,0.00185452
VIB/BTC,1630736573174,2021-09-04T06:22:53.174Z,buy,1.42e-06,2499.0,0.00354858
VIB/BTC,1630736674400,2021-09-04T06:24:34.400Z,buy,1.42e-06,1800.0,0.002556
VIB/BTC,1630736755142,2021-09-04T06:25:55.142Z,sell,1.41e-06,5000.0,0.00705
VIB/BTC,1630736755142,2021-09-04T06:25:55.142Z,sell,1.41e-06,5000.0,0.00705
VIB/BTC,1630736956008,2021-09-04T06:29:16.008Z,sell,1.41e-06,342.0,0.00048222
VIB/BTC,1630736973845,2021-09-04T06:29:33.845Z,sell,1.41e-06,2354.0,0.00331914
VIB/BTC,1630736974259,2021-09-04T06:29:34.259Z,sell,1.41e-06,444.0,0.00062604
VIB/BTC,1630737227921,2021-09-04T06:33:47.921Z,sell,1.41e-06,1465.0,0.00206565
VIB/BTC,1630737334573,2021-09-04T06:35:34.573Z,sell,1.41e-06,319.0,0.00044979000000000004
VIB/BTC,1630737449193,2021-09-04T06:37:29.193Z,buy,1.42e-06,292.0,0.00041464
VIB/BTC,1630737489053,2021-09-04T06:38:09.053Z,sell,1.41e-06,1468.0,0.00206988
VIB/BTC,1630737570201,2021-09-04T06:39:30.201Z,sell,1.41e-06,936.0,0.0013197600000000001
VIB/BTC,1630737639225,2021-09-04T06:40:39.225Z,sell,1.41e-06,257.0,0.00036237
VIB/BTC,1630737681813,2021-09-04T06:41:21.813Z,buy,1.42e-06,8341.0,0.011844219999999999
VIB/BTC,1630737681813,2021-09-04T06:41:21.813Z,buy,1.43e-06,33181.0,0.047448830000000004
VIB/BTC,1630737681813,2021-09-04T06:41:21.813Z,buy,1.44e-06,56645.0,0.0815688
VIB/BTC,1630737700119,2021-09-04T06:41:40.119Z,buy,1.43e-06,71.0,0.00010153
VIB/BTC,1630737713343,2021-09-04T06:41:53.343Z,buy,1.43e-06,1360.0,0.0019448
VIB/BTC,1630737730246,2021-09-04T06:42:10.246Z,buy,1.43e-06,315.0,0.00045045
VIB/BTC,1630737748144,2021-09-04T06:42:28.144Z,sell,1.42e-06,107164.0,0.15217287999999998
VIB/BTC,1630737816430,2021-09-04T06:43:36.430Z,sell,1.41e-06,152.0,0.00021432
VIB/BTC,1630737820986,2021-09-04T06:43:40.986Z,sell,1.41e-06,286.0,0.00040326
VIB/BTC,1630737836579,2021-09-04T06:43:56.579Z,sell,1.41e-06,219.0,0.00030879000000000003
VIB/BTC,1630737916038,2021-09-04T06:45:16.038Z,buy,1.43e-06,3275.0,0.00468325
VIB/BTC,1630737981463,2021-09-04T06:46:21.463Z,buy,1.43e-06,3406.0,0.00487058
VIB/BTC,1630738003223,2021-09-04T06:46:43.223Z,buy,1.43e-06,126.0,0.00018018
VIB/BTC,1630738131338,2021-09-04T06:48:51.338Z,buy,1.43e-06,963.0,0.00137709
VIB/BTC,1630738178749,2021-09-04T06:49:38.749Z,buy,1.43e-06,71.0,0.00010153
VIB/BTC,1630738247406,2021-09-04T06:50:47.406Z,sell,1.42e-06,440.0,0.0006248
VIB/BTC,1630738508153,2021-09-04T06:55:08.153Z,sell,1.41e-06,10183.0,0.01435803
VIB/BTC,1630738822579,2021-09-04T07:00:22.579Z,buy,1.42e-06,1963.0,0.00278746
VIB/BTC,1630738988290,2021-09-04T07:03:08.290Z,buy,1.42e-06,140.0,0.0001988
VIB/BTC,1630739055418,2021-09-04T07:04:15.418Z,sell,1.41e-06,72.0,0.00010152
VIB/BTC,1630739065976,2021-09-04T07:04:25.976Z,sell,1.41e-06,7786.0,0.01097826
VIB/BTC,1630739065976,2021-09-04T07:04:25.976Z,sell,1.4e-06,6953.0,0.0097342
VIB/BTC,1630739139264,2021-09-04T07:05:39.264Z,sell,1.4e-06,126.0,0.0001764
VIB/BTC,1630739140850,2021-09-04T07:05:40.850Z,sell,1.4e-06,17241.0,0.0241374
VIB/BTC,1630739255960,2021-09-04T07:07:35.960Z,sell,1.4e-06,757.0,0.0010597999999999998
VIB/BTC,1630739288101,2021-09-04T07:08:08.101Z,sell,1.4e-06,4418.0,0.0061852
VIB/BTC,1630739390780,2021-09-04T07:09:50.780Z,buy,1.41e-06,46062.0,0.06494742
VIB/BTC,1630739390784,2021-09-04T07:09:50.784Z,sell,1.41e-06,66124.0,0.09323484
VIB/BTC,1630739390789,2021-09-04T07:09:50.789Z,sell,1.41e-06,498.0,0.0007021800000000001
VIB/BTC,1630739676826,2021-09-04T07:14:36.826Z,sell,1.41e-06,3333.0,0.00469953
VIB/BTC,1630740203209,2021-09-04T07:23:23.209Z,buy,1.42e-06,1760.0,0.0024992
VIB/BTC,1630740335873,2021-09-04T07:25:35.873Z,sell,1.41e-06,1517.0,0.00213897
VIB/BTC,1630740335873,2021-09-04T07:25:35.873Z,sell,1.41e-06,1517.0,0.00213897
VIB/BTC,1630740809596,2021-09-04T07:33:29.596Z,buy,1.42e-06,104.0,0.00014768
VIB/BTC,1630740843587,2021-09-04T07:34:03.587Z,buy,1.42e-06,500.0,0.00071
VIB/BTC,1630741243142,2021-09-04T07:40:43.142Z,buy,1.42e-06,130166.0,0.18483571999999998
VIB/BTC,1630741252713,2021-09-04T07:40:52.713Z,buy,1.42e-06,111286.0,0.15802612
VIB/BTC,1630741253356,2021-09-04T07:40:53.356Z,buy,1.42e-06,119482.0,0.16966444
VIB/BTC,1630741259597,2021-09-04T07:40:59.597Z,sell,1.42e-06,9344.0,0.01326848
VIB/BTC,1630741261708,2021-09-04T07:41:01.708Z,buy,1.42e-06,111891.0,0.15888522
VIB/BTC,1630741263636,2021-09-04T07:41:03.636Z,buy,1.42e-06,107468.0,0.15260456
VIB/BTC,1630741268597,2021-09-04T07:41:08.597Z,sell,1.42e-06,21358.0,0.03032836
VIB/BTC,1630741270874,2021-09-04T07:41:10.874Z,buy,1.42e-06,117334.0,0.16661428
VIB/BTC,1630741272490,2021-09-04T07:41:12.490Z,buy,1.42e-06,94540.0,0.1342468
VIB/BTC,1630741275388,2021-09-04T07:41:15.388Z,sell,1.42e-06,34286.0,0.04868612
VIB/BTC,1630741277333,2021-09-04T07:41:17.333Z,buy,1.42e-06,120359.0,0.17090977999999998
VIB/BTC,1630741282419,2021-09-04T07:41:22.419Z,buy,1.42e-06,104029.0,0.14772118
VIB/BTC,1630741283218,2021-09-04T07:41:23.218Z,buy,1.42e-06,128826.0,0.18293292
VIB/BTC,1630741288627,2021-09-04T07:41:28.627Z,buy,1.42e-06,119149.0,0.16919158
VIB/BTC,1630741289682,2021-09-04T07:41:29.682Z,buy,1.42e-06,96620.0,0.1372004
VIB/BTC,1630741296694,2021-09-04T07:41:36.694Z,buy,1.42e-06,117939.0,0.16747338
VIB/BTC,1630741298418,2021-09-04T07:41:38.418Z,buy,1.42e-06,96533.0,0.13707686
VIB/BTC,1630741503203,2021-09-04T07:45:03.203Z,buy,1.42e-06,108166.0,0.15359572
VIB/BTC,1630741504842,2021-09-04T07:45:04.842Z,buy,1.42e-06,108166.0,0.15359572
VIB/BTC,1630741509313,2021-09-04T07:45:09.313Z,buy,1.42e-06,106480.0,0.1512016
VIB/BTC,1630741510930,2021-09-04T07:45:10.930Z,buy,1.42e-06,101385.0,0.1439667
VIB/BTC,1630741517692,2021-09-04T07:45:17.692Z,buy,1.42e-06,91705.0,0.1302211
VIB/BTC,1630741519740,2021-09-04T07:45:19.740Z,buy,1.42e-06,100876.0,0.14324392
VIB/BTC,1630741522090,2021-09-04T07:45:22.090Z,buy,1.42e-06,65956.0,0.09365752
VIB/BTC,1630741523174,2021-09-04T07:45:23.174Z,sell,1.42e-06,19126.0,0.02715892
VIB/BTC,1630741525104,2021-09-04T07:45:25.104Z,buy,1.42e-06,95781.0,0.13600902
VIB/BTC,1630741526780,2021-09-04T07:45:26.780Z,buy,1.42e-06,101385.0,0.1439667
VIB/BTC,1630741531174,2021-09-04T07:45:31.174Z,buy,1.42e-06,96800.0,0.137456
VIB/BTC,1630741533146,2021-09-04T07:45:33.146Z,buy,1.42e-06,106480.0,0.1512016
VIB/BTC,1630741537177,2021-09-04T07:45:37.177Z,buy,1.42e-06,108009.0,0.15337278
VIB/BTC,1630741538230,2021-09-04T07:45:38.230Z,buy,1.42e-06,89158.0,0.12660436
VIB/BTC,1630741663581,2021-09-04T07:47:43.581Z,buy,1.42e-06,74546.0,0.10585532
VIB/BTC,1630741664467,2021-09-04T07:47:44.467Z,sell,1.42e-06,117.0,0.00016614
VIB/BTC,1630741794421,2021-09-04T07:49:54.421Z,sell,1.42e-06,80.0,0.0001136
VIB/BTC,1630741813292,2021-09-04T07:50:13.292Z,sell,1.42e-06,558.0,0.00079236
VIB/BTC,1630741813457,2021-09-04T07:50:13.457Z,sell,1.42e-06,558.0,0.00079236
VIB/BTC,1630741818209,2021-09-04T07:50:18.209Z,buy,1.43e-06,71.0,0.00010153
VIB/BTC,1630741826066,2021-09-04T07:50:26.066Z,sell,1.42e-06,251.0,0.00035642
VIB/BTC,1630741845973,2021-09-04T07:50:45.973Z,sell,1.42e-06,42000.0,0.05964
VIB/BTC,1630742000771,2021-09-04T07:53:20.771Z,sell,1.42e-06,501.0,0.0007114199999999999
VIB/BTC,1630742084934,2021-09-04T07:54:44.934Z,sell,1.42e-06,153.0,0.00021726
VIB/BTC,1630742151884,2021-09-04T07:55:51.884Z,sell,1.42e-06,3653.0,0.00518726
VIB/BTC,1630742210920,2021-09-04T07:56:50.920Z,sell,1.42e-06,85.0,0.00012069999999999999
VIB/BTC,1630742233880,2021-09-04T07:57:13.880Z,sell,1.42e-06,8195.0,0.0116369
VIB/BTC,1630742360075,2021-09-04T07:59:20.075Z,sell,1.41e-06,81043.0,0.11427063
VIB/BTC,1630742360261,2021-09-04T07:59:20.261Z,sell,1.41e-06,100.0,0.000141
VIB/BTC,1630742413438,2021-09-04T08:00:13.438Z,buy,1.42e-06,37070.0,0.052639399999999996
VIB/BTC,1630742413452,2021-09-04T08:00:13.452Z,sell,1.42e-06,17512.0,0.02486704
VIB/BTC,1630742415100,2021-09-04T08:00:15.100Z,sell,1.42e-06,248853.0,0.35337125999999996
VIB/BTC,1630742420731,2021-09-04T08:00:20.731Z,buy,1.42e-06,207937.0,0.29527053999999997
VIB/BTC,1630742425568,2021-09-04T08:00:25.568Z,buy,1.42e-06,143043.0,0.20312106
VIB/BTC,1630742426263,2021-09-04T08:00:26.263Z,buy,1.42e-06,1620.0,0.0023003999999999998
VIB/BTC,1630742431108,2021-09-04T08:00:31.108Z,buy,1.42e-06,137938.0,0.19587195999999998
VIB/BTC,1630742432504,2021-09-04T08:00:32.504Z,buy,1.42e-06,95772.0,0.13599624
VIB/BTC,1630742434769,2021-09-04T08:00:34.769Z,buy,1.42e-06,35107.0,0.04985194
VIB/BTC,1630742436428,2021-09-04T08:00:36.428Z,sell,1.42e-06,57426.0,0.08154491999999999
VIB/BTC,1630742438669,2021-09-04T08:00:38.669Z,buy,1.42e-06,90683.0,0.12876985999999999
VIB/BTC,1630742440252,2021-09-04T08:00:40.252Z,buy,1.42e-06,91145.0,0.12942589999999998
VIB/BTC,1630742449282,2021-09-04T08:00:49.282Z,buy,1.42e-06,92533.0,0.13139686
VIB/BTC,1630742450977,2021-09-04T08:00:50.977Z,buy,1.42e-06,94847.0,0.13468274
VIB/BTC,1630742457078,2021-09-04T08:00:57.078Z,buy,1.42e-06,88369.0,0.12548398
VIB/BTC,1630742459509,2021-09-04T08:00:59.509Z,buy,1.42e-06,93459.0,0.13271178
VIB/BTC,1630742465247,2021-09-04T08:01:05.247Z,buy,1.42e-06,83280.0,0.11825759999999999
VIB/BTC,1630742469045,2021-09-04T08:01:09.045Z,buy,1.42e-06,88369.0,0.12548398
VIB/BTC,1630742470293,2021-09-04T08:01:10.293Z,buy,1.42e-06,94847.0,0.13468274
VIB/BTC,1630742473417,2021-09-04T08:01:13.417Z,buy,1.42e-06,85601.0,0.12155342
VIB/BTC,1630742555635,2021-09-04T08:02:35.635Z,buy,1.42e-06,72.0,0.00010224
VIB/BTC,1630742593375,2021-09-04T08:03:13.375Z,sell,1.41e-06,9022.0,0.012721020000000001
VIB/BTC,1630742650401,2021-09-04T08:04:10.401Z,buy,1.42e-06,212.0,0.00030104
VIB/BTC,1630742664987,2021-09-04T08:04:24.987Z,buy,1.42e-06,209.0,0.00029678
VIB/BTC,1630742685198,2021-09-04T08:04:45.198Z,buy,1.42e-06,72.0,0.00010224
VIB/BTC,1630742797019,2021-09-04T08:06:37.019Z,buy,1.42e-06,147.0,0.00020873999999999998
VIB/BTC,1630742853548,2021-09-04T08:07:33.548Z,buy,1.42e-06,10060.0,0.0142852
VIB/BTC,1630742892702,2021-09-04T08:08:12.702Z,buy,1.42e-06,1675.0,0.0023785
VIB/BTC,1630743123577,2021-09-04T08:12:03.577Z,sell,1.41e-06,1638.0,0.00230958
VIB/BTC,1630743204370,2021-09-04T08:13:24.370Z,buy,1.42e-06,2809.0,0.00398878
VIB/BTC,1630743270481,2021-09-04T08:14:30.481Z,buy,1.42e-06,141.0,0.00020022
VIB/BTC,1630743428557,2021-09-04T08:17:08.557Z,sell,1.41e-06,928.0,0.00130848
VIB/BTC,1630743670082,2021-09-04T08:21:10.082Z,sell,1.41e-06,169408.0,0.23886528
VIB/BTC,1630743735882,2021-09-04T08:22:15.882Z,sell,1.41e-06,53353.0,0.07522773
VIB/BTC,1630743739124,2021-09-04T08:22:19.124Z,sell,1.41e-06,971.0,0.00136911
VIB/BTC,1630743764617,2021-09-04T08:22:44.617Z,sell,1.41e-06,5446.0,0.00767886
VIB/BTC,1630743797513,2021-09-04T08:23:17.513Z,buy,1.42e-06,453.0,0.00064326
VIB/BTC,1630743853774,2021-09-04T08:24:13.774Z,sell,1.41e-06,42000.0,0.05922
VIB/BTC,1630743853774,2021-09-04T08:24:13.774Z,sell,1.41e-06,42000.0,0.05922
VIB/BTC,1630744089605,2021-09-04T08:28:09.605Z,buy,1.42e-06,140.0,0.0001988
VIB/BTC,1630744370178,2021-09-04T08:32:50.178Z,buy,1.42e-06,1409.0,0.0020007799999999997
VIB/BTC,1630744586706,2021-09-04T08:36:26.706Z,sell,1.41e-06,9042.0,0.01274922
VIB/BTC,1630744599051,2021-09-04T08:36:39.051Z,sell,1.41e-06,348.0,0.0004906800000000001
VIB/BTC,1630744607809,2021-09-04T08:36:47.809Z,sell,1.41e-06,109.0,0.00015369
VIB/BTC,1630744613143,2021-09-04T08:36:53.143Z,buy,1.42e-06,1692.0,0.0024026399999999997
VIB/BTC,1630744629379,2021-09-04T08:37:09.379Z,buy,1.42e-06,549.0,0.00077958
VIB/BTC,1630744796492,2021-09-04T08:39:56.492Z,buy,1.42e-06,676.0,0.00095992
VIB/BTC,1630744856723,2021-09-04T08:40:56.723Z,sell,1.41e-06,92848.0,0.13091568
VIB/BTC,1630744857394,2021-09-04T08:40:57.394Z,buy,1.42e-06,2112.0,0.0029990399999999997
VIB/BTC,1630744888221,2021-09-04T08:41:28.221Z,buy,1.42e-06,126286.0,0.17932612
VIB/BTC,1630744988857,2021-09-04T08:43:08.857Z,buy,1.42e-06,4929.0,0.00699918
VIB/BTC,1630745112605,2021-09-04T08:45:12.605Z,sell,1.41e-06,1809.0,0.00255069
VIB/BTC,1630745187529,2021-09-04T08:46:27.529Z,buy,1.42e-06,248.0,0.00035216
VIB/BTC,1630745297241,2021-09-04T08:48:17.241Z,buy,1.42e-06,86.0,0.00012212
VIB/BTC,1630745299526,2021-09-04T08:48:19.526Z,buy,1.42e-06,72.0,0.00010224
VIB/BTC,1630745304806,2021-09-04T08:48:24.806Z,sell,1.41e-06,190.0,0.0002679
VIB/BTC,1630745367990,2021-09-04T08:49:27.990Z,sell,1.41e-06,326.0,0.00045966000000000003
VIB/BTC,1630745553166,2021-09-04T08:52:33.166Z,sell,1.41e-06,1630.0,0.0022983
VIB/BTC,1630745566161,2021-09-04T08:52:46.161Z,sell,1.41e-06,12462.0,0.01757142
VIB/BTC,1630745636406,2021-09-04T08:53:56.406Z,sell,1.41e-06,1541.0,0.0021728100000000003
VIB/BTC,1630745636406,2021-09-04T08:53:56.406Z,sell,1.4e-06,42503.0,0.0595042
VIB/BTC,1630745636406,2021-09-04T08:53:56.406Z,sell,1.4e-06,929.0,0.0013005999999999998
VIB/BTC,1630745644703,2021-09-04T08:54:04.703Z,sell,1.4e-06,845.0,0.001183
VIB/BTC,1630745652055,2021-09-04T08:54:12.055Z,buy,1.41e-06,1064.0,0.0015002400000000001
VIB/BTC,1630746062038,2021-09-04T09:01:02.038Z,sell,1.4e-06,30941.0,0.0433174
VIB/BTC,1630746068134,2021-09-04T09:01:08.134Z,sell,1.4e-06,795.0,0.001113
VIB/BTC,1630746177004,2021-09-04T09:02:57.004Z,sell,1.39e-06,74.0,0.00010286
VIB/BTC,1630746177004,2021-09-04T09:02:57.004Z,sell,1.39e-06,2000.0,0.00278
VIB/BTC,1630746177035,2021-09-04T09:02:57.035Z,sell,1.39e-06,536.0,0.00074504
VIB/BTC,1630746221548,2021-09-04T09:03:41.548Z,sell,1.39e-06,4380.0,0.0060882
VIB/BTC,1630746243454,2021-09-04T09:04:03.454Z,buy,1.4e-06,1118.0,0.0015651999999999999
VIB/BTC,1630746243959,2021-09-04T09:04:03.959Z,sell,1.39e-06,10803.0,0.01501617
VIB/BTC,1630746243973,2021-09-04T09:04:03.973Z,sell,1.39e-06,548.0,0.00076172
VIB/BTC,1630746244784,2021-09-04T09:04:04.784Z,buy,1.4e-06,716.0,0.0010023999999999999
VIB/BTC,1630746246877,2021-09-04T09:04:06.877Z,buy,1.4e-06,1683.0,0.0023561999999999997
VIB/BTC,1630746381152,2021-09-04T09:06:21.152Z,sell,1.39e-06,11026.0,0.01532614
VIB/BTC,1630746425623,2021-09-04T09:07:05.623Z,sell,1.38e-06,683.0,0.00094254
VIB/BTC,1630746431464,2021-09-04T09:07:11.464Z,sell,1.39e-06,10333.0,0.01436287
VIB/BTC,1630746500998,2021-09-04T09:08:20.998Z,sell,1.39e-06,12463.0,0.01732357
VIB/BTC,1630746568401,2021-09-04T09:09:28.401Z,sell,1.39e-06,11034.0,0.01533726
VIB/BTC,1630746616345,2021-09-04T09:10:16.345Z,buy,1.4e-06,79.0,0.00011059999999999999
VIB/BTC,1630746657098,2021-09-04T09:10:57.098Z,sell,1.38e-06,73.0,0.00010073999999999999
VIB/BTC,1630746832239,2021-09-04T09:13:52.239Z,sell,1.38e-06,6593.0,0.00909834
VIB/BTC,1630746836785,2021-09-04T09:13:56.785Z,buy,1.39e-06,1572.0,0.00218508
VIB/BTC,1630746850460,2021-09-04T09:14:10.460Z,sell,1.38e-06,92.0,0.00012696
VIB/BTC,1630746851680,2021-09-04T09:14:11.680Z,buy,1.39e-06,105.0,0.00014595
VIB/BTC,1630746856194,2021-09-04T09:14:16.194Z,buy,1.39e-06,360.0,0.0005004
VIB/BTC,1630746859473,2021-09-04T09:14:19.473Z,buy,1.39e-06,2289.0,0.00318171
VIB/BTC,1630747000849,2021-09-04T09:16:40.849Z,buy,1.39e-06,99.0,0.00013761
VIB/BTC,1630747060665,2021-09-04T09:17:40.665Z,sell,1.38e-06,1274.0,0.00175812
VIB/BTC,1630747092379,2021-09-04T09:18:12.379Z,sell,1.38e-06,525.0,0.0007245
VIB/BTC,1630747123234,2021-09-04T09:18:43.234Z,buy,1.39e-06,6302.0,0.00875978
VIB/BTC,1630747144737,2021-09-04T09:19:04.737Z,buy,1.39e-06,145.0,0.00020155
VIB/BTC,1630747183415,2021-09-04T09:19:43.415Z,sell,1.38e-06,353.0,0.00048713999999999995
VIB/BTC,1630747194202,2021-09-04T09:19:54.202Z,buy,1.39e-06,151.0,0.00020989
VIB/BTC,1630747206118,2021-09-04T09:20:06.118Z,buy,1.39e-06,4225.0,0.00587275
VIB/BTC,1630747206126,2021-09-04T09:20:06.126Z,sell,1.39e-06,1677.0,0.00233103
VIB/BTC,1630747206126,2021-09-04T09:20:06.126Z,sell,1.39e-06,1677.0,0.00233103
VIB/BTC,1630747206129,2021-09-04T09:20:06.129Z,sell,1.39e-06,458.0,0.0006366200000000001
VIB/BTC,1630747244112,2021-09-04T09:20:44.112Z,sell,1.39e-06,4595.0,0.00638705
VIB/BTC,1630747275700,2021-09-04T09:21:15.700Z,sell,1.39e-06,2418.0,0.00336102
VIB/BTC,1630747276391,2021-09-04T09:21:16.391Z,sell,1.38e-06,2423.0,0.00334374
VIB/BTC,1630747336130,2021-09-04T09:22:16.130Z,sell,1.38e-06,3372.0,0.00465336
VIB/BTC,1630747357079,2021-09-04T09:22:37.079Z,sell,1.38e-06,266.0,0.00036708
VIB/BTC,1630747357079,2021-09-04T09:22:37.079Z,sell,1.38e-06,266.0,0.00036708
VIB/BTC,1630747493425,2021-09-04T09:24:53.425Z,sell,1.38e-06,3536.0,0.00487968
VIB/BTC,1630747515540,2021-09-04T09:25:15.540Z,sell,1.38e-06,2214.0,0.00305532
VIB/BTC,1630747588821,2021-09-04T09:26:28.821Z,sell,1.38e-06,525.0,0.0007245
VIB/BTC,1630747588856,2021-09-04T09:26:28.856Z,sell,1.38e-06,525.0,0.0007245
VIB/BTC,1630747588860,2021-09-04T09:26:28.860Z,sell,1.38e-06,9043.0,0.012479339999999998
VIB/BTC,1630747687830,2021-09-04T09:28:07.830Z,buy,1.39e-06,716.0,0.00099524
VIB/BTC,1630747714041,2021-09-04T09:28:34.041Z,sell,1.38e-06,1470.0,0.0020285999999999998
VIB/BTC,1630747752451,2021-09-04T09:29:12.451Z,buy,1.39e-06,4413.0,0.00613407
VIB/BTC,1630747805108,2021-09-04T09:30:05.108Z,buy,1.39e-06,453.0,0.00062967
VIB/BTC,1630747834041,2021-09-04T09:30:34.041Z,buy,1.39e-06,5480.0,0.0076172
VIB/BTC,1630747846210,2021-09-04T09:30:46.210Z,buy,1.39e-06,4289.0,0.00596171
VIB/BTC,1630747846611,2021-09-04T09:30:46.611Z,buy,1.39e-06,3117.0,0.0043326300000000005
VIB/BTC,1630747858447,2021-09-04T09:30:58.447Z,sell,1.38e-06,78.0,0.00010763999999999999
VIB/BTC,1630747858460,2021-09-04T09:30:58.460Z,sell,1.38e-06,8182.0,0.01129116
VIB/BTC,1630747875850,2021-09-04T09:31:15.850Z,sell,1.38e-06,134.0,0.00018491999999999998
VIB/BTC,1630747881432,2021-09-04T09:31:21.432Z,sell,1.38e-06,289.0,0.00039882
VIB/BTC,1630747924537,2021-09-04T09:32:04.537Z,sell,1.38e-06,165.0,0.00022769999999999998
VIB/BTC,1630747926177,2021-09-04T09:32:06.177Z,sell,1.38e-06,9462.0,0.01305756
VIB/BTC,1630747945876,2021-09-04T09:32:25.876Z,sell,1.38e-06,16025.0,0.0221145
VIB/BTC,1630748016264,2021-09-04T09:33:36.264Z,sell,1.38e-06,12462.0,0.01719756
VIB/BTC,1630748085431,2021-09-04T09:34:45.431Z,sell,1.38e-06,12462.0,0.01719756
VIB/BTC,1630748106298,2021-09-04T09:35:06.298Z,buy,1.39e-06,2252.0,0.00313028
VIB/BTC,1630748154401,2021-09-04T09:35:54.401Z,sell,1.38e-06,552.0,0.00076176
VIB/BTC,1630748154427,2021-09-04T09:35:54.427Z,sell,1.38e-06,552.0,0.00076176
VIB/BTC,1630748154447,2021-09-04T09:35:54.447Z,sell,1.38e-06,552.0,0.00076176
VIB/BTC,1630748154457,2021-09-04T09:35:54.457Z,sell,1.38e-06,1578.0,0.00217764
VIB/BTC,1630748169135,2021-09-04T09:36:09.135Z,buy,1.39e-06,795.0,0.00110505
VIB/BTC,1630748222778,2021-09-04T09:37:02.778Z,sell,1.38e-06,12462.0,0.01719756
VIB/BTC,1630748225511,2021-09-04T09:37:05.511Z,buy,1.39e-06,669.0,0.00092991
VIB/BTC,1630748272327,2021-09-04T09:37:52.327Z,sell,1.38e-06,6007.0,0.008289659999999999
VIB/BTC,1630748289040,2021-09-04T09:38:09.040Z,sell,1.38e-06,20284.0,0.02799192
VIB/BTC,1630748289173,2021-09-04T09:38:09.173Z,sell,1.38e-06,27179.0,0.037507019999999995
VIB/BTC,1630748296116,2021-09-04T09:38:16.116Z,buy,1.39e-06,4324.0,0.00601036
VIB/BTC,1630748303542,2021-09-04T09:38:23.542Z,sell,1.37e-06,1353.0,0.0018536100000000001
VIB/BTC,1630748324575,2021-09-04T09:38:44.575Z,buy,1.38e-06,1000.0,0.00138
VIB/BTC,1630748324575,2021-09-04T09:38:44.575Z,buy,1.39e-06,73.0,0.00010147
VIB/BTC,1630748394802,2021-09-04T09:39:54.802Z,sell,1.38e-06,109.0,0.00015041999999999999
VIB/BTC,1630748395443,2021-09-04T09:39:55.443Z,buy,1.39e-06,1152.0,0.00160128
VIB/BTC,1630748404641,2021-09-04T09:40:04.641Z,buy,1.39e-06,79.0,0.00010981000000000001
VIB/BTC,1630748462776,2021-09-04T09:41:02.776Z,buy,1.39e-06,2281.0,0.00317059
VIB/BTC,1630748602838,2021-09-04T09:43:22.838Z,buy,1.39e-06,4937.0,0.00686243
VIB/BTC,1630748766202,2021-09-04T09:46:06.202Z,buy,1.39e-06,14388.0,0.01999932
VIB/BTC,1630748857088,2021-09-04T09:47:37.088Z,sell,1.38e-06,7124.0,0.009831119999999999
VIB/BTC,1630748857088,2021-09-04T09:47:37.088Z,sell,1.37e-06,11402.0,0.01562074
VIB/BTC,1630748876650,2021-09-04T09:47:56.650Z,buy,1.38e-06,3420.0,0.0047196
VIB/BTC,1630748880518,2021-09-04T09:48:00.518Z,buy,1.38e-06,937.0,0.00129306
VIB/BTC,1630748888433,2021-09-04T09:48:08.433Z,buy,1.38e-06,13.0,1.7939999999999998e-05
VIB/BTC,1630748888433,2021-09-04T09:48:08.433Z,buy,1.39e-06,1243.0,0.00172777
VIB/BTC,1630749048291,2021-09-04T09:50:48.291Z,buy,1.39e-06,6491.0,0.009022490000000001
VIB/BTC,1630749048543,2021-09-04T09:50:48.543Z,buy,1.39e-06,5967.0,0.00829413
VIB/BTC,1630749163188,2021-09-04T09:52:43.188Z,buy,1.39e-06,532.0,0.00073948
VIB/BTC,1630749262016,2021-09-04T09:54:22.016Z,buy,1.39e-06,6962.0,0.00967718
VIB/BTC,1630749424336,2021-09-04T09:57:04.336Z,sell,1.38e-06,795.0,0.0010971
VIB/BTC,1630749461668,2021-09-04T09:57:41.668Z,buy,1.39e-06,73.0,0.00010147
VIB/BTC,1630749560763,2021-09-04T09:59:20.763Z,sell,1.37e-06,615.0,0.00084255
VIB/BTC,1630749583954,2021-09-04T09:59:43.954Z,buy,1.39e-06,903.0,0.0012551700000000001
VIB/BTC,1630749637008,2021-09-04T10:00:37.008Z,sell,1.37e-06,271.0,0.00037127
VIB/BTC,1630749666595,2021-09-04T10:01:06.595Z,sell,1.37e-06,2203.0,0.00301811
VIB/BTC,1630749700027,2021-09-04T10:01:40.027Z,buy,1.38e-06,153.0,0.00021114
VIB/BTC,1630749884858,2021-09-04T10:04:44.858Z,buy,1.38e-06,817.0,0.0011274599999999998
VIB/BTC,1630749959257,2021-09-04T10:05:59.257Z,buy,1.38e-06,1514.0,0.00208932
VIB/BTC,1630749961171,2021-09-04T10:06:01.171Z,buy,1.38e-06,140.0,0.00019319999999999998
VIB/BTC,1630749979457,2021-09-04T10:06:19.457Z,buy,1.38e-06,1667.0,0.00230046
VIB/BTC,1630750184886,2021-09-04T10:09:44.886Z,buy,1.38e-06,217.0,0.00029946
VIB/BTC,1630750420570,2021-09-04T10:13:40.570Z,buy,1.38e-06,6242.0,0.008613959999999999
VIB/BTC,1630750420570,2021-09-04T10:13:40.570Z,buy,1.39e-06,101625.0,0.14125875000000002
VIB/BTC,1630750422559,2021-09-04T10:13:42.559Z,buy,1.39e-06,26224.0,0.03645136
VIB/BTC,1630750424159,2021-09-04T10:13:44.159Z,buy,1.39e-06,6556.0,0.00911284
VIB/BTC,1630750425777,2021-09-04T10:13:45.777Z,buy,1.39e-06,1639.0,0.00227821
VIB/BTC,1630750431377,2021-09-04T10:13:51.377Z,buy,1.39e-06,410.0,0.0005699
VIB/BTC,1630750457961,2021-09-04T10:14:17.961Z,buy,1.39e-06,1260.0,0.0017514
VIB/BTC,1630750474419,2021-09-04T10:14:34.419Z,buy,1.39e-06,196.0,0.00027244
VIB/BTC,1630750474653,2021-09-04T10:14:34.653Z,buy,1.39e-06,1000.0,0.00139
VIB/BTC,1630750494005,2021-09-04T10:14:54.005Z,sell,1.37e-06,1516.0,0.00207692
VIB/BTC,1630750517332,2021-09-04T10:15:17.332Z,buy,1.39e-06,1584.0,0.00220176
VIB/BTC,1630750613482,2021-09-04T10:16:53.482Z,buy,1.38e-06,72.0,9.936e-05
VIB/BTC,1630750673359,2021-09-04T10:17:53.359Z,sell,1.37e-06,148.0,0.00020276
VIB/BTC,1630750791336,2021-09-04T10:19:51.336Z,sell,1.37e-06,146.0,0.00020002
VIB/BTC,1630750819703,2021-09-04T10:20:19.703Z,buy,1.38e-06,5387.0,0.007434059999999999
VIB/BTC,1630750819819,2021-09-04T10:20:19.819Z,sell,1.38e-06,1398.0,0.0019292399999999998
VIB/BTC,1630750820418,2021-09-04T10:20:20.418Z,sell,1.38e-06,74.0,0.00010211999999999999
VIB/BTC,1630750859995,2021-09-04T10:20:59.995Z,buy,1.39e-06,137076.0,0.19053564
VIB/BTC,1630750932087,2021-09-04T10:22:12.087Z,buy,1.39e-06,2369.0,0.00329291
VIB/BTC,1630750932087,2021-09-04T10:22:12.087Z,buy,1.39e-06,2369.0,0.00329291
VIB/BTC,1630751082730,2021-09-04T10:24:42.730Z,buy,1.39e-06,5245.0,0.00729055
VIB/BTC,1630751095947,2021-09-04T10:24:55.947Z,sell,1.39e-06,1036.0,0.00144004
VIB/BTC,1630751181013,2021-09-04T10:26:21.013Z,buy,1.4e-06,783.0,0.0010961999999999999
VIB/BTC,1630751404918,2021-09-04T10:30:04.918Z,sell,1.39e-06,1565.0,0.00217535
VIB/BTC,1630751561439,2021-09-04T10:32:41.439Z,sell,1.39e-06,2994.0,0.00416166
VIB/BTC,1630751998095,2021-09-04T10:39:58.095Z,buy,1.4e-06,1836.0,0.0025704
VIB/BTC,1630752026815,2021-09-04T10:40:26.815Z,buy,1.4e-06,250.0,0.00035
VIB/BTC,1630752052539,2021-09-04T10:40:52.539Z,buy,1.4e-06,7130.0,0.009982
VIB/BTC,1630752188367,2021-09-04T10:43:08.367Z,buy,1.4e-06,1057.0,0.0014797999999999999
VIB/BTC,1630752377349,2021-09-04T10:46:17.349Z,buy,1.4e-06,367.0,0.0005138
VIB/BTC,1630752579085,2021-09-04T10:49:39.085Z,sell,1.39e-06,178.0,0.00024742
VIB/BTC,1630752597484,2021-09-04T10:49:57.484Z,buy,1.4e-06,562.0,0.0007867999999999999
VIB/BTC,1630752701834,2021-09-04T10:51:41.834Z,sell,1.39e-06,352.0,0.00048928
VIB/BTC,1630752750931,2021-09-04T10:52:30.931Z,sell,1.39e-06,290.0,0.0004031
VIB/BTC,1630752838844,2021-09-04T10:53:58.844Z,sell,1.39e-06,719.0,0.00099941
VIB/BTC,1630752912829,2021-09-04T10:55:12.829Z,buy,1.4e-06,357.0,0.0004998
VIB/BTC,1630752915807,2021-09-04T10:55:15.807Z,sell,1.39e-06,11449.0,0.01591411
VIB/BTC,1630752966791,2021-09-04T10:56:06.791Z,sell,1.39e-06,3536.0,0.00491504
VIB/BTC,1630753476338,2021-09-04T11:04:36.338Z,buy,1.4e-06,248.0,0.0003472
VIB/BTC,1630753666101,2021-09-04T11:07:46.101Z,buy,1.4e-06,1734.0,0.0024276
VIB/BTC,1630754292199,2021-09-04T11:18:12.199Z,buy,1.4e-06,20461.0,0.028645399999999998
VIB/BTC,1630754370692,2021-09-04T11:19:30.692Z,sell,1.39e-06,2000.0,0.00278
VIB/BTC,1630754433483,2021-09-04T11:20:33.483Z,buy,1.4e-06,2069.0,0.0028966
VIB/BTC,1630754459340,2021-09-04T11:20:59.340Z,sell,1.39e-06,565.0,0.00078535
VIB/BTC,1630754521956,2021-09-04T11:22:01.956Z,sell,1.39e-06,3972.0,0.00552108
VIB/BTC,1630754521956,2021-09-04T11:22:01.956Z,sell,1.39e-06,3972.0,0.00552108
VIB/BTC,1630754594213,2021-09-04T11:23:14.213Z,sell,1.39e-06,1069.0,0.00148591
VIB/BTC,1630754641022,2021-09-04T11:24:01.022Z,sell,1.39e-06,5110.0,0.0071029000000000005
VIB/BTC,1630755096443,2021-09-04T11:31:36.443Z,sell,1.39e-06,3970.0,0.0055183
VIB/BTC,1630755096446,2021-09-04T11:31:36.446Z,sell,1.39e-06,1682.0,0.00233798
VIB/BTC,1630755123133,2021-09-04T11:32:03.133Z,sell,1.39e-06,854.0,0.00118706
VIB/BTC,1630755139973,2021-09-04T11:32:19.973Z,sell,1.39e-06,10000.0,0.013900000000000001
VIB/BTC,1630755172521,2021-09-04T11:32:52.521Z,sell,1.39e-06,10000.0,0.013900000000000001
VIB/BTC,1630755183832,2021-09-04T11:33:03.832Z,sell,1.39e-06,10000.0,0.013900000000000001
VIB/BTC,1630755183835,2021-09-04T11:33:03.835Z,buy,1.4e-06,24.0,3.36e-05
VIB/BTC,1630755189588,2021-09-04T11:33:09.588Z,sell,1.39e-06,5219.0,0.00725441
VIB/BTC,1630755238913,2021-09-04T11:33:58.913Z,sell,1.39e-06,9926.0,0.013797140000000001
VIB/BTC,1630755455648,2021-09-04T11:37:35.648Z,sell,1.39e-06,3524.0,0.00489836
VIB/BTC,1630755570016,2021-09-04T11:39:30.016Z,sell,1.39e-06,23760.0,0.0330264
VIB/BTC,1630755680932,2021-09-04T11:41:20.932Z,sell,1.39e-06,136.0,0.00018904
VIB/BTC,1630755813267,2021-09-04T11:43:33.267Z,sell,1.39e-06,79.0,0.00010981000000000001
VIB/BTC,1630755856286,2021-09-04T11:44:16.286Z,sell,1.39e-06,232.0,0.00032248
VIB/BTC,1630756601616,2021-09-04T11:56:41.616Z,sell,1.39e-06,2892.0,0.00401988
VIB/BTC,1630756657237,2021-09-04T11:57:37.237Z,buy,1.4e-06,1113.0,0.0015582
VIB/BTC,1630756750082,2021-09-04T11:59:10.082Z,sell,1.39e-06,143.0,0.00019877
VIB/BTC,1630756894944,2021-09-04T12:01:34.944Z,sell,1.39e-06,121.0,0.00016819
VIB/BTC,1630756929448,2021-09-04T12:02:09.448Z,sell,1.39e-06,87.0,0.00012093000000000001
VIB/BTC,1630757062111,2021-09-04T12:04:22.111Z,buy,1.4e-06,108.0,0.0001512
VIB/BTC,1630757282310,2021-09-04T12:08:02.310Z,buy,1.4e-06,6018.0,0.008425199999999999
VIB/BTC,1630757282310,2021-09-04T12:08:02.310Z,buy,1.4e-06,6018.0,0.008425199999999999
VIB/BTC,1630758231500,2021-09-04T12:23:51.500Z,sell,1.39e-06,10488.0,0.01457832
VIB/BTC,1630758388291,2021-09-04T12:26:28.291Z,sell,1.39e-06,262.0,0.00036418
VIB/BTC,1630758477976,2021-09-04T12:27:57.976Z,sell,1.39e-06,510.0,0.0007089
VIB/BTC,1630758488461,2021-09-04T12:28:08.461Z,sell,1.39e-06,286.0,0.00039754
VIB/BTC,1630759354260,2021-09-04T12:42:34.260Z,sell,1.39e-06,2295.0,0.0031900500000000003
VIB/BTC,1630759554647,2021-09-04T12:45:54.647Z,sell,1.39e-06,106.0,0.00014734
VIB/BTC,1630759802412,2021-09-04T12:50:02.412Z,sell,1.39e-06,4998.0,0.0069472200000000005
VIB/BTC,1630760195933,2021-09-04T12:56:35.933Z,sell,1.39e-06,1371.0,0.00190569
VIB/BTC,1630760530284,2021-09-04T13:02:10.284Z,sell,1.39e-06,85.0,0.00011815
VIB/BTC,1630760649136,2021-09-04T13:04:09.136Z,buy,1.4e-06,14207.0,0.0198898
VIB/BTC,1630760665532,2021-09-04T13:04:25.532Z,buy,1.4e-06,264.0,0.0003696
VIB/BTC,1630760665532,2021-09-04T13:04:25.532Z,buy,1.4e-06,264.0,0.0003696
VIB/BTC,1630761116718,2021-09-04T13:11:56.718Z,buy,1.4e-06,5000.0,0.006999999999999999
VIB/BTC,1630761139253,2021-09-04T13:12:19.253Z,buy,1.4e-06,158.0,0.00022119999999999998
VIB/BTC,1630761437306,2021-09-04T13:17:17.306Z,buy,1.4e-06,1072.0,0.0015007999999999998
VIB/BTC,1630761704502,2021-09-04T13:21:44.502Z,buy,1.4e-06,714.0,0.0009996
VIB/BTC,1630761789769,2021-09-04T13:23:09.769Z,buy,1.4e-06,427.0,0.0005978
VIB/BTC,1630761910614,2021-09-04T13:25:10.614Z,buy,1.4e-06,73.0,0.00010219999999999999
VIB/BTC,1630762031955,2021-09-04T13:27:11.955Z,buy,1.4e-06,446.0,0.0006244
VIB/BTC,1630762097437,2021-09-04T13:28:17.437Z,buy,1.4e-06,3489.0,0.004884599999999999
VIB/BTC,1630762263683,2021-09-04T13:31:03.683Z,buy,1.41e-06,246250.0,0.34721250000000003
VIB/BTC,1630762274819,2021-09-04T13:31:14.819Z,buy,1.41e-06,72.0,0.00010152
VIB/BTC,1630762291105,2021-09-04T13:31:31.105Z,sell,1.4e-06,3218.0,0.0045052
VIB/BTC,1630762546605,2021-09-04T13:35:46.605Z,sell,1.4e-06,2247.0,0.0031458
VIB/BTC,1630762843715,2021-09-04T13:40:43.715Z,buy,1.41e-06,7631.0,0.01075971
VIB/BTC,1630762858634,2021-09-04T13:40:58.634Z,buy,1.41e-06,7631.0,0.01075971
VIB/BTC,1630762891159,2021-09-04T13:41:31.159Z,buy,1.41e-06,72.0,0.00010152
VIB/BTC,1630763081458,2021-09-04T13:44:41.458Z,buy,1.41e-06,89.0,0.00012549
VIB/BTC,1630763112086,2021-09-04T13:45:12.086Z,sell,1.4e-06,79.0,0.00011059999999999999
VIB/BTC,1630763114735,2021-09-04T13:45:14.735Z,sell,1.4e-06,467.0,0.0006538
VIB/BTC,1630763114961,2021-09-04T13:45:14.961Z,sell,1.4e-06,247.0,0.0003458
VIB/BTC,1630763115431,2021-09-04T13:45:15.431Z,sell,1.4e-06,143791.0,0.2013074
VIB/BTC,1630763115833,2021-09-04T13:45:15.833Z,sell,1.4e-06,106.0,0.0001484
VIB/BTC,1630763160583,2021-09-04T13:46:00.583Z,sell,1.39e-06,180.0,0.0002502
VIB/BTC,1630763165104,2021-09-04T13:46:05.104Z,buy,1.41e-06,179.0,0.00025239
VIB/BTC,1630763197079,2021-09-04T13:46:37.079Z,sell,1.4e-06,153.0,0.0002142
VIB/BTC,1630763339465,2021-09-04T13:48:59.465Z,sell,1.4e-06,271.0,0.0003794
VIB/BTC,1630763506313,2021-09-04T13:51:46.313Z,sell,1.4e-06,122468.0,0.1714552
VIB/BTC,1630763587712,2021-09-04T13:53:07.712Z,buy,1.4e-06,72.0,0.0001008
VIB/BTC,1630763669203,2021-09-04T13:54:29.203Z,buy,1.4e-06,8988.0,0.0125832
VIB/BTC,1630764015634,2021-09-04T14:00:15.634Z,buy,1.41e-06,13801.0,0.01945941
VIB/BTC,1630764140316,2021-09-04T14:02:20.316Z,sell,1.4e-06,18337.0,0.025671799999999998
VIB/BTC,1630764243754,2021-09-04T14:04:03.754Z,sell,1.39e-06,125.0,0.00017375
VIB/BTC,1630764244795,2021-09-04T14:04:04.795Z,buy,1.4e-06,214.0,0.00029959999999999996
VIB/BTC,1630764250063,2021-09-04T14:04:10.063Z,buy,1.4e-06,506.0,0.0007084
VIB/BTC,1630764250063,2021-09-04T14:04:10.063Z,buy,1.4e-06,506.0,0.0007084
VIB/BTC,1630764305801,2021-09-04T14:05:05.801Z,buy,1.4e-06,2585.0,0.003619
VIB/BTC,1630764428657,2021-09-04T14:07:08.657Z,buy,1.4e-06,1499.0,0.0020986
VIB/BTC,1630764433103,2021-09-04T14:07:13.103Z,buy,1.4e-06,869.0,0.0012166
VIB/BTC,1630764469008,2021-09-04T14:07:49.008Z,sell,1.39e-06,5762.0,0.00800918
VIB/BTC,1630764523457,2021-09-04T14:08:43.457Z,sell,1.39e-06,395105.0,0.54919595
VIB/BTC,1630764526712,2021-09-04T14:08:46.712Z,sell,1.38e-06,234.0,0.00032292
VIB/BTC,1630764526712,2021-09-04T14:08:46.712Z,sell,1.38e-06,1555.0,0.0021459
VIB/BTC,1630764554206,2021-09-04T14:09:14.206Z,buy,1.4e-06,152.0,0.0002128
VIB/BTC,1630764581371,2021-09-04T14:09:41.371Z,buy,1.4e-06,358.0,0.0005011999999999999
VIB/BTC,1630764789156,2021-09-04T14:13:09.156Z,buy,1.4e-06,142.0,0.00019879999999999998
VIB/BTC,1630764862400,2021-09-04T14:14:22.400Z,buy,1.4e-06,2000.0,0.0028
VIB/BTC,1630765068858,2021-09-04T14:17:48.858Z,sell,1.38e-06,424.0,0.00058512
VIB/BTC,1630765140906,2021-09-04T14:19:00.906Z,sell,1.38e-06,17172.0,0.023697359999999997
VIB/BTC,1630765191301,2021-09-04T14:19:51.301Z,sell,1.38e-06,9092.0,0.01254696
VIB/BTC,1630765298371,2021-09-04T14:21:38.371Z,sell,1.38e-06,788.0,0.0010874399999999998
VIB/BTC,1630765437304,2021-09-04T14:23:57.304Z,sell,1.38e-06,73970.0,0.10207859999999999
VIB/BTC,1630766085175,2021-09-04T14:34:45.175Z,sell,1.38e-06,9092.0,0.01254696
VIB/BTC,1630766401688,2021-09-04T14:40:01.688Z,buy,1.39e-06,1141.0,0.00158599
VIB/BTC,1630766481616,2021-09-04T14:41:21.616Z,buy,1.39e-06,115.0,0.00015985
VIB/BTC,1630766536901,2021-09-04T14:42:16.901Z,sell,1.38e-06,10000.0,0.0138
VIB/BTC,1630766776659,2021-09-04T14:46:16.659Z,buy,1.39e-06,80.0,0.0001112
VIB/BTC,1630766921594,2021-09-04T14:48:41.594Z,buy,1.39e-06,186.0,0.00025854000000000003
VIB/BTC,1630766968231,2021-09-04T14:49:28.231Z,buy,1.39e-06,294.0,0.00040866000000000003
VIB/BTC,1630766968699,2021-09-04T14:49:28.699Z,sell,1.38e-06,124.0,0.00017112
VIB/BTC,1630767010841,2021-09-04T14:50:10.841Z,buy,1.39e-06,176.0,0.00024464
VIB/BTC,1630767031216,2021-09-04T14:50:31.216Z,sell,1.38e-06,117.0,0.00016146
VIB/BTC,1630767061014,2021-09-04T14:51:01.014Z,buy,1.39e-06,140.0,0.00019460000000000001
VIB/BTC,1630767371224,2021-09-04T14:56:11.224Z,buy,1.39e-06,215.0,0.00029885
VIB/BTC,1630767371224,2021-09-04T14:56:11.224Z,buy,1.39e-06,215.0,0.00029885
VIB/BTC,1630767863439,2021-09-04T15:04:23.439Z,buy,1.39e-06,195.0,0.00027105
VIB/BTC,1630767943020,2021-09-04T15:05:43.020Z,buy,1.39e-06,120.0,0.00016680000000000002
VIB/BTC,1630768041500,2021-09-04T15:07:21.500Z,buy,1.39e-06,11947.0,0.01660633
VIB/BTC,1630768077948,2021-09-04T15:07:57.948Z,buy,1.4e-06,11593.0,0.0162302
VIB/BTC,1630768089426,2021-09-04T15:08:09.426Z,sell,1.39e-06,5450.0,0.0075755
VIB/BTC,1630768089530,2021-09-04T15:08:09.530Z,buy,1.39e-06,360.0,0.0005004
VIB/BTC,1630768094113,2021-09-04T15:08:14.113Z,sell,1.38e-06,18463.0,0.02547894
VIB/BTC,1630768234275,2021-09-04T15:10:34.275Z,buy,1.39e-06,176.0,0.00024464
VIB/BTC,1630768274240,2021-09-04T15:11:14.240Z,buy,1.39e-06,176.0,0.00024464
VIB/BTC,1630768330406,2021-09-04T15:12:10.406Z,buy,1.39e-06,232221.0,0.32278719
VIB/BTC,1630768333919,2021-09-04T15:12:13.919Z,sell,1.38e-06,344.0,0.00047472
VIB/BTC,1630768566725,2021-09-04T15:16:06.725Z,buy,1.39e-06,1064.0,0.00147896
VIB/BTC,1630768930238,2021-09-04T15:22:10.238Z,sell,1.39e-06,420.0,0.0005838
VIB/BTC,1630769259495,2021-09-04T15:27:39.495Z,sell,1.39e-06,233.0,0.00032387000000000003
VIB/BTC,1630769335324,2021-09-04T15:28:55.324Z,buy,1.4e-06,2418.0,0.0033851999999999997
VIB/BTC,1630769353615,2021-09-04T15:29:13.615Z,sell,1.39e-06,3054.0,0.00424506
VIB/BTC,1630769464190,2021-09-04T15:31:04.190Z,buy,1.4e-06,10000.0,0.013999999999999999
VIB/BTC,1630769473210,2021-09-04T15:31:13.210Z,buy,1.4e-06,90.0,0.000126
VIB/BTC,1630769508673,2021-09-04T15:31:48.673Z,buy,1.4e-06,755.0,0.001057
VIB/BTC,1630769518668,2021-09-04T15:31:58.668Z,sell,1.39e-06,450.0,0.0006255
VIB/BTC,1630769926851,2021-09-04T15:38:46.851Z,sell,1.39e-06,210.0,0.0002919
VIB/BTC,1630769968488,2021-09-04T15:39:28.488Z,buy,1.4e-06,77569.0,0.1085966
VIB/BTC,1630769968488,2021-09-04T15:39:28.488Z,buy,1.41e-06,28941.0,0.04080681
VIB/BTC,1630769969013,2021-09-04T15:39:29.013Z,buy,1.41e-06,426.0,0.00060066
VIB/BTC,1630770053598,2021-09-04T15:40:53.598Z,sell,1.4e-06,265.0,0.00037099999999999996
VIB/BTC,1630770170320,2021-09-04T15:42:50.320Z,sell,1.4e-06,738.0,0.0010332
VIB/BTC,1630770193279,2021-09-04T15:43:13.279Z,sell,1.4e-06,125.0,0.000175
VIB/BTC,1630770705276,2021-09-04T15:51:45.276Z,sell,1.4e-06,1306.0,0.0018284
VIB/BTC,1630770712742,2021-09-04T15:51:52.742Z,buy,1.41e-06,7092.0,0.00999972
VIB/BTC,1630770729856,2021-09-04T15:52:09.856Z,buy,1.41e-06,79.0,0.00011139
VIB/BTC,1630770743770,2021-09-04T15:52:23.770Z,buy,1.41e-06,3218.0,0.004537380000000001
VIB/BTC,1630770744154,2021-09-04T15:52:24.154Z,buy,1.41e-06,72.0,0.00010152
VIB/BTC,1630770757960,2021-09-04T15:52:37.960Z,buy,1.41e-06,833.0,0.00117453
VIB/BTC,1630770762474,2021-09-04T15:52:42.474Z,sell,1.4e-06,345.0,0.000483
VIB/BTC,1630770762474,2021-09-04T15:52:42.474Z,sell,1.4e-06,345.0,0.000483
VIB/BTC,1630770984435,2021-09-04T15:56:24.435Z,sell,1.4e-06,726.0,0.0010164
VIB/BTC,1630771153358,2021-09-04T15:59:13.358Z,sell,1.4e-06,925.0,0.001295
VIB/BTC,1630771440306,2021-09-04T16:04:00.306Z,sell,1.4e-06,208.0,0.0002912
VIB/BTC,1630771625566,2021-09-04T16:07:05.566Z,sell,1.4e-06,10000.0,0.013999999999999999
VIB/BTC,1630771639168,2021-09-04T16:07:19.168Z,sell,1.4e-06,285.0,0.000399
VIB/BTC,1630771643788,2021-09-04T16:07:23.788Z,sell,1.4e-06,102.0,0.0001428
VIB/BTC,1630771644970,2021-09-04T16:07:24.970Z,sell,1.39e-06,79.0,0.00010981000000000001
VIB/BTC,1630771652801,2021-09-04T16:07:32.801Z,sell,1.39e-06,3113.0,0.00432707
VIB/BTC,1630771684441,2021-09-04T16:08:04.441Z,sell,1.39e-06,131.0,0.00018209
VIB/BTC,1630771960698,2021-09-04T16:12:40.698Z,buy,1.4e-06,960.0,0.001344
VIB/BTC,1630772015587,2021-09-04T16:13:35.587Z,buy,1.4e-06,10256.0,0.014358399999999999
VIB/BTC,1630772033105,2021-09-04T16:13:53.105Z,buy,1.4e-06,142.0,0.00019879999999999998
VIB/BTC,1630772230270,2021-09-04T16:17:10.270Z,buy,1.4e-06,80.0,0.000112
VIB/BTC,1630772406990,2021-09-04T16:20:06.990Z,buy,1.4e-06,985.0,0.001379
VIB/BTC,1630772467217,2021-09-04T16:21:07.217Z,sell,1.39e-06,315.0,0.00043785
VIB/BTC,1630772599384,2021-09-04T16:23:19.384Z,buy,1.4e-06,1000.0,0.0014
