symbol,timestamp,datetime,side,price,amount,btc_volume
WABI/BTC,1634050839742,2021-10-12T15:00:39.742Z,sell,4.45e-06,3490.0,0.0155305
WABI/BTC,1634050852540,2021-10-12T15:00:52.540Z,sell,4.45e-06,1878.0,0.0083571
WABI/BTC,1634050891394,2021-10-12T15:01:31.394Z,sell,4.45e-06,250.0,0.0011125
WABI/BTC,1634050891394,2021-10-12T15:01:31.394Z,sell,4.44e-06,302.0,0.00134088
WABI/BTC,1634050897648,2021-10-12T15:01:37.648Z,sell,4.44e-06,70.0,0.00031079999999999997
WABI/BTC,1634051026055,2021-10-12T15:03:46.055Z,sell,4.44e-06,33.0,0.00014652
WABI/BTC,1634051157386,2021-10-12T15:05:57.386Z,sell,4.44e-06,87.0,0.00038627999999999997
WABI/BTC,1634051191812,2021-10-12T15:06:31.812Z,buy,4.46e-06,99.0,0.00044154
WABI/BTC,1634051191812,2021-10-12T15:06:31.812Z,buy,4.47e-06,173.0,0.00077331
WABI/BTC,1634051207470,2021-10-12T15:06:47.470Z,sell,4.45e-06,161.0,0.00071645
WABI/BTC,1634051215647,2021-10-12T15:06:55.647Z,sell,4.44e-06,2668.0,0.01184592
WABI/BTC,1634051230401,2021-10-12T15:07:10.401Z,sell,4.45e-06,289.0,0.00128605
WABI/BTC,1634051403681,2021-10-12T15:10:03.681Z,sell,4.44e-06,150.0,0.0006659999999999999
WABI/BTC,1634051534541,2021-10-12T15:12:14.541Z,sell,4.44e-06,128.0,0.00056832
WABI/BTC,1634051633624,2021-10-12T15:13:53.624Z,sell,4.44e-06,1974.0,0.00876456
WABI/BTC,1634051676503,2021-10-12T15:14:36.503Z,sell,4.44e-06,100.0,0.000444
WABI/BTC,1634052064364,2021-10-12T15:21:04.364Z,buy,4.46e-06,8.0,3.568e-05
WABI/BTC,1634052198555,2021-10-12T15:23:18.555Z,sell,4.44e-06,586.0,0.00260184
WABI/BTC,1634052198555,2021-10-12T15:23:18.555Z,sell,4.43e-06,7160.0,0.0317188
WABI/BTC,1634052337373,2021-10-12T15:25:37.373Z,sell,4.44e-06,88.0,0.00039072
WABI/BTC,1634052431209,2021-10-12T15:27:11.209Z,sell,4.44e-06,1121.0,0.00497724
WABI/BTC,1634052431209,2021-10-12T15:27:11.209Z,sell,4.43e-06,588.0,0.0026048399999999998
WABI/BTC,1634052462790,2021-10-12T15:27:42.790Z,sell,4.43e-06,1233.0,0.00546219
WABI/BTC,1634052651069,2021-10-12T15:30:51.069Z,buy,4.45e-06,34.0,0.0001513
WABI/BTC,1634052721249,2021-10-12T15:32:01.249Z,sell,4.44e-06,1368.0,0.00607392
WABI/BTC,1634052723158,2021-10-12T15:32:03.158Z,buy,4.45e-06,34.0,0.0001513
WABI/BTC,1634052931110,2021-10-12T15:35:31.110Z,sell,4.44e-06,81.0,0.00035964
WABI/BTC,1634052968533,2021-10-12T15:36:08.533Z,sell,4.44e-06,51.0,0.00022643999999999998
WABI/BTC,1634053172992,2021-10-12T15:39:32.992Z,buy,4.45e-06,250.0,0.0011125
WABI/BTC,1634053349149,2021-10-12T15:42:29.149Z,buy,4.46e-06,41.0,0.00018286
WABI/BTC,1634053349225,2021-10-12T15:42:29.225Z,buy,4.46e-06,1288.0,0.00574448
WABI/BTC,1634053349246,2021-10-12T15:42:29.246Z,buy,4.46e-06,60.0,0.0002676
WABI/BTC,1634053352640,2021-10-12T15:42:32.640Z,buy,4.46e-06,1222.0,0.005450119999999999
WABI/BTC,1634053352640,2021-10-12T15:42:32.640Z,buy,4.47e-06,10358.0,0.04630026
WABI/BTC,1634053352640,2021-10-12T15:42:32.640Z,buy,4.48e-06,202.0,0.00090496
WABI/BTC,1634053352640,2021-10-12T15:42:32.640Z,buy,4.49e-06,4954.0,0.02224346
WABI/BTC,1634053352640,2021-10-12T15:42:32.640Z,buy,4.5e-06,26749.0,0.1203705
WABI/BTC,1634053352640,2021-10-12T15:42:32.640Z,buy,4.51e-06,4587.0,0.02068737
WABI/BTC,1634053352640,2021-10-12T15:42:32.640Z,buy,4.52e-06,6406.0,0.02895512
WABI/BTC,1634053352640,2021-10-12T15:42:32.640Z,buy,4.53e-06,22627.0,0.10250031
WABI/BTC,1634053352640,2021-10-12T15:42:32.640Z,buy,4.54e-06,128405.0,0.5829586999999999
WABI/BTC,1634053352653,2021-10-12T15:42:32.653Z,sell,4.54e-06,14754.0,0.06698316
WABI/BTC,1634053352666,2021-10-12T15:42:32.666Z,buy,4.53e-06,698.0,0.00316194
WABI/BTC,1634053352666,2021-10-12T15:42:32.666Z,buy,4.55e-06,1042.0,0.0047411
WABI/BTC,1634053354347,2021-10-12T15:42:34.347Z,buy,4.54e-06,23.0,0.00010441999999999999
WABI/BTC,1634053354431,2021-10-12T15:42:34.431Z,sell,4.5e-06,216.0,0.000972
WABI/BTC,1634053355348,2021-10-12T15:42:35.348Z,sell,4.5e-06,31.0,0.0001395
WABI/BTC,1634053355754,2021-10-12T15:42:35.754Z,sell,4.5e-06,70.0,0.000315
WABI/BTC,1634053356218,2021-10-12T15:42:36.218Z,buy,4.49e-06,33.0,0.00014817
WABI/BTC,1634053356294,2021-10-12T15:42:36.294Z,buy,4.49e-06,331.0,0.00148619
WABI/BTC,1634053356480,2021-10-12T15:42:36.480Z,buy,4.49e-06,97.0,0.00043553
WABI/BTC,1634053356691,2021-10-12T15:42:36.691Z,buy,4.49e-06,30.0,0.0001347
WABI/BTC,1634053356695,2021-10-12T15:42:36.695Z,buy,4.49e-06,100.0,0.000449
WABI/BTC,1634053356761,2021-10-12T15:42:36.761Z,buy,4.49e-06,97.0,0.00043553
WABI/BTC,1634053356817,2021-10-12T15:42:36.817Z,buy,4.49e-06,26.0,0.00011674000000000001
WABI/BTC,1634053357150,2021-10-12T15:42:37.150Z,buy,4.49e-06,49.0,0.00022001
WABI/BTC,1634053357184,2021-10-12T15:42:37.184Z,buy,4.49e-06,30.0,0.0001347
WABI/BTC,1634053357839,2021-10-12T15:42:37.839Z,buy,4.49e-06,48.0,0.00021552000000000002
WABI/BTC,1634053358392,2021-10-12T15:42:38.392Z,buy,4.49e-06,64.0,0.00028736
WABI/BTC,1634053359052,2021-10-12T15:42:39.052Z,sell,4.48e-06,90.0,0.00040320000000000004
WABI/BTC,1634053359052,2021-10-12T15:42:39.052Z,sell,4.47e-06,22.0,9.834000000000001e-05
WABI/BTC,1634053360567,2021-10-12T15:42:40.567Z,buy,4.49e-06,3192.0,0.01433208
WABI/BTC,1634053360654,2021-10-12T15:42:40.654Z,buy,4.49e-06,320.0,0.0014368
WABI/BTC,1634053363542,2021-10-12T15:42:43.542Z,buy,4.5e-06,90.0,0.00040500000000000003
WABI/BTC,1634053363542,2021-10-12T15:42:43.542Z,buy,4.51e-06,17.0,7.667e-05
WABI/BTC,1634053368613,2021-10-12T15:42:48.613Z,sell,4.49e-06,47.0,0.00021103000000000002
WABI/BTC,1634053394254,2021-10-12T15:43:14.254Z,buy,4.51e-06,32.0,0.00014432
WABI/BTC,1634053396438,2021-10-12T15:43:16.438Z,sell,4.51e-06,272.0,0.00122672
WABI/BTC,1634053419879,2021-10-12T15:43:39.879Z,buy,4.52e-06,234.0,0.00105768
WABI/BTC,1634053476757,2021-10-12T15:44:36.757Z,buy,4.53e-06,110.0,0.0004983
WABI/BTC,1634053484476,2021-10-12T15:44:44.476Z,buy,4.53e-06,109.0,0.0004937699999999999
WABI/BTC,1634053515822,2021-10-12T15:45:15.822Z,sell,4.52e-06,64.0,0.00028928
WABI/BTC,1634053515822,2021-10-12T15:45:15.822Z,sell,4.51e-06,217.0,0.00097867
WABI/BTC,1634053515822,2021-10-12T15:45:15.822Z,sell,4.51e-06,396.0,0.00178596
WABI/BTC,1634053521072,2021-10-12T15:45:21.072Z,sell,4.51e-06,380.0,0.0017138
WABI/BTC,1634053531458,2021-10-12T15:45:31.458Z,buy,4.53e-06,371.0,0.00168063
WABI/BTC,1634053531458,2021-10-12T15:45:31.458Z,buy,4.54e-06,64.0,0.00029056
WABI/BTC,1634053531458,2021-10-12T15:45:31.458Z,buy,4.55e-06,4484.0,0.0204022
WABI/BTC,1634053578593,2021-10-12T15:46:18.593Z,buy,4.55e-06,104.0,0.00047319999999999996
WABI/BTC,1634053592547,2021-10-12T15:46:32.547Z,buy,4.55e-06,1158.0,0.0052689
WABI/BTC,1634053592547,2021-10-12T15:46:32.547Z,buy,4.56e-06,1037.0,0.0047287200000000005
WABI/BTC,1634053593159,2021-10-12T15:46:33.159Z,sell,4.55e-06,44.0,0.0002002
WABI/BTC,1634053594896,2021-10-12T15:46:34.896Z,buy,4.56e-06,23.0,0.00010488000000000001
WABI/BTC,1634053619272,2021-10-12T15:46:59.272Z,buy,4.56e-06,2125.0,0.00969
WABI/BTC,1634053627696,2021-10-12T15:47:07.696Z,buy,4.56e-06,1439.0,0.00656184
WABI/BTC,1634053627704,2021-10-12T15:47:07.704Z,sell,4.56e-06,320.0,0.0014592000000000001
WABI/BTC,1634053627704,2021-10-12T15:47:07.704Z,sell,4.56e-06,23.0,0.00010488000000000001
WABI/BTC,1634053627709,2021-10-12T15:47:07.709Z,sell,4.56e-06,317.0,0.00144552
WABI/BTC,1634053627777,2021-10-12T15:47:07.777Z,sell,4.56e-06,15781.0,0.07196136
WABI/BTC,1634053628292,2021-10-12T15:47:08.292Z,sell,4.56e-06,897.0,0.004090320000000001
WABI/BTC,1634053628292,2021-10-12T15:47:08.292Z,sell,4.54e-06,64.0,0.00029056
WABI/BTC,1634053628292,2021-10-12T15:47:08.292Z,sell,4.53e-06,1121.0,0.00507813
WABI/BTC,1634053628292,2021-10-12T15:47:08.292Z,sell,4.52e-06,3703.0,0.01673756
WABI/BTC,1634053628292,2021-10-12T15:47:08.292Z,sell,4.51e-06,7467.0,0.03367617
WABI/BTC,1634053628292,2021-10-12T15:47:08.292Z,sell,4.5e-06,115.0,0.0005175000000000001
WABI/BTC,1634053628292,2021-10-12T15:47:08.292Z,sell,4.5e-06,24.0,0.000108
WABI/BTC,1634053628292,2021-10-12T15:47:08.292Z,sell,4.5e-06,281.0,0.0012645
WABI/BTC,1634053628292,2021-10-12T15:47:08.292Z,sell,4.49e-06,465.0,0.00208785
WABI/BTC,1634053628302,2021-10-12T15:47:08.302Z,sell,4.49e-06,160.0,0.0007184
WABI/BTC,1634053628317,2021-10-12T15:47:08.317Z,buy,4.51e-06,1001.0,0.00451451
WABI/BTC,1634053628470,2021-10-12T15:47:08.470Z,buy,4.51e-06,208.0,0.00093808
WABI/BTC,1634053629250,2021-10-12T15:47:09.250Z,sell,4.5e-06,559.0,0.0025155
WABI/BTC,1634053629317,2021-10-12T15:47:09.317Z,sell,4.5e-06,68.0,0.000306
WABI/BTC,1634053629360,2021-10-12T15:47:09.360Z,sell,4.5e-06,46.0,0.00020700000000000002
WABI/BTC,1634053641784,2021-10-12T15:47:21.784Z,sell,4.49e-06,4480.0,0.0201152
WABI/BTC,1634053646711,2021-10-12T15:47:26.711Z,buy,4.51e-06,49.0,0.00022099
WABI/BTC,1634053683039,2021-10-12T15:48:03.039Z,buy,4.52e-06,554.0,0.00250408
WABI/BTC,1634053773683,2021-10-12T15:49:33.683Z,sell,4.5e-06,224.0,0.001008
WABI/BTC,1634053774619,2021-10-12T15:49:34.619Z,buy,4.5e-06,68.0,0.000306
WABI/BTC,1634053809005,2021-10-12T15:50:09.005Z,buy,4.5e-06,182.0,0.0008190000000000001
WABI/BTC,1634053809153,2021-10-12T15:50:09.153Z,buy,4.5e-06,154.0,0.000693
WABI/BTC,1634053809215,2021-10-12T15:50:09.215Z,buy,4.5e-06,90.0,0.00040500000000000003
WABI/BTC,1634053809285,2021-10-12T15:50:09.285Z,buy,4.5e-06,91.0,0.00040950000000000003
WABI/BTC,1634053841860,2021-10-12T15:50:41.860Z,sell,4.49e-06,363.0,0.00162987
WABI/BTC,1634053858299,2021-10-12T15:50:58.299Z,sell,4.49e-06,50.0,0.0002245
WABI/BTC,1634053989320,2021-10-12T15:53:09.320Z,sell,4.49e-06,2555.0,0.01147195
WABI/BTC,1634053989329,2021-10-12T15:53:09.329Z,buy,4.49e-06,307.0,0.0013784300000000001
WABI/BTC,1634053989438,2021-10-12T15:53:09.438Z,buy,4.49e-06,2052.0,0.00921348
WABI/BTC,1634054047795,2021-10-12T15:54:07.795Z,buy,4.49e-06,113.0,0.00050737
WABI/BTC,1634054047854,2021-10-12T15:54:07.854Z,buy,4.49e-06,966.0,0.00433734
WABI/BTC,1634054048057,2021-10-12T15:54:08.057Z,buy,4.49e-06,482.0,0.00216418
WABI/BTC,1634054048675,2021-10-12T15:54:08.675Z,buy,4.49e-06,61.0,0.00027389
WABI/BTC,1634054050648,2021-10-12T15:54:10.648Z,buy,4.5e-06,55.0,0.0002475
WABI/BTC,1634054118008,2021-10-12T15:55:18.008Z,buy,4.5e-06,104.0,0.000468
WABI/BTC,1634054164837,2021-10-12T15:56:04.837Z,buy,4.5e-06,178.0,0.0008010000000000001
WABI/BTC,1634054170809,2021-10-12T15:56:10.809Z,buy,4.5e-06,378.0,0.001701
WABI/BTC,1634054177331,2021-10-12T15:56:17.331Z,buy,4.5e-06,74.0,0.000333
WABI/BTC,1634054181483,2021-10-12T15:56:21.483Z,buy,4.5e-06,450.0,0.002025
WABI/BTC,1634054191376,2021-10-12T15:56:31.376Z,buy,4.51e-06,49.0,0.00022099
WABI/BTC,1634054193471,2021-10-12T15:56:33.471Z,buy,4.52e-06,1795.0,0.0081134
WABI/BTC,1634054194670,2021-10-12T15:56:34.670Z,sell,4.52e-06,34.0,0.00015368
WABI/BTC,1634054196551,2021-10-12T15:56:36.551Z,buy,4.53e-06,782.0,0.00354246
WABI/BTC,1634054202087,2021-10-12T15:56:42.087Z,buy,4.53e-06,838.0,0.00379614
WABI/BTC,1634054205456,2021-10-12T15:56:45.456Z,buy,4.54e-06,64.0,0.00029056
WABI/BTC,1634054205466,2021-10-12T15:56:45.466Z,sell,4.54e-06,3805.0,0.0172747
WABI/BTC,1634054205513,2021-10-12T15:56:45.513Z,sell,4.54e-06,643.0,0.0029192199999999997
WABI/BTC,1634054205528,2021-10-12T15:56:45.528Z,sell,4.54e-06,319.0,0.0014482599999999998
WABI/BTC,1634054206666,2021-10-12T15:56:46.666Z,sell,4.54e-06,116.0,0.00052664
WABI/BTC,1634054211254,2021-10-12T15:56:51.254Z,sell,4.52e-06,64.0,0.00028928
WABI/BTC,1634054211809,2021-10-12T15:56:51.809Z,buy,4.52e-06,5638.0,0.02548376
WABI/BTC,1634054211809,2021-10-12T15:56:51.809Z,buy,4.55e-06,2253.0,0.010251149999999999
WABI/BTC,1634054211816,2021-10-12T15:56:51.816Z,sell,4.55e-06,17000.0,0.07734999999999999
WABI/BTC,1634054211830,2021-10-12T15:56:51.830Z,buy,4.56e-06,4165.0,0.018992400000000003
WABI/BTC,1634054214901,2021-10-12T15:56:54.901Z,buy,4.54e-06,64.0,0.00029056
WABI/BTC,1634054214901,2021-10-12T15:56:54.901Z,buy,4.55e-06,172.0,0.0007825999999999999
WABI/BTC,1634054214909,2021-10-12T15:56:54.909Z,sell,4.53e-06,863.0,0.00390939
WABI/BTC,1634054216669,2021-10-12T15:56:56.669Z,sell,4.54e-06,34.0,0.00015435999999999998
WABI/BTC,1634054226477,2021-10-12T15:57:06.477Z,sell,4.54e-06,30.0,0.0001362
WABI/BTC,1634054228250,2021-10-12T15:57:08.250Z,buy,4.54e-06,182.0,0.00082628
WABI/BTC,1634054228251,2021-10-12T15:57:08.251Z,buy,4.54e-06,182.0,0.00082628
WABI/BTC,1634054228252,2021-10-12T15:57:08.252Z,buy,4.54e-06,175.0,0.0007945
WABI/BTC,1634054228273,2021-10-12T15:57:08.273Z,sell,4.54e-06,182.0,0.00082628
WABI/BTC,1634054238042,2021-10-12T15:57:18.042Z,sell,4.53e-06,48.0,0.00021744
WABI/BTC,1634054242434,2021-10-12T15:57:22.434Z,sell,4.52e-06,147.0,0.00066444
WABI/BTC,1634054334011,2021-10-12T15:58:54.011Z,sell,4.52e-06,177.0,0.00080004
WABI/BTC,1634054334011,2021-10-12T15:58:54.011Z,sell,4.5e-06,3118.0,0.014031
WABI/BTC,1634054351604,2021-10-12T15:59:11.604Z,buy,4.52e-06,191.0,0.00086332
WABI/BTC,1634054384379,2021-10-12T15:59:44.379Z,buy,4.53e-06,229.0,0.00103737
WABI/BTC,1634054384379,2021-10-12T15:59:44.379Z,buy,4.53e-06,229.0,0.00103737
WABI/BTC,1634054413401,2021-10-12T16:00:13.401Z,buy,4.54e-06,88.0,0.00039952
WABI/BTC,1634054418400,2021-10-12T16:00:18.400Z,sell,4.52e-06,1356.0,0.00612912
WABI/BTC,1634054504270,2021-10-12T16:01:44.270Z,sell,4.54e-06,1421.0,0.00645134
WABI/BTC,1634054511225,2021-10-12T16:01:51.225Z,sell,4.52e-06,175.0,0.000791
WABI/BTC,1634054511235,2021-10-12T16:01:51.235Z,buy,4.52e-06,103.0,0.00046556
WABI/BTC,1634054521316,2021-10-12T16:02:01.316Z,sell,4.52e-06,3917.0,0.01770484
WABI/BTC,1634054521316,2021-10-12T16:02:01.316Z,sell,4.51e-06,3258.0,0.01469358
WABI/BTC,1634054521316,2021-10-12T16:02:01.316Z,sell,4.5e-06,359.0,0.0016155
WABI/BTC,1634054522750,2021-10-12T16:02:02.750Z,buy,4.51e-06,34.0,0.00015334
WABI/BTC,1634054529094,2021-10-12T16:02:09.094Z,sell,4.5e-06,61.0,0.0002745
WABI/BTC,1634054529098,2021-10-12T16:02:09.098Z,buy,4.5e-06,24083.0,0.1083735
WABI/BTC,1634054657295,2021-10-12T16:04:17.295Z,buy,4.52e-06,87.0,0.00039324
WABI/BTC,1634054684752,2021-10-12T16:04:44.752Z,buy,4.52e-06,941.0,0.00425332
WABI/BTC,1634054760929,2021-10-12T16:06:00.929Z,buy,4.53e-06,25.0,0.00011325
WABI/BTC,1634054852061,2021-10-12T16:07:32.061Z,buy,4.53e-06,390.0,0.0017667
WABI/BTC,1634054859551,2021-10-12T16:07:39.551Z,sell,4.52e-06,193.0,0.00087236
WABI/BTC,1634054867896,2021-10-12T16:07:47.896Z,sell,4.52e-06,5.0,2.26e-05
WABI/BTC,1634055242029,2021-10-12T16:14:02.029Z,buy,4.53e-06,1438.0,0.00651414
WABI/BTC,1634055273485,2021-10-12T16:14:33.485Z,buy,4.53e-06,81.0,0.00036693
WABI/BTC,1634055317804,2021-10-12T16:15:17.804Z,sell,4.52e-06,28.0,0.00012656
WABI/BTC,1634055366482,2021-10-12T16:16:06.482Z,sell,4.52e-06,363.0,0.00164076
WABI/BTC,1634055390453,2021-10-12T16:16:30.453Z,buy,4.52e-06,340.0,0.0015368
WABI/BTC,1634055442640,2021-10-12T16:17:22.640Z,sell,4.52e-06,26.0,0.00011752
WABI/BTC,1634055505404,2021-10-12T16:18:25.404Z,sell,4.52e-06,2994.0,0.01353288
WABI/BTC,1634055516917,2021-10-12T16:18:36.917Z,sell,4.52e-06,3925.0,0.017741
WABI/BTC,1634055516917,2021-10-12T16:18:36.917Z,sell,4.51e-06,4857.0,0.02190507
WABI/BTC,1634055516917,2021-10-12T16:18:36.917Z,sell,4.5e-06,3761.0,0.016924500000000002
WABI/BTC,1634055527136,2021-10-12T16:18:47.136Z,buy,4.52e-06,581.0,0.00262612
WABI/BTC,1634055606639,2021-10-12T16:20:06.639Z,sell,4.5e-06,638.0,0.0028710000000000003
WABI/BTC,1634055664016,2021-10-12T16:21:04.016Z,sell,4.5e-06,2549.0,0.0114705
WABI/BTC,1634055665224,2021-10-12T16:21:05.224Z,sell,4.49e-06,86.0,0.00038614000000000004
WABI/BTC,1634055755161,2021-10-12T16:22:35.161Z,sell,4.5e-06,448.0,0.002016
WABI/BTC,1634055803150,2021-10-12T16:23:23.150Z,buy,4.5e-06,34.0,0.000153
WABI/BTC,1634055822035,2021-10-12T16:23:42.035Z,sell,4.48e-06,27.0,0.00012096000000000001
WABI/BTC,1634055872418,2021-10-12T16:24:32.418Z,buy,4.5e-06,8.0,3.6e-05
WABI/BTC,1634055900190,2021-10-12T16:25:00.190Z,buy,4.5e-06,396.0,0.001782
WABI/BTC,1634055970410,2021-10-12T16:26:10.410Z,sell,4.49e-06,4066.0,0.01825634
WABI/BTC,1634055970411,2021-10-12T16:26:10.411Z,sell,4.48e-06,203.0,0.0009094400000000001
WABI/BTC,1634055970411,2021-10-12T16:26:10.411Z,sell,4.47e-06,250.0,0.0011175
WABI/BTC,1634055970411,2021-10-12T16:26:10.411Z,sell,4.46e-06,139.0,0.0006199399999999999
WABI/BTC,1634055970417,2021-10-12T16:26:10.417Z,sell,4.46e-06,129.0,0.0005753399999999999
WABI/BTC,1634055970417,2021-10-12T16:26:10.417Z,sell,4.45e-06,833.0,0.00370685
WABI/BTC,1634055973222,2021-10-12T16:26:13.222Z,buy,4.49e-06,116.0,0.0005208400000000001
WABI/BTC,1634055975190,2021-10-12T16:26:15.190Z,buy,4.47e-06,100.0,0.000447
WABI/BTC,1634056063189,2021-10-12T16:27:43.189Z,buy,4.47e-06,76.0,0.00033972
WABI/BTC,1634056063539,2021-10-12T16:27:43.539Z,buy,4.48e-06,91.0,0.00040768000000000005
WABI/BTC,1634056063918,2021-10-12T16:27:43.918Z,buy,4.49e-06,229.0,0.00102821
WABI/BTC,1634056069815,2021-10-12T16:27:49.815Z,buy,4.49e-06,445.0,0.00199805
WABI/BTC,1634056135995,2021-10-12T16:28:55.995Z,sell,4.46e-06,1209.0,0.005392139999999999
WABI/BTC,1634056147379,2021-10-12T16:29:07.379Z,buy,4.49e-06,166.0,0.00074534
WABI/BTC,1634056183113,2021-10-12T16:29:43.113Z,buy,4.48e-06,1204.0,0.00539392
WABI/BTC,1634056184177,2021-10-12T16:29:44.177Z,sell,4.46e-06,5200.0,0.023191999999999997
WABI/BTC,1634056184900,2021-10-12T16:29:44.900Z,sell,4.46e-06,65.0,0.0002899
WABI/BTC,1634056214624,2021-10-12T16:30:14.624Z,buy,4.47e-06,2505.0,0.011197350000000002
WABI/BTC,1634056319575,2021-10-12T16:31:59.575Z,buy,4.47e-06,377.0,0.0016851900000000003
WABI/BTC,1634056341576,2021-10-12T16:32:21.576Z,sell,4.46e-06,152.0,0.0006779199999999999
WABI/BTC,1634056366580,2021-10-12T16:32:46.580Z,buy,4.48e-06,65.0,0.00029120000000000003
WABI/BTC,1634056366580,2021-10-12T16:32:46.580Z,buy,4.49e-06,135.0,0.0006061500000000001
WABI/BTC,1634056368189,2021-10-12T16:32:48.189Z,buy,4.48e-06,382.0,0.00171136
WABI/BTC,1634056579107,2021-10-12T16:36:19.107Z,sell,4.46e-06,760.0,0.0033895999999999996
WABI/BTC,1634056608718,2021-10-12T16:36:48.718Z,sell,4.46e-06,4793.0,0.021376779999999998
WABI/BTC,1634056696640,2021-10-12T16:38:16.640Z,buy,4.47e-06,1307.0,0.005842290000000001
WABI/BTC,1634056704744,2021-10-12T16:38:24.744Z,buy,4.47e-06,610.0,0.0027267000000000003
WABI/BTC,1634056717972,2021-10-12T16:38:37.972Z,buy,4.48e-06,65.0,0.00029120000000000003
WABI/BTC,1634056717972,2021-10-12T16:38:37.972Z,buy,4.49e-06,4.0,1.796e-05
WABI/BTC,1634056732863,2021-10-12T16:38:52.863Z,sell,4.46e-06,65.0,0.0002899
WABI/BTC,1634056732863,2021-10-12T16:38:52.863Z,sell,4.45e-06,2834.0,0.012611299999999999
WABI/BTC,1634056732868,2021-10-12T16:38:52.868Z,buy,4.45e-06,2289.0,0.010186049999999999
WABI/BTC,1634056734457,2021-10-12T16:38:54.457Z,buy,4.46e-06,2140.0,0.0095444
WABI/BTC,1634056805791,2021-10-12T16:40:05.791Z,buy,4.47e-06,176.0,0.0007867200000000001
WABI/BTC,1634056805791,2021-10-12T16:40:05.791Z,buy,4.48e-06,91.0,0.00040768000000000005
WABI/BTC,1634056805791,2021-10-12T16:40:05.791Z,buy,4.49e-06,2368.0,0.01063232
WABI/BTC,1634056840079,2021-10-12T16:40:40.079Z,sell,4.46e-06,65.0,0.0002899
WABI/BTC,1634056884071,2021-10-12T16:41:24.071Z,sell,4.45e-06,1410.0,0.0062745
WABI/BTC,1634056884563,2021-10-12T16:41:24.563Z,sell,4.45e-06,2787.0,0.012402149999999999
WABI/BTC,1634056941127,2021-10-12T16:42:21.127Z,buy,4.47e-06,176.0,0.0007867200000000001
WABI/BTC,1634056941127,2021-10-12T16:42:21.127Z,buy,4.48e-06,23.0,0.00010304
WABI/BTC,1634056944965,2021-10-12T16:42:24.965Z,sell,4.45e-06,176.0,0.0007832
WABI/BTC,1634056993459,2021-10-12T16:43:13.459Z,sell,4.45e-06,815.0,0.0036267499999999998
WABI/BTC,1634057082655,2021-10-12T16:44:42.655Z,sell,4.45e-06,40.0,0.000178
WABI/BTC,1634057083452,2021-10-12T16:44:43.452Z,buy,4.47e-06,176.0,0.0007867200000000001
WABI/BTC,1634057083452,2021-10-12T16:44:43.452Z,buy,4.48e-06,136.0,0.00060928
WABI/BTC,1634057083452,2021-10-12T16:44:43.452Z,buy,4.49e-06,85.0,0.00038165000000000003
WABI/BTC,1634057150045,2021-10-12T16:45:50.045Z,buy,4.48e-06,631.0,0.0028268800000000004
WABI/BTC,1634057163540,2021-10-12T16:46:03.540Z,buy,4.48e-06,112.0,0.0005017600000000001
WABI/BTC,1634057187245,2021-10-12T16:46:27.245Z,sell,4.47e-06,34.0,0.00015198000000000002
WABI/BTC,1634057187256,2021-10-12T16:46:27.256Z,buy,4.47e-06,47.0,0.00021009000000000002
WABI/BTC,1634057196321,2021-10-12T16:46:36.321Z,buy,4.48e-06,3806.0,0.01705088
WABI/BTC,1634057233989,2021-10-12T16:47:13.989Z,buy,4.49e-06,2460.0,0.0110454
WABI/BTC,1634057236278,2021-10-12T16:47:16.278Z,buy,4.49e-06,567.0,0.0025458300000000002
WABI/BTC,1634057297352,2021-10-12T16:48:17.352Z,buy,4.5e-06,454.0,0.002043
WABI/BTC,1634057341247,2021-10-12T16:49:01.247Z,buy,4.51e-06,73.0,0.00032923
WABI/BTC,1634057341433,2021-10-12T16:49:01.433Z,sell,4.51e-06,561.0,0.00253011
WABI/BTC,1634057343420,2021-10-12T16:49:03.420Z,sell,4.49e-06,68.0,0.00030532000000000004
WABI/BTC,1634057351799,2021-10-12T16:49:11.799Z,sell,4.49e-06,1103.0,0.0049524700000000005
WABI/BTC,1634057932847,2021-10-12T16:58:52.847Z,buy,4.5e-06,2488.0,0.011196000000000001
WABI/BTC,1634057970142,2021-10-12T16:59:30.142Z,buy,4.5e-06,108.0,0.000486
WABI/BTC,1634057970142,2021-10-12T16:59:30.142Z,buy,4.5e-06,108.0,0.000486
WABI/BTC,1634058035752,2021-10-12T17:00:35.752Z,sell,4.48e-06,100.0,0.00044800000000000005
WABI/BTC,1634058039041,2021-10-12T17:00:39.041Z,buy,4.5e-06,397.0,0.0017865000000000001
WABI/BTC,1634058076074,2021-10-12T17:01:16.074Z,buy,4.5e-06,47.0,0.00021150000000000002
WABI/BTC,1634058168590,2021-10-12T17:02:48.590Z,buy,4.5e-06,18053.0,0.0812385
WABI/BTC,1634058233076,2021-10-12T17:03:53.076Z,sell,4.5e-06,33.0,0.0001485
WABI/BTC,1634058239228,2021-10-12T17:03:59.228Z,sell,4.5e-06,6189.0,0.0278505
WABI/BTC,1634058266530,2021-10-12T17:04:26.530Z,buy,4.51e-06,44.0,0.00019844
WABI/BTC,1634058318641,2021-10-12T17:05:18.641Z,buy,4.51e-06,5.0,2.255e-05
WABI/BTC,1634058328128,2021-10-12T17:05:28.128Z,sell,4.51e-06,94.0,0.00042394
WABI/BTC,1634058430965,2021-10-12T17:07:10.965Z,buy,4.52e-06,69.0,0.00031188
WABI/BTC,1634058433851,2021-10-12T17:07:13.851Z,sell,4.49e-06,78.0,0.00035022
WABI/BTC,1634058525968,2021-10-12T17:08:45.968Z,buy,4.52e-06,122.0,0.0005514399999999999
WABI/BTC,1634058525979,2021-10-12T17:08:45.979Z,sell,4.52e-06,234.0,0.00105768
WABI/BTC,1634058534358,2021-10-12T17:08:54.358Z,buy,4.53e-06,220.0,0.0009966
WABI/BTC,1634058558677,2021-10-12T17:09:18.677Z,buy,4.52e-06,221.0,0.00099892
WABI/BTC,1634058638561,2021-10-12T17:10:38.561Z,buy,4.52e-06,278.0,0.0012565599999999999
WABI/BTC,1634058679065,2021-10-12T17:11:19.065Z,sell,4.51e-06,503.0,0.00226853
WABI/BTC,1634058687210,2021-10-12T17:11:27.210Z,sell,4.5e-06,200.0,0.0009
WABI/BTC,1634058734328,2021-10-12T17:12:14.328Z,sell,4.5e-06,5652.0,0.025434000000000002
WABI/BTC,1634058775257,2021-10-12T17:12:55.257Z,buy,4.52e-06,191.0,0.00086332
WABI/BTC,1634058775313,2021-10-12T17:12:55.313Z,buy,4.52e-06,844.0,0.00381488
WABI/BTC,1634058786955,2021-10-12T17:13:06.955Z,sell,4.5e-06,2040.0,0.00918
WABI/BTC,1634058802794,2021-10-12T17:13:22.794Z,sell,4.5e-06,104.0,0.000468
WABI/BTC,1634058909838,2021-10-12T17:15:09.838Z,sell,4.5e-06,87.0,0.00039150000000000003
WABI/BTC,1634058909838,2021-10-12T17:15:09.838Z,sell,4.49e-06,3051.0,0.013698990000000001
WABI/BTC,1634058909953,2021-10-12T17:15:09.953Z,buy,4.49e-06,2895.0,0.012998550000000001
WABI/BTC,1634058923238,2021-10-12T17:15:23.238Z,buy,4.49e-06,1296.0,0.00581904
WABI/BTC,1634058927546,2021-10-12T17:15:27.546Z,buy,4.49e-06,625.0,0.00280625
WABI/BTC,1634058932247,2021-10-12T17:15:32.247Z,buy,4.49e-06,301.0,0.0013514900000000001
WABI/BTC,1634059118160,2021-10-12T17:18:38.160Z,sell,4.48e-06,2992.0,0.013404160000000002
WABI/BTC,1634059119861,2021-10-12T17:18:39.861Z,buy,4.48e-06,34.0,0.00015232
WABI/BTC,1634059146175,2021-10-12T17:19:06.175Z,sell,4.47e-06,2001.0,0.008944470000000001
WABI/BTC,1634059146175,2021-10-12T17:19:06.175Z,sell,4.47e-06,3508.0,0.015680760000000002
WABI/BTC,1634059146175,2021-10-12T17:19:06.175Z,sell,4.46e-06,7643.0,0.03408778
WABI/BTC,1634059146175,2021-10-12T17:19:06.175Z,sell,4.45e-06,2764.0,0.0122998
WABI/BTC,1634059146175,2021-10-12T17:19:06.175Z,sell,4.44e-06,1958.0,0.00869352
WABI/BTC,1634059146176,2021-10-12T17:19:06.176Z,sell,4.44e-06,2001.0,0.00888444
WABI/BTC,1634059146177,2021-10-12T17:19:06.177Z,sell,4.44e-06,598.0,0.00265512
WABI/BTC,1634059146178,2021-10-12T17:19:06.178Z,sell,4.44e-06,970.0,0.0043067999999999995
WABI/BTC,1634059146194,2021-10-12T17:19:06.194Z,buy,4.46e-06,1986.0,0.008857559999999999
WABI/BTC,1634059146246,2021-10-12T17:19:06.246Z,buy,4.46e-06,1844.0,0.008224239999999999
WABI/BTC,1634059146670,2021-10-12T17:19:06.670Z,sell,4.44e-06,5531.0,0.02455764
WABI/BTC,1634059146670,2021-10-12T17:19:06.670Z,sell,4.43e-06,39306.0,0.17412558
WABI/BTC,1634059146670,2021-10-12T17:19:06.670Z,sell,4.42e-06,1869.0,0.00826098
WABI/BTC,1634059146670,2021-10-12T17:19:06.670Z,sell,4.41e-06,16689.0,0.07359849
WABI/BTC,1634059146866,2021-10-12T17:19:06.866Z,sell,4.45e-06,2253.0,0.01002585
WABI/BTC,1634059147834,2021-10-12T17:19:07.834Z,buy,4.46e-06,150.0,0.000669
WABI/BTC,1634059148365,2021-10-12T17:19:08.365Z,sell,4.44e-06,2759.0,0.012249959999999999
WABI/BTC,1634059149838,2021-10-12T17:19:09.838Z,buy,4.45e-06,34.0,0.0001513
WABI/BTC,1634059153834,2021-10-12T17:19:13.834Z,buy,4.43e-06,56.0,0.00024808
WABI/BTC,1634059168011,2021-10-12T17:19:28.011Z,buy,4.43e-06,10.0,4.43e-05
WABI/BTC,1634059168011,2021-10-12T17:19:28.011Z,buy,4.45e-06,436.0,0.0019402
WABI/BTC,1634059176811,2021-10-12T17:19:36.811Z,buy,4.45e-06,138.0,0.0006141
WABI/BTC,1634059183019,2021-10-12T17:19:43.019Z,sell,4.44e-06,5216.0,0.02315904
WABI/BTC,1634059206194,2021-10-12T17:20:06.194Z,sell,4.42e-06,140.0,0.0006188
WABI/BTC,1634059218560,2021-10-12T17:20:18.560Z,sell,4.41e-06,2195.0,0.00967995
WABI/BTC,1634059221854,2021-10-12T17:20:21.854Z,buy,4.44e-06,252.0,0.00111888
WABI/BTC,1634059227809,2021-10-12T17:20:27.809Z,sell,4.42e-06,104.0,0.00045968
WABI/BTC,1634059227809,2021-10-12T17:20:27.809Z,sell,4.41e-06,1356.0,0.00597996
WABI/BTC,1634059234868,2021-10-12T17:20:34.868Z,sell,4.41e-06,1725.0,0.00760725
WABI/BTC,1634059240054,2021-10-12T17:20:40.054Z,buy,4.43e-06,56.0,0.00024808
WABI/BTC,1634059387984,2021-10-12T17:23:07.984Z,buy,4.43e-06,10.0,4.43e-05
WABI/BTC,1634059452767,2021-10-12T17:24:12.767Z,buy,4.45e-06,1067.0,0.00474815
WABI/BTC,1634059481566,2021-10-12T17:24:41.566Z,buy,4.45e-06,4495.0,0.02000275
WABI/BTC,1634059513391,2021-10-12T17:25:13.391Z,buy,4.45e-06,40.0,0.000178
WABI/BTC,1634059727841,2021-10-12T17:28:47.841Z,sell,4.43e-06,127.0,0.00056261
WABI/BTC,1634059746456,2021-10-12T17:29:06.456Z,sell,4.42e-06,113.0,0.00049946
WABI/BTC,1634059798852,2021-10-12T17:29:58.852Z,sell,4.42e-06,3142.0,0.01388764
WABI/BTC,1634059817262,2021-10-12T17:30:17.262Z,sell,4.42e-06,7366.0,0.03255772
WABI/BTC,1634059817359,2021-10-12T17:30:17.359Z,buy,4.42e-06,2634.0,0.01164228
WABI/BTC,1634059838671,2021-10-12T17:30:38.671Z,buy,4.42e-06,3470.0,0.0153374
WABI/BTC,1634059840173,2021-10-12T17:30:40.173Z,buy,4.42e-06,170.0,0.0007514
WABI/BTC,1634059840186,2021-10-12T17:30:40.186Z,buy,4.42e-06,1798.0,0.00794716
WABI/BTC,1634059840584,2021-10-12T17:30:40.584Z,buy,4.42e-06,896.0,0.00396032
WABI/BTC,1634059841579,2021-10-12T17:30:41.579Z,buy,4.42e-06,444.0,0.00196248
WABI/BTC,1634059884647,2021-10-12T17:31:24.647Z,sell,4.41e-06,710.0,0.0031311
WABI/BTC,1634059913805,2021-10-12T17:31:53.805Z,buy,4.42e-06,400.0,0.001768
WABI/BTC,1634059958945,2021-10-12T17:32:38.945Z,sell,4.41e-06,195.0,0.0008599500000000001
WABI/BTC,1634059958954,2021-10-12T17:32:38.954Z,buy,4.42e-06,235.0,0.0010387
WABI/BTC,1634060013399,2021-10-12T17:33:33.399Z,sell,4.41e-06,49.0,0.00021609
WABI/BTC,1634060054196,2021-10-12T17:34:14.196Z,sell,4.41e-06,8830.0,0.038940300000000004
WABI/BTC,1634060054211,2021-10-12T17:34:14.211Z,buy,4.41e-06,1595.0,0.007033950000000001
WABI/BTC,1634060054667,2021-10-12T17:34:14.667Z,buy,4.41e-06,3674.0,0.01620234
WABI/BTC,1634060055898,2021-10-12T17:34:15.898Z,buy,4.41e-06,250.0,0.0011025
WABI/BTC,1634060055906,2021-10-12T17:34:15.906Z,buy,4.41e-06,252.0,0.00111132
WABI/BTC,1634060058182,2021-10-12T17:34:18.182Z,buy,4.42e-06,34.0,0.00015028
WABI/BTC,1634060058269,2021-10-12T17:34:18.269Z,buy,4.42e-06,1799.0,0.00795158
WABI/BTC,1634060058766,2021-10-12T17:34:18.766Z,buy,4.42e-06,895.0,0.0039559
WABI/BTC,1634060063272,2021-10-12T17:34:23.272Z,buy,4.42e-06,431.0,0.00190502
WABI/BTC,1634060073472,2021-10-12T17:34:33.472Z,buy,4.41e-06,122.0,0.0005380200000000001
WABI/BTC,1634060348001,2021-10-12T17:39:08.001Z,buy,4.41e-06,23.0,0.00010143000000000001
WABI/BTC,1634060473802,2021-10-12T17:41:13.802Z,buy,4.41e-06,64.0,0.00028224
WABI/BTC,1634060583622,2021-10-12T17:43:03.622Z,sell,4.41e-06,5000.0,0.02205
WABI/BTC,1634060583631,2021-10-12T17:43:03.631Z,buy,4.42e-06,2518.0,0.01112956
WABI/BTC,1634060584123,2021-10-12T17:43:04.123Z,buy,4.42e-06,1254.0,0.00554268
WABI/BTC,1634060585119,2021-10-12T17:43:05.119Z,buy,4.42e-06,621.0,0.00274482
WABI/BTC,1634060600568,2021-10-12T17:43:20.568Z,sell,4.41e-06,460.0,0.0020286
WABI/BTC,1634060613183,2021-10-12T17:43:33.183Z,sell,4.41e-06,23.0,0.00010143000000000001
WABI/BTC,1634060613194,2021-10-12T17:43:33.194Z,buy,4.41e-06,3913.0,0.01725633
WABI/BTC,1634060613238,2021-10-12T17:43:33.238Z,buy,4.41e-06,2420.0,0.0106722
WABI/BTC,1634060614241,2021-10-12T17:43:34.241Z,buy,4.41e-06,1200.0,0.005292
WABI/BTC,1634060614632,2021-10-12T17:43:34.632Z,buy,4.41e-06,5687.0,0.025079670000000002
WABI/BTC,1634060614645,2021-10-12T17:43:34.645Z,buy,4.41e-06,3442.0,0.01517922
WABI/BTC,1634060620291,2021-10-12T17:43:40.291Z,buy,4.41e-06,5331.0,0.02350971
WABI/BTC,1634060640021,2021-10-12T17:44:00.021Z,buy,4.43e-06,12627.0,0.05593761
WABI/BTC,1634060645885,2021-10-12T17:44:05.885Z,sell,4.41e-06,8540.0,0.0376614
WABI/BTC,1634060645952,2021-10-12T17:44:05.952Z,buy,4.41e-06,6803.0,0.03000123
WABI/BTC,1634060655847,2021-10-12T17:44:15.847Z,buy,4.43e-06,66.0,0.00029238
WABI/BTC,1634060655957,2021-10-12T17:44:15.957Z,sell,4.43e-06,1024.0,0.00453632
WABI/BTC,1634060663720,2021-10-12T17:44:23.720Z,buy,4.44e-06,5767.0,0.02560548
WABI/BTC,1634060667278,2021-10-12T17:44:27.278Z,sell,4.41e-06,3060.0,0.0134946
WABI/BTC,1634060667348,2021-10-12T17:44:27.348Z,sell,4.41e-06,1083.0,0.0047760300000000006
WABI/BTC,1634060676370,2021-10-12T17:44:36.370Z,buy,4.43e-06,717.0,0.00317631
WABI/BTC,1634060676372,2021-10-12T17:44:36.372Z,buy,4.43e-06,2123.0,0.009404889999999999
WABI/BTC,1634060676372,2021-10-12T17:44:36.372Z,buy,4.44e-06,2508.0,0.01113552
WABI/BTC,1634060676372,2021-10-12T17:44:36.372Z,buy,4.44e-06,717.0,0.00318348
WABI/BTC,1634060676376,2021-10-12T17:44:36.376Z,buy,4.44e-06,683.0,0.00303252
WABI/BTC,1634060681305,2021-10-12T17:44:41.305Z,sell,4.41e-06,717.0,0.00316197
WABI/BTC,1634060687772,2021-10-12T17:44:47.772Z,sell,4.41e-06,3917.0,0.01727397
WABI/BTC,1634060722300,2021-10-12T17:45:22.300Z,sell,4.42e-06,3908.0,0.01727336
WABI/BTC,1634060755102,2021-10-12T17:45:55.102Z,buy,4.43e-06,2862.0,0.01267866
WABI/BTC,1634060755108,2021-10-12T17:45:55.108Z,buy,4.44e-06,9310.0,0.041336399999999995
WABI/BTC,1634060761290,2021-10-12T17:46:01.290Z,sell,4.43e-06,2862.0,0.01267866
WABI/BTC,1634060774137,2021-10-12T17:46:14.137Z,buy,4.45e-06,11786.0,0.0524477
WABI/BTC,1634060780523,2021-10-12T17:46:20.523Z,buy,4.46e-06,7518.0,0.033530279999999996
WABI/BTC,1634060786330,2021-10-12T17:46:26.330Z,sell,4.44e-06,34.0,0.00015096
WABI/BTC,1634060809661,2021-10-12T17:46:49.661Z,sell,4.44e-06,31.0,0.00013764
WABI/BTC,1634060809670,2021-10-12T17:46:49.670Z,sell,4.43e-06,3686.0,0.01632898
WABI/BTC,1634060819435,2021-10-12T17:46:59.435Z,sell,4.44e-06,714.0,0.00317016
WABI/BTC,1634060824522,2021-10-12T17:47:04.522Z,sell,4.44e-06,34.0,0.00015096
WABI/BTC,1634060837091,2021-10-12T17:47:17.091Z,sell,4.44e-06,146.0,0.00064824
WABI/BTC,1634060840041,2021-10-12T17:47:20.041Z,sell,4.44e-06,260.0,0.0011543999999999999
WABI/BTC,1634060841240,2021-10-12T17:47:21.240Z,sell,4.44e-06,226.0,0.00100344
WABI/BTC,1634060841802,2021-10-12T17:47:21.802Z,buy,4.44e-06,113.0,0.00050172
WABI/BTC,1634060842387,2021-10-12T17:47:22.387Z,buy,4.44e-06,113.0,0.00050172
WABI/BTC,1634060842990,2021-10-12T17:47:22.990Z,buy,4.44e-06,113.0,0.00050172
WABI/BTC,1634060844746,2021-10-12T17:47:24.746Z,sell,4.44e-06,226.0,0.00100344
WABI/BTC,1634060846445,2021-10-12T17:47:26.445Z,sell,4.44e-06,226.0,0.00100344
WABI/BTC,1634060848043,2021-10-12T17:47:28.043Z,sell,4.44e-06,226.0,0.00100344
WABI/BTC,1634060849753,2021-10-12T17:47:29.753Z,sell,4.44e-06,226.0,0.00100344
WABI/BTC,1634060892339,2021-10-12T17:48:12.339Z,sell,4.44e-06,113.0,0.00050172
WABI/BTC,1634060971616,2021-10-12T17:49:31.616Z,sell,4.43e-06,34.0,0.00015062
WABI/BTC,1634060971616,2021-10-12T17:49:31.616Z,sell,4.42e-06,2140.0,0.0094588
WABI/BTC,1634061060986,2021-10-12T17:51:00.986Z,buy,4.43e-06,8.0,3.544e-05
WABI/BTC,1634061147437,2021-10-12T17:52:27.437Z,buy,4.43e-06,3581.0,0.01586383
WABI/BTC,1634061271842,2021-10-12T17:54:31.842Z,buy,4.44e-06,670.0,0.0029748
WABI/BTC,1634061379818,2021-10-12T17:56:19.818Z,buy,4.44e-06,6758.0,0.030005519999999997
WABI/BTC,1634061379822,2021-10-12T17:56:19.822Z,sell,4.43e-06,697.0,0.00308771
WABI/BTC,1634061379892,2021-10-12T17:56:19.892Z,sell,4.43e-06,3904.0,0.01729472
WABI/BTC,1634061463333,2021-10-12T17:57:43.333Z,sell,4.43e-06,1186.0,0.00525398
WABI/BTC,1634061494448,2021-10-12T17:58:14.448Z,sell,4.43e-06,457.0,0.0020245099999999998
WABI/BTC,1634061525671,2021-10-12T17:58:45.671Z,buy,4.44e-06,102.0,0.00045287999999999996
WABI/BTC,1634061525671,2021-10-12T17:58:45.671Z,buy,4.44e-06,102.0,0.00045287999999999996
WABI/BTC,1634061690153,2021-10-12T18:01:30.153Z,buy,4.44e-06,208.0,0.0009235199999999999
WABI/BTC,1634061781054,2021-10-12T18:03:01.054Z,buy,4.44e-06,6.0,2.664e-05
WABI/BTC,1634061830331,2021-10-12T18:03:50.331Z,buy,4.44e-06,32.0,0.00014208
WABI/BTC,1634061868274,2021-10-12T18:04:28.274Z,sell,4.43e-06,3129.0,0.013861469999999999
WABI/BTC,1634061999754,2021-10-12T18:06:39.754Z,sell,4.42e-06,185.0,0.0008177
WABI/BTC,1634062032982,2021-10-12T18:07:12.982Z,sell,4.42e-06,66.0,0.00029172
WABI/BTC,1634062065572,2021-10-12T18:07:45.572Z,sell,4.42e-06,1500.0,0.0066300000000000005
WABI/BTC,1634062080192,2021-10-12T18:08:00.192Z,sell,4.42e-06,1500.0,0.0066300000000000005
WABI/BTC,1634062234815,2021-10-12T18:10:34.815Z,sell,4.41e-06,1535.0,0.00676935
WABI/BTC,1634062323951,2021-10-12T18:12:03.951Z,sell,4.41e-06,2195.0,0.00967995
WABI/BTC,1634062558275,2021-10-12T18:15:58.275Z,buy,4.42e-06,34.0,0.00015028
WABI/BTC,1634062562127,2021-10-12T18:16:02.127Z,buy,4.43e-06,55.0,0.00024364999999999999
WABI/BTC,1634062579628,2021-10-12T18:16:19.628Z,sell,4.41e-06,326.0,0.0014376600000000001
WABI/BTC,1634062834558,2021-10-12T18:20:34.558Z,sell,4.41e-06,7629.0,0.03364389
WABI/BTC,1634062834558,2021-10-12T18:20:34.558Z,sell,4.4e-06,886.0,0.0038984
WABI/BTC,1634062834558,2021-10-12T18:20:34.558Z,sell,4.39e-06,4749.0,0.020848110000000003
WABI/BTC,1634062834558,2021-10-12T18:20:34.558Z,sell,4.38e-06,1470.0,0.006438600000000001
WABI/BTC,1634062834558,2021-10-12T18:20:34.558Z,sell,4.37e-06,568.0,0.0024821599999999997
WABI/BTC,1634062834558,2021-10-12T18:20:34.558Z,sell,4.36e-06,37358.0,0.16288087999999998
WABI/BTC,1634062836844,2021-10-12T18:20:36.844Z,sell,4.4e-06,206.0,0.0009064
WABI/BTC,1634062837036,2021-10-12T18:20:37.036Z,buy,4.41e-06,34.0,0.00014994
WABI/BTC,1634062837044,2021-10-12T18:20:37.044Z,buy,4.41e-06,4211.0,0.018570510000000002
WABI/BTC,1634062837271,2021-10-12T18:20:37.271Z,sell,4.4e-06,30.0,0.000132
WABI/BTC,1634062837355,2021-10-12T18:20:37.355Z,sell,4.4e-06,97.0,0.0004268
WABI/BTC,1634062837561,2021-10-12T18:20:37.561Z,buy,4.42e-06,228.0,0.00100776
WABI/BTC,1634062837695,2021-10-12T18:20:37.695Z,buy,4.41e-06,4077.0,0.01797957
WABI/BTC,1634062838240,2021-10-12T18:20:38.240Z,buy,4.41e-06,66.0,0.00029106
WABI/BTC,1634062838240,2021-10-12T18:20:38.240Z,buy,4.42e-06,163.0,0.00072046
WABI/BTC,1634062838584,2021-10-12T18:20:38.584Z,sell,4.4e-06,66.0,0.0002904
WABI/BTC,1634062838693,2021-10-12T18:20:38.693Z,buy,4.41e-06,4077.0,0.01797957
WABI/BTC,1634062838941,2021-10-12T18:20:38.941Z,sell,4.4e-06,66.0,0.0002904
WABI/BTC,1634062945348,2021-10-12T18:22:25.348Z,buy,4.42e-06,8.0,3.536e-05
WABI/BTC,1634062950217,2021-10-12T18:22:30.217Z,sell,4.4e-06,340.0,0.0014960000000000002
WABI/BTC,1634063147329,2021-10-12T18:25:47.329Z,sell,4.39e-06,2632.0,0.01155448
WABI/BTC,1634063168381,2021-10-12T18:26:08.381Z,sell,4.39e-06,52.0,0.00022828000000000003
WABI/BTC,1634063315334,2021-10-12T18:28:35.334Z,sell,4.39e-06,1923.0,0.00844197
WABI/BTC,1634063481466,2021-10-12T18:31:21.466Z,sell,4.39e-06,67.0,0.00029413000000000003
WABI/BTC,1634063584342,2021-10-12T18:33:04.342Z,buy,4.41e-06,288.0,0.00127008
WABI/BTC,1634063703285,2021-10-12T18:35:03.285Z,sell,4.39e-06,1010.0,0.0044339
WABI/BTC,1634063711716,2021-10-12T18:35:11.716Z,buy,4.41e-06,7.0,3.087e-05
WABI/BTC,1634063741266,2021-10-12T18:35:41.266Z,buy,4.4e-06,30.0,0.000132
WABI/BTC,1634063745545,2021-10-12T18:35:45.545Z,buy,4.4e-06,5.0,2.2e-05
WABI/BTC,1634063745545,2021-10-12T18:35:45.545Z,buy,4.41e-06,2596.0,0.011448360000000001
WABI/BTC,1634063864067,2021-10-12T18:37:44.067Z,buy,4.41e-06,8.0,3.528e-05
WABI/BTC,1634063873108,2021-10-12T18:37:53.108Z,buy,4.41e-06,1933.0,0.00852453
WABI/BTC,1634063931029,2021-10-12T18:38:51.029Z,buy,4.41e-06,974.0,0.00429534
WABI/BTC,1634063941138,2021-10-12T18:39:01.138Z,buy,4.41e-06,447.0,0.0019712700000000002
WABI/BTC,1634064079778,2021-10-12T18:41:19.778Z,buy,4.41e-06,82.0,0.00036162
WABI/BTC,1634064095504,2021-10-12T18:41:35.504Z,buy,4.41e-06,82.0,0.00036162
WABI/BTC,1634064127045,2021-10-12T18:42:07.045Z,buy,4.41e-06,7.0,3.087e-05
WABI/BTC,1634064354384,2021-10-12T18:45:54.384Z,buy,4.41e-06,277.0,0.00122157
WABI/BTC,1634064354384,2021-10-12T18:45:54.384Z,buy,4.42e-06,2635.0,0.0116467
WABI/BTC,1634064354389,2021-10-12T18:45:54.389Z,buy,4.42e-06,277.0,0.00122434
WABI/BTC,1634064354672,2021-10-12T18:45:54.672Z,buy,4.42e-06,46.0,0.00020332
WABI/BTC,1634064358551,2021-10-12T18:45:58.551Z,buy,4.42e-06,2771.0,0.01224782
WABI/BTC,1634064368763,2021-10-12T18:46:08.763Z,buy,4.43e-06,2094.0,0.00927642
WABI/BTC,1634064370833,2021-10-12T18:46:10.833Z,buy,4.44e-06,34.0,0.00015096
WABI/BTC,1634064373926,2021-10-12T18:46:13.926Z,buy,4.44e-06,13477.0,0.059837879999999996
WABI/BTC,1634064373932,2021-10-12T18:46:13.932Z,sell,4.44e-06,162.0,0.00071928
WABI/BTC,1634064375426,2021-10-12T18:46:15.426Z,sell,4.44e-06,34.0,0.00015096
WABI/BTC,1634064377996,2021-10-12T18:46:17.996Z,sell,4.43e-06,5318.0,0.023558739999999998
WABI/BTC,1634064380767,2021-10-12T18:46:20.767Z,buy,4.43e-06,3904.0,0.01729472
WABI/BTC,1634064414793,2021-10-12T18:46:54.793Z,buy,4.44e-06,11456.0,0.050864639999999996
WABI/BTC,1634064425931,2021-10-12T18:47:05.931Z,sell,4.42e-06,120.0,0.0005304
WABI/BTC,1634064430307,2021-10-12T18:47:10.307Z,sell,4.42e-06,205.0,0.0009061
WABI/BTC,1634064436557,2021-10-12T18:47:16.557Z,buy,4.45e-06,8.0,3.56e-05
WABI/BTC,1634064531930,2021-10-12T18:48:51.930Z,sell,4.42e-06,10260.0,0.0453492
WABI/BTC,1634064532021,2021-10-12T18:48:52.021Z,buy,4.42e-06,9386.0,0.04148612
WABI/BTC,1634064555080,2021-10-12T18:49:15.080Z,sell,4.41e-06,157.0,0.00069237
WABI/BTC,1634064599653,2021-10-12T18:49:59.653Z,buy,4.43e-06,2639.0,0.01169077
WABI/BTC,1634064603603,2021-10-12T18:50:03.603Z,sell,4.42e-06,214.0,0.00094588
WABI/BTC,1634065079416,2021-10-12T18:57:59.416Z,sell,4.42e-06,950.0,0.004199
WABI/BTC,1634065079416,2021-10-12T18:57:59.416Z,sell,4.42e-06,950.0,0.004199
WABI/BTC,1634065303278,2021-10-12T19:01:43.278Z,buy,4.44e-06,23.0,0.00010211999999999999
WABI/BTC,1634065309159,2021-10-12T19:01:49.159Z,buy,4.44e-06,7575.0,0.033632999999999996
WABI/BTC,1634065309159,2021-10-12T19:01:49.159Z,buy,4.45e-06,18104.0,0.08056279999999999
WABI/BTC,1634065309658,2021-10-12T19:01:49.658Z,sell,4.45e-06,34.0,0.0001513
WABI/BTC,1634065439521,2021-10-12T19:03:59.521Z,buy,4.45e-06,36.0,0.0001602
WABI/BTC,1634065445868,2021-10-12T19:04:05.868Z,buy,4.45e-06,11.0,4.895e-05
WABI/BTC,1634065460536,2021-10-12T19:04:20.536Z,buy,4.46e-06,1819.0,0.00811274
WABI/BTC,1634065460544,2021-10-12T19:04:20.544Z,buy,4.46e-06,979.0,0.00436634
WABI/BTC,1634065462701,2021-10-12T19:04:22.701Z,buy,4.46e-06,76.0,0.00033895999999999997
WABI/BTC,1634065478094,2021-10-12T19:04:38.094Z,buy,4.46e-06,7.0,3.1219999999999996e-05
WABI/BTC,1634065480366,2021-10-12T19:04:40.366Z,sell,4.45e-06,1989.0,0.00885105
WABI/BTC,1634065480366,2021-10-12T19:04:40.366Z,sell,4.44e-06,65.0,0.00028859999999999997
WABI/BTC,1634065480366,2021-10-12T19:04:40.366Z,sell,4.43e-06,5517.0,0.02444031
WABI/BTC,1634065695694,2021-10-12T19:08:15.694Z,sell,4.43e-06,26.0,0.00011517999999999999
WABI/BTC,1634065809445,2021-10-12T19:10:09.445Z,buy,4.45e-06,2675.0,0.01190375
WABI/BTC,1634065814918,2021-10-12T19:10:14.918Z,sell,4.43e-06,3898.0,0.01726814
WABI/BTC,1634065831451,2021-10-12T19:10:31.451Z,sell,4.45e-06,658.0,0.0029281
WABI/BTC,1634065856312,2021-10-12T19:10:56.312Z,sell,4.43e-06,8970.0,0.0397371
WABI/BTC,1634065868150,2021-10-12T19:11:08.150Z,buy,4.45e-06,4517.0,0.020100649999999998
WABI/BTC,1634065868454,2021-10-12T19:11:08.454Z,sell,4.45e-06,113.0,0.00050285
WABI/BTC,1634065869029,2021-10-12T19:11:09.029Z,sell,4.45e-06,113.0,0.00050285
WABI/BTC,1634065869612,2021-10-12T19:11:09.612Z,sell,4.45e-06,113.0,0.00050285
WABI/BTC,1634065870088,2021-10-12T19:11:10.088Z,buy,4.46e-06,76.0,0.00033895999999999997
WABI/BTC,1634065872016,2021-10-12T19:11:12.016Z,buy,4.45e-06,34.0,0.0001513
WABI/BTC,1634065872018,2021-10-12T19:11:12.018Z,buy,4.46e-06,2579.0,0.01150234
WABI/BTC,1634065878119,2021-10-12T19:11:18.119Z,buy,4.47e-06,2905.0,0.012985350000000001
WABI/BTC,1634065878119,2021-10-12T19:11:18.119Z,buy,4.47e-06,2905.0,0.012985350000000001
WABI/BTC,1634065881989,2021-10-12T19:11:21.989Z,sell,4.45e-06,176.0,0.0007832
WABI/BTC,1634065881989,2021-10-12T19:11:21.989Z,sell,4.44e-06,1443.0,0.00640692
WABI/BTC,1634065884381,2021-10-12T19:11:24.381Z,buy,4.47e-06,97.0,0.00043359000000000003
WABI/BTC,1634065884381,2021-10-12T19:11:24.381Z,buy,4.48e-06,4894.0,0.021925120000000003
WABI/BTC,1634065884381,2021-10-12T19:11:24.381Z,buy,4.48e-06,4991.0,0.02235968
WABI/BTC,1634065884388,2021-10-12T19:11:24.388Z,buy,4.48e-06,97.0,0.00043456
WABI/BTC,1634065887675,2021-10-12T19:11:27.675Z,buy,4.46e-06,65.0,0.0002899
WABI/BTC,1634065890418,2021-10-12T19:11:30.418Z,buy,4.47e-06,179.0,0.00080013
WABI/BTC,1634065890418,2021-10-12T19:11:30.418Z,buy,4.48e-06,2613.0,0.011706240000000001
WABI/BTC,1634065890418,2021-10-12T19:11:30.418Z,buy,4.48e-06,2792.0,0.01250816
WABI/BTC,1634065893831,2021-10-12T19:11:33.831Z,sell,4.45e-06,1306.0,0.0058116999999999995
WABI/BTC,1634065893831,2021-10-12T19:11:33.831Z,sell,4.45e-06,1291.0,0.0057449499999999995
WABI/BTC,1634065896216,2021-10-12T19:11:36.216Z,buy,4.47e-06,97.0,0.00043359000000000003
WABI/BTC,1634065896216,2021-10-12T19:11:36.216Z,buy,4.48e-06,2602.0,0.011656960000000001
WABI/BTC,1634065896216,2021-10-12T19:11:36.216Z,buy,4.48e-06,2699.0,0.012091520000000001
WABI/BTC,1634065899775,2021-10-12T19:11:39.775Z,sell,4.46e-06,116.0,0.0005173599999999999
WABI/BTC,1634065902031,2021-10-12T19:11:42.031Z,buy,4.48e-06,142.0,0.0006361600000000001
WABI/BTC,1634065902209,2021-10-12T19:11:42.209Z,sell,4.46e-06,23.0,0.00010258
WABI/BTC,1634065905437,2021-10-12T19:11:45.437Z,sell,4.46e-06,142.0,0.0006333199999999999
WABI/BTC,1634065918315,2021-10-12T19:11:58.315Z,sell,4.46e-06,6041.0,0.02694286
WABI/BTC,1634065927916,2021-10-12T19:12:07.916Z,buy,4.48e-06,4501.0,0.020164480000000002
WABI/BTC,1634065929995,2021-10-12T19:12:09.995Z,sell,4.48e-06,440.0,0.0019712
WABI/BTC,1634065932887,2021-10-12T19:12:12.887Z,sell,4.46e-06,462.0,0.0020605199999999997
WABI/BTC,1634065933348,2021-10-12T19:12:13.348Z,sell,4.46e-06,440.0,0.0019624
WABI/BTC,1634065935737,2021-10-12T19:12:15.737Z,buy,4.47e-06,426.0,0.00190422
WABI/BTC,1634065935738,2021-10-12T19:12:15.738Z,buy,4.47e-06,426.0,0.00190422
WABI/BTC,1634065935772,2021-10-12T19:12:15.772Z,buy,4.47e-06,1.0,4.47e-06
WABI/BTC,1634065935772,2021-10-12T19:12:15.772Z,buy,4.48e-06,9394.0,0.042085120000000004
WABI/BTC,1634065937805,2021-10-12T19:12:17.805Z,sell,4.46e-06,34.0,0.00015163999999999998
WABI/BTC,1634065941538,2021-10-12T19:12:21.538Z,buy,4.48e-06,65.0,0.00029120000000000003
WABI/BTC,1634065944950,2021-10-12T19:12:24.950Z,sell,4.46e-06,65.0,0.0002899
WABI/BTC,1634065950766,2021-10-12T19:12:30.766Z,sell,4.46e-06,1471.0,0.006560659999999999
WABI/BTC,1634065961098,2021-10-12T19:12:41.098Z,sell,4.46e-06,772.0,0.0034431199999999996
WABI/BTC,1634065961098,2021-10-12T19:12:41.098Z,sell,4.45e-06,2632.0,0.0117124
WABI/BTC,1634065971301,2021-10-12T19:12:51.301Z,buy,4.47e-06,772.0,0.00345084
WABI/BTC,1634065974738,2021-10-12T19:12:54.738Z,sell,4.45e-06,805.0,0.00358225
WABI/BTC,1634065974741,2021-10-12T19:12:54.741Z,sell,4.45e-06,1290.0,0.0057405
WABI/BTC,1634066015052,2021-10-12T19:13:35.052Z,buy,4.47e-06,259.0,0.00115773
WABI/BTC,1634066021028,2021-10-12T19:13:41.028Z,buy,4.48e-06,19591.0,0.08776768
WABI/BTC,1634066021034,2021-10-12T19:13:41.034Z,buy,4.48e-06,14718.0,0.06593664
WABI/BTC,1634066021106,2021-10-12T19:13:41.106Z,sell,4.48e-06,90.0,0.00040320000000000004
WABI/BTC,1634066021140,2021-10-12T19:13:41.140Z,sell,4.48e-06,417.0,0.0018681600000000002
WABI/BTC,1634066032887,2021-10-12T19:13:52.887Z,sell,4.46e-06,656.0,0.00292576
WABI/BTC,1634066032920,2021-10-12T19:13:52.920Z,sell,4.46e-06,266.0,0.0011863599999999998
WABI/BTC,1634066032920,2021-10-12T19:13:52.920Z,sell,4.45e-06,656.0,0.0029192
WABI/BTC,1634066037392,2021-10-12T19:13:57.392Z,buy,4.46e-06,656.0,0.00292576
WABI/BTC,1634066085460,2021-10-12T19:14:45.460Z,sell,4.45e-06,852.0,0.0037914
WABI/BTC,1634066085470,2021-10-12T19:14:45.470Z,sell,4.45e-06,2715.0,0.012081749999999999
WABI/BTC,1634066141323,2021-10-12T19:15:41.323Z,sell,4.44e-06,4991.0,0.02216004
WABI/BTC,1634066141501,2021-10-12T19:15:41.501Z,buy,4.44e-06,585.0,0.0025973999999999997
WABI/BTC,1634066141502,2021-10-12T19:15:41.502Z,buy,4.44e-06,1665.0,0.0073926
WABI/BTC,1634066141530,2021-10-12T19:15:41.530Z,sell,4.43e-06,2792.0,0.01236856
WABI/BTC,1634066141559,2021-10-12T19:15:41.559Z,buy,4.44e-06,333.0,0.0014785199999999999
WABI/BTC,1634066141647,2021-10-12T19:15:41.647Z,sell,4.43e-06,2243.0,0.00993649
WABI/BTC,1634066141702,2021-10-12T19:15:41.702Z,buy,4.43e-06,549.0,0.00243207
WABI/BTC,1634066141876,2021-10-12T19:15:41.876Z,buy,4.43e-06,34.0,0.00015062
WABI/BTC,1634066141900,2021-10-12T19:15:41.900Z,buy,4.43e-06,1766.0,0.00782338
WABI/BTC,1634066142505,2021-10-12T19:15:42.505Z,buy,4.43e-06,2001.0,0.00886443
WABI/BTC,1634066143881,2021-10-12T19:15:43.881Z,buy,4.43e-06,34.0,0.00015062
WABI/BTC,1634066143890,2021-10-12T19:15:43.890Z,buy,4.43e-06,1764.0,0.00781452
WABI/BTC,1634066177220,2021-10-12T19:16:17.220Z,buy,4.44e-06,747.0,0.00331668
WABI/BTC,1634066187121,2021-10-12T19:16:27.121Z,buy,4.44e-06,1661.0,0.00737484
WABI/BTC,1634066246715,2021-10-12T19:17:26.715Z,sell,4.44e-06,2905.0,0.0128982
WABI/BTC,1634066246837,2021-10-12T19:17:26.837Z,sell,4.44e-06,2905.0,0.0128982
WABI/BTC,1634066246862,2021-10-12T19:17:26.862Z,buy,4.45e-06,2329.0,0.01036405
WABI/BTC,1634066383776,2021-10-12T19:19:43.776Z,buy,4.46e-06,7.0,3.1219999999999996e-05
WABI/BTC,1634066570144,2021-10-12T19:22:50.144Z,buy,4.46e-06,8.0,3.568e-05
WABI/BTC,1634066577692,2021-10-12T19:22:57.692Z,buy,4.46e-06,2809.0,0.012528139999999998
WABI/BTC,1634066577692,2021-10-12T19:22:57.692Z,buy,4.47e-06,275.0,0.00122925
WABI/BTC,1634066577692,2021-10-12T19:22:57.692Z,buy,4.48e-06,8865.0,0.039715200000000006
WABI/BTC,1634066577692,2021-10-12T19:22:57.692Z,buy,4.49e-06,1463.0,0.00656887
WABI/BTC,1634066580023,2021-10-12T19:23:00.023Z,sell,4.46e-06,34.0,0.00015163999999999998
WABI/BTC,1634066588531,2021-10-12T19:23:08.531Z,sell,4.47e-06,845.0,0.0037771500000000004
WABI/BTC,1634066588895,2021-10-12T19:23:08.895Z,sell,4.47e-06,2.0,8.94e-06
WABI/BTC,1634066588895,2021-10-12T19:23:08.895Z,sell,4.46e-06,2296.0,0.01024016
WABI/BTC,1634066798734,2021-10-12T19:26:38.734Z,buy,4.47e-06,7.0,3.129e-05
WABI/BTC,1634066820989,2021-10-12T19:27:00.989Z,sell,4.46e-06,10060.0,0.044867599999999994
WABI/BTC,1634066934780,2021-10-12T19:28:54.780Z,sell,4.45e-06,2451.0,0.010906949999999999
WABI/BTC,1634066989352,2021-10-12T19:29:49.352Z,buy,4.45e-06,363.0,0.00161535
WABI/BTC,1634066994564,2021-10-12T19:29:54.564Z,buy,4.45e-06,101.0,0.00044945
WABI/BTC,1634066998753,2021-10-12T19:29:58.753Z,buy,4.45e-06,376.0,0.0016732
WABI/BTC,1634067008744,2021-10-12T19:30:08.744Z,buy,4.46e-06,2590.0,0.0115514
WABI/BTC,1634067010827,2021-10-12T19:30:10.827Z,buy,4.47e-06,2357.0,0.010535790000000001
WABI/BTC,1634067012209,2021-10-12T19:30:12.209Z,sell,4.47e-06,34.0,0.00015198000000000002
WABI/BTC,1634067013958,2021-10-12T19:30:13.958Z,buy,4.48e-06,2478.0,0.01110144
WABI/BTC,1634067013962,2021-10-12T19:30:13.962Z,sell,4.48e-06,11202.0,0.05018496
WABI/BTC,1634067022115,2021-10-12T19:30:22.115Z,buy,4.49e-06,1172.0,0.00526228
WABI/BTC,1634067024340,2021-10-12T19:30:24.340Z,sell,4.48e-06,116.0,0.00051968
WABI/BTC,1634067024439,2021-10-12T19:30:24.439Z,sell,4.48e-06,2547.0,0.01141056
WABI/BTC,1634067025697,2021-10-12T19:30:25.697Z,sell,4.46e-06,4075.0,0.0181745
WABI/BTC,1634067025697,2021-10-12T19:30:25.697Z,sell,4.45e-06,4976.0,0.0221432
WABI/BTC,1634067029331,2021-10-12T19:30:29.331Z,sell,4.45e-06,4166.0,0.018538699999999998
WABI/BTC,1634067038148,2021-10-12T19:30:38.148Z,buy,4.47e-06,176.0,0.0007867200000000001
WABI/BTC,1634067038148,2021-10-12T19:30:38.148Z,buy,4.48e-06,822.0,0.00368256
WABI/BTC,1634067038148,2021-10-12T19:30:38.148Z,buy,4.48e-06,998.0,0.00447104
WABI/BTC,1634067044119,2021-10-12T19:30:44.119Z,sell,4.46e-06,65.0,0.0002899
WABI/BTC,1634067061063,2021-10-12T19:31:01.063Z,buy,4.46e-06,5350.0,0.023860999999999997
WABI/BTC,1634067061063,2021-10-12T19:31:01.063Z,buy,4.47e-06,113.0,0.00050511
WABI/BTC,1634067061063,2021-10-12T19:31:01.063Z,buy,4.48e-06,438.0,0.00196224
WABI/BTC,1634067061080,2021-10-12T19:31:01.080Z,sell,4.45e-06,2304.0,0.0102528
WABI/BTC,1634067061080,2021-10-12T19:31:01.080Z,sell,4.44e-06,3597.0,0.01597068
WABI/BTC,1634067064846,2021-10-12T19:31:04.846Z,buy,4.46e-06,65.0,0.0002899
WABI/BTC,1634067067555,2021-10-12T19:31:07.555Z,buy,4.46e-06,452.0,0.00201592
WABI/BTC,1634067067555,2021-10-12T19:31:07.555Z,buy,4.47e-06,44.0,0.00019668000000000002
WABI/BTC,1634067067555,2021-10-12T19:31:07.555Z,buy,4.47e-06,471.0,0.00210537
WABI/BTC,1634067067555,2021-10-12T19:31:07.555Z,buy,4.48e-06,25.0,0.00011200000000000001
WABI/BTC,1634067067565,2021-10-12T19:31:07.565Z,buy,4.48e-06,1.0,4.48e-06
WABI/BTC,1634067067565,2021-10-12T19:31:07.565Z,buy,4.49e-06,2228.0,0.01000372
WABI/BTC,1634067068558,2021-10-12T19:31:08.558Z,buy,4.46e-06,226.0,0.00100796
WABI/BTC,1634067076913,2021-10-12T19:31:16.913Z,sell,4.45e-06,34.0,0.0001513
WABI/BTC,1634067086002,2021-10-12T19:31:26.002Z,buy,4.46e-06,1164.0,0.005191439999999999
WABI/BTC,1634067090128,2021-10-12T19:31:30.128Z,buy,4.47e-06,371.0,0.0016583700000000002
WABI/BTC,1634067090128,2021-10-12T19:31:30.128Z,buy,4.47e-06,371.0,0.0016583700000000002
WABI/BTC,1634067096163,2021-10-12T19:31:36.163Z,buy,4.47e-06,428.0,0.0019131600000000001
WABI/BTC,1634067096163,2021-10-12T19:31:36.163Z,buy,4.47e-06,363.0,0.0016226100000000002
WABI/BTC,1634067096163,2021-10-12T19:31:36.163Z,buy,4.48e-06,65.0,0.00029120000000000003
WABI/BTC,1634067096166,2021-10-12T19:31:36.166Z,buy,4.49e-06,8602.0,0.03862298
WABI/BTC,1634067096283,2021-10-12T19:31:36.283Z,sell,4.47e-06,34.0,0.00015198000000000002
WABI/BTC,1634067100115,2021-10-12T19:31:40.115Z,sell,4.47e-06,34.0,0.00015198000000000002
WABI/BTC,1634067100115,2021-10-12T19:31:40.115Z,sell,4.46e-06,4112.0,0.018339519999999998
WABI/BTC,1634067106143,2021-10-12T19:31:46.143Z,sell,4.47e-06,49.0,0.00021903000000000002
WABI/BTC,1634067108644,2021-10-12T19:31:48.644Z,buy,4.48e-06,325.0,0.001456
WABI/BTC,1634067108644,2021-10-12T19:31:48.644Z,buy,4.49e-06,8060.0,0.036189400000000004
WABI/BTC,1634067117560,2021-10-12T19:31:57.560Z,buy,4.49e-06,49.0,0.00022001
WABI/BTC,1634067128001,2021-10-12T19:32:08.001Z,sell,4.47e-06,230.0,0.0010281
WABI/BTC,1634067140650,2021-10-12T19:32:20.650Z,sell,4.47e-06,4581.0,0.020477070000000003
WABI/BTC,1634067153296,2021-10-12T19:32:33.296Z,buy,4.49e-06,391.0,0.00175559
WABI/BTC,1634067153296,2021-10-12T19:32:33.296Z,buy,4.49e-06,391.0,0.00175559
WABI/BTC,1634067153309,2021-10-12T19:32:33.309Z,buy,4.49e-06,1.0,4.49e-06
WABI/BTC,1634067154229,2021-10-12T19:32:34.229Z,sell,4.49e-06,57.0,0.00025593
WABI/BTC,1634067165346,2021-10-12T19:32:45.346Z,sell,4.48e-06,7248.0,0.03247104
WABI/BTC,1634067165353,2021-10-12T19:32:45.353Z,sell,4.48e-06,131.0,0.00058688
WABI/BTC,1634067165356,2021-10-12T19:32:45.356Z,sell,4.48e-06,1251.0,0.00560448
WABI/BTC,1634067170299,2021-10-12T19:32:50.299Z,buy,4.49e-06,7192.0,0.03229208
WABI/BTC,1634067170306,2021-10-12T19:32:50.306Z,buy,4.49e-06,2274.0,0.01021026
WABI/BTC,1634067208767,2021-10-12T19:33:28.767Z,sell,4.47e-06,897.0,0.00400959
WABI/BTC,1634067211287,2021-10-12T19:33:31.287Z,buy,4.47e-06,1170.0,0.005229900000000001
WABI/BTC,1634067211287,2021-10-12T19:33:31.287Z,buy,4.47e-06,583.0,0.00260601
WABI/BTC,1634067211287,2021-10-12T19:33:31.287Z,buy,4.49e-06,587.0,0.00263563
WABI/BTC,1634067211287,2021-10-12T19:33:31.287Z,buy,4.49e-06,1.0,4.49e-06
WABI/BTC,1634067223575,2021-10-12T19:33:43.575Z,buy,4.49e-06,23.0,0.00010327
WABI/BTC,1634067235203,2021-10-12T19:33:55.203Z,buy,4.49e-06,437.0,0.0019621300000000003
WABI/BTC,1634067235203,2021-10-12T19:33:55.203Z,buy,4.49e-06,437.0,0.0019621300000000003
WABI/BTC,1634067235241,2021-10-12T19:33:55.241Z,sell,4.49e-06,769.0,0.00345281
WABI/BTC,1634067247277,2021-10-12T19:34:07.277Z,buy,4.5e-06,2175.0,0.009787500000000001
WABI/BTC,1634067248585,2021-10-12T19:34:08.585Z,buy,4.5e-06,23.0,0.00010350000000000001
WABI/BTC,1634067259547,2021-10-12T19:34:19.547Z,sell,4.48e-06,90.0,0.00040320000000000004
WABI/BTC,1634067283558,2021-10-12T19:34:43.558Z,sell,4.47e-06,665.0,0.0029725500000000005
WABI/BTC,1634067289600,2021-10-12T19:34:49.600Z,sell,4.48e-06,361.0,0.00161728
WABI/BTC,1634067292097,2021-10-12T19:34:52.097Z,buy,4.48e-06,6634.0,0.02972032
WABI/BTC,1634067292097,2021-10-12T19:34:52.097Z,buy,4.49e-06,49.0,0.00022001
WABI/BTC,1634067298034,2021-10-12T19:34:58.034Z,sell,4.48e-06,29.0,0.00012992
WABI/BTC,1634067309488,2021-10-12T19:35:09.488Z,buy,4.49e-06,425.0,0.00190825
WABI/BTC,1634067309488,2021-10-12T19:35:09.488Z,buy,4.49e-06,425.0,0.00190825
WABI/BTC,1634067309491,2021-10-12T19:35:09.491Z,buy,4.5e-06,563.0,0.0025335
WABI/BTC,1634067309582,2021-10-12T19:35:09.582Z,sell,4.49e-06,768.0,0.0034483200000000004
WABI/BTC,1634067315456,2021-10-12T19:35:15.456Z,sell,4.48e-06,90.0,0.00040320000000000004
WABI/BTC,1634067335304,2021-10-12T19:35:35.304Z,buy,4.5e-06,7.0,3.15e-05
WABI/BTC,1634067339096,2021-10-12T19:35:39.096Z,buy,4.5e-06,83.0,0.0003735
WABI/BTC,1634067366809,2021-10-12T19:36:06.809Z,sell,4.48e-06,90.0,0.00040320000000000004
WABI/BTC,1634067366809,2021-10-12T19:36:06.809Z,sell,4.47e-06,4168.0,0.018630960000000002
WABI/BTC,1634067371215,2021-10-12T19:36:11.215Z,sell,4.48e-06,851.0,0.0038124800000000005
WABI/BTC,1634067372183,2021-10-12T19:36:12.183Z,buy,4.49e-06,49.0,0.00022001
WABI/BTC,1634067375696,2021-10-12T19:36:15.696Z,sell,4.47e-06,5503.0,0.02459841
WABI/BTC,1634067382015,2021-10-12T19:36:22.015Z,sell,4.47e-06,49.0,0.00021903000000000002
WABI/BTC,1634067385685,2021-10-12T19:36:25.685Z,buy,4.49e-06,3745.0,0.01681505
WABI/BTC,1634067385707,2021-10-12T19:36:25.707Z,sell,4.47e-06,2594.0,0.011595180000000002
WABI/BTC,1634067385707,2021-10-12T19:36:25.707Z,sell,4.46e-06,327.0,0.00145842
WABI/BTC,1634067385707,2021-10-12T19:36:25.707Z,sell,4.45e-06,824.0,0.0036667999999999996
WABI/BTC,1634067390252,2021-10-12T19:36:30.252Z,sell,4.45e-06,6047.0,0.02690915
WABI/BTC,1634067395251,2021-10-12T19:36:35.251Z,buy,4.47e-06,666.0,0.0029770200000000004
WABI/BTC,1634067395259,2021-10-12T19:36:35.259Z,buy,4.47e-06,418.0,0.0018684600000000002
WABI/BTC,1634067410503,2021-10-12T19:36:50.503Z,buy,4.47e-06,11488.0,0.051351360000000006
WABI/BTC,1634067417061,2021-10-12T19:36:57.061Z,sell,4.47e-06,1516.0,0.00677652
WABI/BTC,1634067418734,2021-10-12T19:36:58.734Z,buy,4.46e-06,850.0,0.0037909999999999997
WABI/BTC,1634067426762,2021-10-12T19:37:06.762Z,sell,4.46e-06,849.0,0.0037865399999999997
WABI/BTC,1634067426834,2021-10-12T19:37:06.834Z,buy,4.46e-06,10784.0,0.048096639999999996
WABI/BTC,1634067431961,2021-10-12T19:37:11.961Z,sell,4.45e-06,93.0,0.00041385
WABI/BTC,1634067434906,2021-10-12T19:37:14.906Z,buy,4.47e-06,34.0,0.00015198000000000002
WABI/BTC,1634067436988,2021-10-12T19:37:16.988Z,sell,4.47e-06,622.0,0.00278034
WABI/BTC,1634067478016,2021-10-12T19:37:58.016Z,sell,4.47e-06,700.0,0.0031290000000000003
WABI/BTC,1634067484112,2021-10-12T19:38:04.112Z,buy,4.48e-06,28.0,0.00012544000000000002
WABI/BTC,1634067557390,2021-10-12T19:39:17.390Z,buy,4.48e-06,6.0,2.688e-05
WABI/BTC,1634067629816,2021-10-12T19:40:29.816Z,sell,4.47e-06,162.0,0.0007241400000000001
WABI/BTC,1634067776268,2021-10-12T19:42:56.268Z,sell,4.47e-06,567.0,0.0025344900000000004
WABI/BTC,1634067785578,2021-10-12T19:43:05.578Z,buy,4.48e-06,6.0,2.688e-05
WABI/BTC,1634067988532,2021-10-12T19:46:28.532Z,sell,4.47e-06,106.0,0.00047382000000000007
WABI/BTC,1634067988532,2021-10-12T19:46:28.532Z,sell,4.46e-06,1138.0,0.005075479999999999
WABI/BTC,1634068081061,2021-10-12T19:48:01.061Z,sell,4.46e-06,2624.0,0.01170304
WABI/BTC,1634068176365,2021-10-12T19:49:36.365Z,sell,4.45e-06,181.0,0.00080545
WABI/BTC,1634068361806,2021-10-12T19:52:41.806Z,buy,4.46e-06,96.0,0.00042815999999999997
WABI/BTC,1634068586470,2021-10-12T19:56:26.470Z,sell,4.45e-06,136.0,0.0006052
WABI/BTC,1634068586470,2021-10-12T19:56:26.470Z,sell,4.45e-06,136.0,0.0006052
WABI/BTC,1634068710422,2021-10-12T19:58:30.422Z,buy,4.45e-06,34.0,0.0001513
WABI/BTC,1634068751113,2021-10-12T19:59:11.113Z,sell,4.44e-06,43.0,0.00019092
WABI/BTC,1634068883739,2021-10-12T20:01:23.739Z,sell,4.44e-06,183.0,0.00081252
WABI/BTC,1634068883739,2021-10-12T20:01:23.739Z,sell,4.43e-06,1330.0,0.0058919
WABI/BTC,1634068897197,2021-10-12T20:01:37.197Z,buy,4.45e-06,963.0,0.004285349999999999
WABI/BTC,1634068902548,2021-10-12T20:01:42.548Z,buy,4.45e-06,40.0,0.000178
WABI/BTC,1634068927477,2021-10-12T20:02:07.477Z,buy,4.46e-06,96.0,0.00042815999999999997
WABI/BTC,1634069031105,2021-10-12T20:03:51.105Z,buy,4.46e-06,3.0,1.3379999999999999e-05
WABI/BTC,1634069031105,2021-10-12T20:03:51.105Z,buy,4.47e-06,244.0,0.0010906800000000001
WABI/BTC,1634069031105,2021-10-12T20:03:51.105Z,buy,4.48e-06,539.0,0.00241472
WABI/BTC,1634069047942,2021-10-12T20:04:07.942Z,buy,4.48e-06,75.0,0.00033600000000000004
WABI/BTC,1634069264821,2021-10-12T20:07:44.821Z,buy,4.48e-06,123.0,0.00055104
WABI/BTC,1634069266611,2021-10-12T20:07:46.611Z,sell,4.48e-06,34.0,0.00015232
WABI/BTC,1634069291730,2021-10-12T20:08:11.730Z,buy,4.49e-06,73.0,0.00032777
WABI/BTC,1634069373951,2021-10-12T20:09:33.951Z,buy,4.5e-06,3440.0,0.01548
WABI/BTC,1634069375746,2021-10-12T20:09:35.746Z,sell,4.5e-06,1792.0,0.008064
WABI/BTC,1634069376144,2021-10-12T20:09:36.144Z,sell,4.5e-06,232.0,0.001044
WABI/BTC,1634069380655,2021-10-12T20:09:40.655Z,sell,4.5e-06,43.0,0.00019350000000000001
WABI/BTC,1634069384889,2021-10-12T20:09:44.889Z,buy,4.51e-06,484.0,0.00218284
WABI/BTC,1634069384897,2021-10-12T20:09:44.897Z,sell,4.51e-06,199.0,0.00089749
WABI/BTC,1634069385272,2021-10-12T20:09:45.272Z,sell,4.51e-06,154.0,0.00069454
WABI/BTC,1634069385467,2021-10-12T20:09:45.467Z,sell,4.51e-06,1109.0,0.00500159
WABI/BTC,1634069386758,2021-10-12T20:09:46.758Z,buy,4.52e-06,23.0,0.00010396
WABI/BTC,1634069388658,2021-10-12T20:09:48.658Z,sell,4.51e-06,204.0,0.00092004
WABI/BTC,1634069393653,2021-10-12T20:09:53.653Z,sell,4.51e-06,1706.0,0.00769406
WABI/BTC,1634069394661,2021-10-12T20:09:54.661Z,sell,4.51e-06,68.0,0.00030668
WABI/BTC,1634069394677,2021-10-12T20:09:54.677Z,sell,4.51e-06,880.0,0.0039688
WABI/BTC,1634069397051,2021-10-12T20:09:57.051Z,sell,4.51e-06,432.0,0.00194832
WABI/BTC,1634069401108,2021-10-12T20:10:01.108Z,sell,4.5e-06,1284.0,0.005778
WABI/BTC,1634069409001,2021-10-12T20:10:09.001Z,sell,4.5e-06,250.0,0.0011250000000000001
WABI/BTC,1634069409272,2021-10-12T20:10:09.272Z,buy,4.52e-06,364.0,0.00164528
WABI/BTC,1634069409405,2021-10-12T20:10:09.405Z,buy,4.52e-06,328.0,0.00148256
WABI/BTC,1634069411456,2021-10-12T20:10:11.456Z,sell,4.52e-06,1243.0,0.00561836
WABI/BTC,1634069412661,2021-10-12T20:10:12.661Z,sell,4.52e-06,102.0,0.00046104
WABI/BTC,1634069412672,2021-10-12T20:10:12.672Z,sell,4.52e-06,666.0,0.00301032
WABI/BTC,1634069417632,2021-10-12T20:10:17.632Z,buy,4.52e-06,4068.0,0.01838736
WABI/BTC,1634069417632,2021-10-12T20:10:17.632Z,buy,4.53e-06,1120.0,0.0050736
WABI/BTC,1634069417632,2021-10-12T20:10:17.632Z,buy,4.53e-06,5188.0,0.02350164
WABI/BTC,1634069418765,2021-10-12T20:10:18.765Z,sell,4.51e-06,837.0,0.00377487
WABI/BTC,1634069418765,2021-10-12T20:10:18.765Z,sell,4.5e-06,2980.0,0.01341
WABI/BTC,1634069426163,2021-10-12T20:10:26.163Z,buy,4.5e-06,5718.0,0.025731
WABI/BTC,1634069426163,2021-10-12T20:10:26.163Z,buy,4.5e-06,5718.0,0.025731
WABI/BTC,1634069426263,2021-10-12T20:10:26.263Z,sell,4.5e-06,748.0,0.003366
WABI/BTC,1634069432777,2021-10-12T20:10:32.777Z,buy,4.51e-06,5657.0,0.02551307
WABI/BTC,1634069432777,2021-10-12T20:10:32.777Z,buy,4.52e-06,10862.0,0.04909624
WABI/BTC,1634069432777,2021-10-12T20:10:32.777Z,buy,4.52e-06,574.0,0.00259448
WABI/BTC,1634069432809,2021-10-12T20:10:32.809Z,sell,4.5e-06,64.0,0.000288
WABI/BTC,1634069432809,2021-10-12T20:10:32.809Z,sell,4.49e-06,236.0,0.0010596400000000001
WABI/BTC,1634069432809,2021-10-12T20:10:32.809Z,sell,4.48e-06,274.0,0.0012275200000000002
WABI/BTC,1634069434570,2021-10-12T20:10:34.570Z,sell,4.51e-06,885.0,0.00399135
WABI/BTC,1634069441442,2021-10-12T20:10:41.442Z,buy,4.51e-06,836.0,0.00377036
WABI/BTC,1634069441442,2021-10-12T20:10:41.442Z,buy,4.52e-06,5663.0,0.02559676
WABI/BTC,1634069441442,2021-10-12T20:10:41.442Z,buy,4.53e-06,94.0,0.00042582
WABI/BTC,1634069444787,2021-10-12T20:10:44.787Z,sell,4.5e-06,64.0,0.000288
WABI/BTC,1634069448459,2021-10-12T20:10:48.459Z,buy,4.51e-06,49.0,0.00022099
WABI/BTC,1634069451618,2021-10-12T20:10:51.618Z,sell,4.5e-06,723.0,0.0032535
WABI/BTC,1634069451667,2021-10-12T20:10:51.667Z,sell,4.5e-06,406.0,0.001827
WABI/BTC,1634069451719,2021-10-12T20:10:51.719Z,sell,4.49e-06,6338.0,0.028457620000000003
WABI/BTC,1634069451820,2021-10-12T20:10:51.820Z,sell,4.49e-06,2022.0,0.00907878
WABI/BTC,1634069451971,2021-10-12T20:10:51.971Z,sell,4.49e-06,1004.0,0.00450796
WABI/BTC,1634069453065,2021-10-12T20:10:53.065Z,sell,4.49e-06,4103.0,0.01842247
WABI/BTC,1634069464439,2021-10-12T20:11:04.439Z,buy,4.51e-06,49.0,0.00022099
WABI/BTC,1634069475245,2021-10-12T20:11:15.245Z,sell,4.49e-06,764.0,0.0034303600000000004
WABI/BTC,1634069475289,2021-10-12T20:11:15.289Z,sell,4.49e-06,5466.0,0.024542340000000003
WABI/BTC,1634069475289,2021-10-12T20:11:15.289Z,sell,4.48e-06,764.0,0.00342272
WABI/BTC,1634069475388,2021-10-12T20:11:15.388Z,sell,4.5e-06,4052.0,0.018234
WABI/BTC,1634069509839,2021-10-12T20:11:49.839Z,sell,4.48e-06,757.0,0.0033913600000000004
WABI/BTC,1634069509849,2021-10-12T20:11:49.849Z,sell,4.48e-06,1738.0,0.007786240000000001
WABI/BTC,1634069509858,2021-10-12T20:11:49.858Z,sell,4.47e-06,2495.0,0.011152650000000002
WABI/BTC,1634069512855,2021-10-12T20:11:52.855Z,buy,4.49e-06,34.0,0.00015266000000000002
WABI/BTC,1634069538676,2021-10-12T20:12:18.676Z,buy,4.48e-06,34.0,0.00015232
WABI/BTC,1634069645869,2021-10-12T20:14:05.869Z,buy,4.48e-06,1175.0,0.0052640000000000004
WABI/BTC,1634069645878,2021-10-12T20:14:05.878Z,buy,4.48e-06,178.0,0.0007974400000000001
WABI/BTC,1634069650390,2021-10-12T20:14:10.390Z,sell,4.47e-06,1745.0,0.0078001500000000005
WABI/BTC,1634069819496,2021-10-12T20:16:59.496Z,sell,4.47e-06,14014.0,0.06264258
WABI/BTC,1634069934158,2021-10-12T20:18:54.158Z,buy,4.48e-06,558.0,0.00249984
WABI/BTC,1634069934169,2021-10-12T20:18:54.169Z,buy,4.48e-06,46.0,0.00020608
WABI/BTC,1634069934788,2021-10-12T20:18:54.788Z,buy,4.49e-06,556.0,0.00249644
WABI/BTC,1634070065219,2021-10-12T20:21:05.219Z,sell,4.47e-06,55.0,0.00024585000000000004
WABI/BTC,1634070079803,2021-10-12T20:21:19.803Z,buy,4.49e-06,2217.0,0.00995433
WABI/BTC,1634070090080,2021-10-12T20:21:30.080Z,buy,4.5e-06,8.0,3.6e-05
WABI/BTC,1634070090081,2021-10-12T20:21:30.081Z,sell,4.49e-06,5400.0,0.024246
WABI/BTC,1634070099083,2021-10-12T20:21:39.083Z,sell,4.49e-06,59.0,0.00026491000000000004
WABI/BTC,1634070118369,2021-10-12T20:21:58.369Z,sell,4.49e-06,9666.0,0.04340034
WABI/BTC,1634070150080,2021-10-12T20:22:30.080Z,sell,4.49e-06,467.0,0.00209683
WABI/BTC,1634070162915,2021-10-12T20:22:42.915Z,sell,4.48e-06,255.0,0.0011424
WABI/BTC,1634070220519,2021-10-12T20:23:40.519Z,sell,4.49e-06,3646.0,0.01637054
WABI/BTC,1634070566090,2021-10-12T20:29:26.090Z,sell,4.49e-06,3828.0,0.01718772
WABI/BTC,1634070577712,2021-10-12T20:29:37.712Z,buy,4.5e-06,2913.0,0.0131085
WABI/BTC,1634070614460,2021-10-12T20:30:14.460Z,sell,4.48e-06,192.0,0.00086016
WABI/BTC,1634070625568,2021-10-12T20:30:25.568Z,buy,4.49e-06,34.0,0.00015266000000000002
WABI/BTC,1634070625577,2021-10-12T20:30:25.577Z,sell,4.49e-06,522.0,0.00234378
WABI/BTC,1634070627504,2021-10-12T20:30:27.504Z,sell,4.48e-06,314.0,0.0014067200000000002
WABI/BTC,1634070883614,2021-10-12T20:34:43.614Z,buy,4.49e-06,668.0,0.00299932
WABI/BTC,1634070896477,2021-10-12T20:34:56.477Z,buy,4.5e-06,124.0,0.000558
WABI/BTC,1634070896477,2021-10-12T20:34:56.477Z,buy,4.51e-06,238.0,0.00107338
WABI/BTC,1634070896762,2021-10-12T20:34:56.762Z,sell,4.51e-06,37.0,0.00016687
WABI/BTC,1634070917611,2021-10-12T20:35:17.611Z,sell,4.49e-06,49.0,0.00022001
WABI/BTC,1634070973135,2021-10-12T20:36:13.135Z,sell,4.48e-06,1040.0,0.0046592000000000005
WABI/BTC,1634070973155,2021-10-12T20:36:13.155Z,sell,4.47e-06,599.0,0.0026775300000000004
WABI/BTC,1634071133001,2021-10-12T20:38:53.001Z,sell,4.47e-06,113.0,0.00050511
WABI/BTC,1634071151329,2021-10-12T20:39:11.329Z,sell,4.47e-06,137.0,0.0006123900000000001
WABI/BTC,1634071235843,2021-10-12T20:40:35.843Z,buy,4.49e-06,83.0,0.00037267
WABI/BTC,1634071243773,2021-10-12T20:40:43.773Z,sell,4.49e-06,473.0,0.00212377
WABI/BTC,1634071562523,2021-10-12T20:46:02.523Z,buy,4.49e-06,446.0,0.00200254
WABI/BTC,1634071562530,2021-10-12T20:46:02.530Z,buy,4.49e-06,223.0,0.00100127
WABI/BTC,1634071562544,2021-10-12T20:46:02.544Z,buy,4.49e-06,4.0,1.796e-05
WABI/BTC,1634071594218,2021-10-12T20:46:34.218Z,buy,4.5e-06,192.0,0.000864
WABI/BTC,1634071594682,2021-10-12T20:46:34.682Z,sell,4.5e-06,1582.0,0.007119
WABI/BTC,1634071620382,2021-10-12T20:47:00.382Z,buy,4.5e-06,223.0,0.0010035
WABI/BTC,1634071620399,2021-10-12T20:47:00.399Z,buy,4.5e-06,223.0,0.0010035
WABI/BTC,1634071620400,2021-10-12T20:47:00.400Z,buy,4.5e-06,198.0,0.000891
WABI/BTC,1634071620472,2021-10-12T20:47:00.472Z,sell,4.5e-06,1264.0,0.005688
WABI/BTC,1634071620870,2021-10-12T20:47:00.870Z,sell,4.5e-06,630.0,0.0028350000000000003
WABI/BTC,1634071621074,2021-10-12T20:47:01.074Z,sell,4.5e-06,315.0,0.0014175000000000001
WABI/BTC,1634071667039,2021-10-12T20:47:47.039Z,sell,4.5e-06,3419.0,0.0153855
WABI/BTC,1634071667046,2021-10-12T20:47:47.046Z,sell,4.5e-06,72.0,0.000324
WABI/BTC,1634071876932,2021-10-12T20:51:16.932Z,sell,4.48e-06,4840.0,0.021683200000000003
WABI/BTC,1634072124101,2021-10-12T20:55:24.101Z,buy,4.5e-06,109.0,0.0004905
WABI/BTC,1634072178912,2021-10-12T20:56:18.912Z,buy,4.5e-06,81.0,0.0003645
WABI/BTC,1634072178912,2021-10-12T20:56:18.912Z,buy,4.5e-06,81.0,0.0003645
WABI/BTC,1634072227104,2021-10-12T20:57:07.104Z,sell,4.48e-06,1500.0,0.00672
WABI/BTC,1634072245066,2021-10-12T20:57:25.066Z,buy,4.5e-06,672.0,0.003024
WABI/BTC,1634072428165,2021-10-12T21:00:28.165Z,sell,4.48e-06,93.0,0.00041664
WABI/BTC,1634072542722,2021-10-12T21:02:22.722Z,buy,4.5e-06,686.0,0.003087
WABI/BTC,1634072542722,2021-10-12T21:02:22.722Z,buy,4.51e-06,83.0,0.00037433
WABI/BTC,1634072542722,2021-10-12T21:02:22.722Z,buy,4.52e-06,3224.0,0.01457248
WABI/BTC,1634072600252,2021-10-12T21:03:20.252Z,sell,4.5e-06,191.0,0.0008595
WABI/BTC,1634072626865,2021-10-12T21:03:46.865Z,buy,4.5e-06,2014.0,0.009063
WABI/BTC,1634072666643,2021-10-12T21:04:26.643Z,buy,4.5e-06,105.0,0.0004725
WABI/BTC,1634072777028,2021-10-12T21:06:17.028Z,sell,4.5e-06,630.0,0.0028350000000000003
WABI/BTC,1634072778028,2021-10-12T21:06:18.028Z,sell,4.5e-06,312.0,0.001404
WABI/BTC,1634072814022,2021-10-12T21:06:54.022Z,buy,4.51e-06,5736.0,0.02586936
WABI/BTC,1634072817294,2021-10-12T21:06:57.294Z,sell,4.5e-06,310.0,0.001395
WABI/BTC,1634072817294,2021-10-12T21:06:57.294Z,sell,4.49e-06,1395.0,0.0062635500000000005
WABI/BTC,1634073065711,2021-10-12T21:11:05.711Z,buy,4.51e-06,1817.0,0.00819467
WABI/BTC,1634073065720,2021-10-12T21:11:05.720Z,sell,4.51e-06,88.0,0.00039688
WABI/BTC,1634073193184,2021-10-12T21:13:13.184Z,sell,4.5e-06,633.0,0.0028485
WABI/BTC,1634073197045,2021-10-12T21:13:17.045Z,sell,4.5e-06,367.0,0.0016515
WABI/BTC,1634073486976,2021-10-12T21:18:06.976Z,buy,4.5e-06,1897.0,0.0085365
WABI/BTC,1634073676854,2021-10-12T21:21:16.854Z,buy,4.5e-06,724.0,0.003258
WABI/BTC,1634073723975,2021-10-12T21:22:03.975Z,buy,4.51e-06,23.0,0.00010373
WABI/BTC,1634073741524,2021-10-12T21:22:21.524Z,sell,4.49e-06,500.0,0.002245
WABI/BTC,1634073793240,2021-10-12T21:23:13.240Z,sell,4.5e-06,386.0,0.001737
WABI/BTC,1634073806645,2021-10-12T21:23:26.645Z,sell,4.5e-06,614.0,0.0027630000000000003
WABI/BTC,1634073849312,2021-10-12T21:24:09.312Z,sell,4.49e-06,671.0,0.00301279
WABI/BTC,1634073897614,2021-10-12T21:24:57.614Z,sell,4.5e-06,148.0,0.000666
WABI/BTC,1634073897664,2021-10-12T21:24:57.664Z,sell,4.5e-06,1072.0,0.004824
WABI/BTC,1634073897695,2021-10-12T21:24:57.695Z,sell,4.5e-06,1059.0,0.0047655
WABI/BTC,1634073897844,2021-10-12T21:24:57.844Z,sell,4.5e-06,4.0,1.8e-05
WABI/BTC,1634073901824,2021-10-12T21:25:01.824Z,sell,4.49e-06,207.0,0.0009294300000000001
WABI/BTC,1634074067552,2021-10-12T21:27:47.552Z,sell,4.49e-06,2060.0,0.0092494
WABI/BTC,1634074447002,2021-10-12T21:34:07.002Z,buy,4.51e-06,34.0,0.00015334
WABI/BTC,1634074538924,2021-10-12T21:35:38.924Z,buy,4.51e-06,370.0,0.0016687
WABI/BTC,1634074610649,2021-10-12T21:36:50.649Z,buy,4.51e-06,106.0,0.00047806
WABI/BTC,1634074629351,2021-10-12T21:37:09.351Z,buy,4.51e-06,662.0,0.00298562
WABI/BTC,1634074629372,2021-10-12T21:37:09.372Z,sell,4.51e-06,478.0,0.00215578
WABI/BTC,1634074631673,2021-10-12T21:37:11.673Z,sell,4.51e-06,234.0,0.00105534
WABI/BTC,1634074643912,2021-10-12T21:37:23.912Z,sell,4.51e-06,2333.0,0.01052183
WABI/BTC,1634074696435,2021-10-12T21:38:16.435Z,sell,4.49e-06,1851.0,0.00831099
WABI/BTC,1634074696445,2021-10-12T21:38:16.445Z,sell,4.49e-06,1472.0,0.00660928
WABI/BTC,1634074701213,2021-10-12T21:38:21.213Z,sell,4.48e-06,1852.0,0.00829696
WABI/BTC,1634074753833,2021-10-12T21:39:13.833Z,buy,4.49e-06,34.0,0.00015266000000000002
WABI/BTC,1634074759637,2021-10-12T21:39:19.637Z,sell,4.49e-06,1182.0,0.00530718
WABI/BTC,1634074768144,2021-10-12T21:39:28.144Z,sell,4.49e-06,551.0,0.00247399
WABI/BTC,1634074876877,2021-10-12T21:41:16.877Z,buy,4.5e-06,158.0,0.000711
WABI/BTC,1634074951119,2021-10-12T21:42:31.119Z,buy,4.51e-06,83.0,0.00037433
WABI/BTC,1634074951130,2021-10-12T21:42:31.130Z,sell,4.51e-06,117.0,0.00052767
WABI/BTC,1634074974731,2021-10-12T21:42:54.731Z,buy,4.52e-06,1500.0,0.00678
WABI/BTC,1634074974790,2021-10-12T21:42:54.790Z,sell,4.51e-06,200.0,0.000902
WABI/BTC,1634074974809,2021-10-12T21:42:54.809Z,sell,4.5e-06,200.0,0.0009
WABI/BTC,1634074974846,2021-10-12T21:42:54.846Z,sell,4.5e-06,239.0,0.0010755
WABI/BTC,1634075017379,2021-10-12T21:43:37.379Z,sell,4.51e-06,348.0,0.00156948
WABI/BTC,1634075025120,2021-10-12T21:43:45.120Z,sell,4.51e-06,348.0,0.00156948
WABI/BTC,1634075216110,2021-10-12T21:46:56.110Z,sell,4.5e-06,216.0,0.000972
WABI/BTC,1634075216121,2021-10-12T21:46:56.121Z,sell,4.5e-06,310.0,0.001395
WABI/BTC,1634075223712,2021-10-12T21:47:03.712Z,sell,4.5e-06,170.0,0.0007650000000000001
WABI/BTC,1634075358243,2021-10-12T21:49:18.243Z,buy,4.52e-06,27.0,0.00012204
WABI/BTC,1634075375875,2021-10-12T21:49:35.875Z,sell,4.49e-06,117.0,0.0005253300000000001
WABI/BTC,1634075401202,2021-10-12T21:50:01.202Z,sell,4.48e-06,1418.0,0.0063526400000000005
WABI/BTC,1634075404011,2021-10-12T21:50:04.011Z,buy,4.48e-06,31.0,0.00013888
WABI/BTC,1634075475455,2021-10-12T21:51:15.455Z,sell,4.47e-06,33.0,0.00014751
WABI/BTC,1634075553047,2021-10-12T21:52:33.047Z,sell,4.47e-06,673.0,0.00300831
WABI/BTC,1634075553047,2021-10-12T21:52:33.047Z,sell,4.47e-06,673.0,0.00300831
WABI/BTC,1634075926272,2021-10-12T21:58:46.272Z,sell,4.47e-06,356.0,0.0015913200000000002
WABI/BTC,1634075926272,2021-10-12T21:58:46.272Z,sell,4.47e-06,59.0,0.00026373
WABI/BTC,1634075938399,2021-10-12T21:58:58.399Z,sell,4.47e-06,97.0,0.00043359000000000003
WABI/BTC,1634075998881,2021-10-12T21:59:58.881Z,buy,4.49e-06,83.0,0.00037267
WABI/BTC,1634075998881,2021-10-12T21:59:58.881Z,buy,4.5e-06,134.0,0.000603
WABI/BTC,1634076064669,2021-10-12T22:01:04.669Z,sell,4.49e-06,128.0,0.00057472
WABI/BTC,1634076123936,2021-10-12T22:02:03.936Z,buy,4.5e-06,151.0,0.0006795
WABI/BTC,1634076145997,2021-10-12T22:02:25.997Z,sell,4.5e-06,149.0,0.0006705
WABI/BTC,1634076158460,2021-10-12T22:02:38.460Z,buy,4.5e-06,1905.0,0.0085725
WABI/BTC,1634076167178,2021-10-12T22:02:47.178Z,buy,4.5e-06,721.0,0.0032445
WABI/BTC,1634076167244,2021-10-12T22:02:47.244Z,sell,4.5e-06,708.0,0.003186
WABI/BTC,1634076173949,2021-10-12T22:02:53.949Z,sell,4.5e-06,1039.0,0.0046755
WABI/BTC,1634076186355,2021-10-12T22:03:06.355Z,sell,4.5e-06,468.0,0.0021060000000000002
WABI/BTC,1634076215464,2021-10-12T22:03:35.464Z,sell,4.5e-06,27.0,0.0001215
WABI/BTC,1634076286086,2021-10-12T22:04:46.086Z,buy,4.51e-06,117.0,0.00052767
WABI/BTC,1634076288508,2021-10-12T22:04:48.508Z,sell,4.51e-06,34.0,0.00015334
WABI/BTC,1634076327581,2021-10-12T22:05:27.581Z,buy,4.52e-06,178.0,0.00080456
WABI/BTC,1634076333190,2021-10-12T22:05:33.190Z,sell,4.5e-06,116.0,0.000522
WABI/BTC,1634076333199,2021-10-12T22:05:33.199Z,sell,4.5e-06,268.0,0.001206
WABI/BTC,1634076750867,2021-10-12T22:12:30.867Z,buy,4.52e-06,100.0,0.000452
WABI/BTC,1634076760290,2021-10-12T22:12:40.290Z,sell,4.5e-06,826.0,0.0037170000000000003
WABI/BTC,1634076771946,2021-10-12T22:12:51.946Z,buy,4.5e-06,100.0,0.00045
WABI/BTC,1634076786635,2021-10-12T22:13:06.635Z,buy,4.5e-06,443.0,0.0019935
WABI/BTC,1634076786647,2021-10-12T22:13:06.647Z,sell,4.5e-06,380.0,0.0017100000000000001
WABI/BTC,1634076799154,2021-10-12T22:13:19.154Z,sell,4.5e-06,403.0,0.0018135
WABI/BTC,1634076971711,2021-10-12T22:16:11.711Z,buy,4.51e-06,34.0,0.00015334
WABI/BTC,1634076971711,2021-10-12T22:16:11.711Z,buy,4.52e-06,384.0,0.0017356799999999999
WABI/BTC,1634076974953,2021-10-12T22:16:14.953Z,sell,4.5e-06,454.0,0.002043
WABI/BTC,1634076979973,2021-10-12T22:16:19.973Z,buy,4.51e-06,34.0,0.00015334
WABI/BTC,1634076979973,2021-10-12T22:16:19.973Z,buy,4.52e-06,187.0,0.00084524
WABI/BTC,1634077055504,2021-10-12T22:17:35.504Z,buy,4.52e-06,805.0,0.0036386
WABI/BTC,1634077055514,2021-10-12T22:17:35.514Z,sell,4.52e-06,776.0,0.00350752
WABI/BTC,1634077128811,2021-10-12T22:18:48.811Z,buy,4.53e-06,3929.0,0.01779837
WABI/BTC,1634077374027,2021-10-12T22:22:54.027Z,sell,4.51e-06,49.0,0.00022099
WABI/BTC,1634077489516,2021-10-12T22:24:49.516Z,sell,4.5e-06,231.0,0.0010395
WABI/BTC,1634077513194,2021-10-12T22:25:13.194Z,buy,4.52e-06,70.0,0.0003164
WABI/BTC,1634077566105,2021-10-12T22:26:06.105Z,buy,4.51e-06,28.0,0.00012628
WABI/BTC,1634077714961,2021-10-12T22:28:34.961Z,buy,4.52e-06,835.0,0.0037742
WABI/BTC,1634077868081,2021-10-12T22:31:08.081Z,buy,4.52e-06,1220.0,0.0055144
WABI/BTC,1634078003725,2021-10-12T22:33:23.725Z,buy,4.51e-06,75.0,0.00033825
WABI/BTC,1634078382882,2021-10-12T22:39:42.882Z,buy,4.51e-06,45804.0,0.20657604
WABI/BTC,1634078382882,2021-10-12T22:39:42.882Z,buy,4.52e-06,94.0,0.00042488
WABI/BTC,1634078382882,2021-10-12T22:39:42.882Z,buy,4.53e-06,7374.0,0.03340422
WABI/BTC,1634078382882,2021-10-12T22:39:42.882Z,buy,4.54e-06,3352.0,0.015218079999999998
WABI/BTC,1634078382882,2021-10-12T22:39:42.882Z,buy,4.55e-06,57668.0,0.2623894
WABI/BTC,1634078384772,2021-10-12T22:39:44.772Z,sell,4.5e-06,388.0,0.001746
WABI/BTC,1634078384772,2021-10-12T22:39:44.772Z,sell,4.49e-06,151.0,0.0006779900000000001
WABI/BTC,1634078384772,2021-10-12T22:39:44.772Z,sell,4.48e-06,923.0,0.00413504
WABI/BTC,1634078386303,2021-10-12T22:39:46.303Z,buy,4.5e-06,26.0,0.000117
WABI/BTC,1634078387056,2021-10-12T22:39:47.056Z,sell,4.52e-06,30.0,0.0001356
WABI/BTC,1634078387522,2021-10-12T22:39:47.522Z,buy,4.52e-06,34.0,0.00015368
WABI/BTC,1634078387530,2021-10-12T22:39:47.530Z,sell,4.52e-06,30.0,0.0001356
WABI/BTC,1634078387583,2021-10-12T22:39:47.583Z,buy,4.53e-06,48.0,0.00021744
WABI/BTC,1634078388544,2021-10-12T22:39:48.544Z,sell,4.51e-06,26.0,0.00011726
WABI/BTC,1634078388916,2021-10-12T22:39:48.916Z,sell,4.51e-06,23.0,0.00010373
WABI/BTC,1634078390102,2021-10-12T22:39:50.102Z,sell,4.5e-06,64.0,0.000288
WABI/BTC,1634078462438,2021-10-12T22:41:02.438Z,sell,4.5e-06,999.0,0.0044955
WABI/BTC,1634078521431,2021-10-12T22:42:01.431Z,buy,4.5e-06,2140.0,0.00963
WABI/BTC,1634078537673,2021-10-12T22:42:17.673Z,buy,4.51e-06,5796.0,0.02613996
WABI/BTC,1634078537673,2021-10-12T22:42:17.673Z,buy,4.52e-06,327.0,0.00147804
WABI/BTC,1634078537673,2021-10-12T22:42:17.673Z,buy,4.53e-06,312.0,0.00141336
WABI/BTC,1634078537673,2021-10-12T22:42:17.673Z,buy,4.54e-06,64.0,0.00029056
WABI/BTC,1634078537673,2021-10-12T22:42:17.673Z,buy,4.55e-06,2771.0,0.012608049999999999
WABI/BTC,1634078537673,2021-10-12T22:42:17.673Z,buy,4.56e-06,3463.0,0.01579128
WABI/BTC,1634078537673,2021-10-12T22:42:17.673Z,buy,4.57e-06,9516.0,0.043488120000000005
WABI/BTC,1634078537708,2021-10-12T22:42:17.708Z,sell,4.51e-06,143.0,0.00064493
WABI/BTC,1634078537766,2021-10-12T22:42:17.766Z,sell,4.5e-06,1023.0,0.0046035
WABI/BTC,1634078537816,2021-10-12T22:42:17.816Z,sell,4.5e-06,944.0,0.004248
WABI/BTC,1634078538927,2021-10-12T22:42:18.927Z,buy,4.51e-06,143.0,0.00064493
WABI/BTC,1634078538939,2021-10-12T22:42:18.939Z,sell,4.51e-06,411.0,0.0018536100000000001
WABI/BTC,1634078539506,2021-10-12T22:42:19.506Z,buy,4.51e-06,70.0,0.0003157
WABI/BTC,1634078540372,2021-10-12T22:42:20.372Z,buy,4.51e-06,97.0,0.00043747
WABI/BTC,1634078540881,2021-10-12T22:42:20.881Z,buy,4.51e-06,97.0,0.00043747
WABI/BTC,1634078540960,2021-10-12T22:42:20.960Z,buy,4.51e-06,100.0,0.000451
WABI/BTC,1634078540997,2021-10-12T22:42:20.997Z,buy,4.51e-06,26.0,0.00011726
WABI/BTC,1634078541019,2021-10-12T22:42:21.019Z,buy,4.51e-06,33.0,0.00014883
WABI/BTC,1634078541312,2021-10-12T22:42:21.312Z,buy,4.51e-06,30.0,0.0001353
WABI/BTC,1634078541813,2021-10-12T22:42:21.813Z,buy,4.51e-06,30.0,0.0001353
WABI/BTC,1634078542269,2021-10-12T22:42:22.269Z,buy,4.51e-06,64.0,0.00028864
WABI/BTC,1634078542628,2021-10-12T22:42:22.628Z,buy,4.51e-06,49.0,0.00022099
WABI/BTC,1634078543044,2021-10-12T22:42:23.044Z,buy,4.51e-06,64.0,0.00028864
WABI/BTC,1634078543528,2021-10-12T22:42:23.528Z,buy,4.51e-06,48.0,0.00021648000000000001
WABI/BTC,1634078543536,2021-10-12T22:42:23.536Z,buy,4.51e-06,48.0,0.00021648000000000001
WABI/BTC,1634078550158,2021-10-12T22:42:30.158Z,sell,4.51e-06,118.0,0.00053218
WABI/BTC,1634078550164,2021-10-12T22:42:30.164Z,sell,4.51e-06,120.0,0.0005412
WABI/BTC,1634078551634,2021-10-12T22:42:31.634Z,sell,4.52e-06,209.0,0.0009446799999999999
WABI/BTC,1634078564734,2021-10-12T22:42:44.734Z,sell,4.52e-06,22226.0,0.10046152
WABI/BTC,1634078573090,2021-10-12T22:42:53.090Z,buy,4.53e-06,772.0,0.00349716
WABI/BTC,1634078573090,2021-10-12T22:42:53.090Z,buy,4.54e-06,207.0,0.00093978
WABI/BTC,1634078573090,2021-10-12T22:42:53.090Z,buy,4.55e-06,21085.0,0.09593674999999999
WABI/BTC,1634078573168,2021-10-12T22:42:53.168Z,sell,4.53e-06,831.0,0.00376443
WABI/BTC,1634078573630,2021-10-12T22:42:53.630Z,sell,4.53e-06,206.0,0.0009331799999999999
WABI/BTC,1634078573663,2021-10-12T22:42:53.663Z,sell,4.53e-06,5254.0,0.023800619999999998
WABI/BTC,1634078574065,2021-10-12T22:42:54.065Z,sell,4.52e-06,1799.0,0.00813148
WABI/BTC,1634078577164,2021-10-12T22:42:57.164Z,sell,4.52e-06,22042.0,0.09962984
WABI/BTC,1634078578608,2021-10-12T22:42:58.608Z,sell,4.53e-06,48.0,0.00021744
WABI/BTC,1634078578608,2021-10-12T22:42:58.608Z,sell,4.52e-06,1.0,4.52e-06
WABI/BTC,1634078580831,2021-10-12T22:43:00.831Z,buy,4.54e-06,831.0,0.0037727399999999997
WABI/BTC,1634078580831,2021-10-12T22:43:00.831Z,buy,4.55e-06,21049.0,0.09577295
WABI/BTC,1634078583808,2021-10-12T22:43:03.808Z,sell,4.53e-06,832.0,0.00376896
WABI/BTC,1634078585006,2021-10-12T22:43:05.006Z,sell,4.52e-06,21858.0,0.09879816
WABI/BTC,1634078589626,2021-10-12T22:43:09.626Z,buy,4.54e-06,6270.0,0.0284658
WABI/BTC,1634078589626,2021-10-12T22:43:09.626Z,buy,4.55e-06,15425.0,0.07018374999999999
WABI/BTC,1634078589710,2021-10-12T22:43:09.710Z,sell,4.53e-06,833.0,0.00377349
WABI/BTC,1634078594614,2021-10-12T22:43:14.614Z,sell,4.53e-06,41.0,0.00018573
WABI/BTC,1634078594728,2021-10-12T22:43:14.728Z,sell,4.53e-06,7.0,3.171e-05
WABI/BTC,1634078594728,2021-10-12T22:43:14.728Z,sell,4.52e-06,21667.0,0.09793484
WABI/BTC,1634078595019,2021-10-12T22:43:15.019Z,buy,4.54e-06,897.0,0.00407238
WABI/BTC,1634078595019,2021-10-12T22:43:15.019Z,buy,4.55e-06,68.0,0.0003094
WABI/BTC,1634078599906,2021-10-12T22:43:19.906Z,buy,4.55e-06,21524.0,0.0979342
WABI/BTC,1634078603704,2021-10-12T22:43:23.704Z,sell,4.52e-06,21502.0,0.09718904
WABI/BTC,1634078608001,2021-10-12T22:43:28.001Z,buy,4.54e-06,64.0,0.00029056
WABI/BTC,1634078608001,2021-10-12T22:43:28.001Z,buy,4.55e-06,21277.0,0.09681034999999999
WABI/BTC,1634078612147,2021-10-12T22:43:32.147Z,sell,4.53e-06,48.0,0.00021744
WABI/BTC,1634078612147,2021-10-12T22:43:32.147Z,sell,4.52e-06,21272.0,0.09614944
WABI/BTC,1634078616357,2021-10-12T22:43:36.357Z,buy,4.55e-06,21159.0,0.09627345
WABI/BTC,1634078621050,2021-10-12T22:43:41.050Z,sell,4.52e-06,21138.0,0.09554375999999999
WABI/BTC,1634078624927,2021-10-12T22:43:44.927Z,buy,4.55e-06,20979.0,0.09545445
WABI/BTC,1634078628615,2021-10-12T22:43:48.615Z,sell,4.53e-06,78.0,0.00035334
WABI/BTC,1634078637722,2021-10-12T22:43:57.722Z,sell,4.53e-06,48.0,0.00021744
WABI/BTC,1634078637722,2021-10-12T22:43:57.722Z,sell,4.52e-06,7743.0,0.03499836
WABI/BTC,1634078650772,2021-10-12T22:44:10.772Z,sell,4.53e-06,756.0,0.00342468
WABI/BTC,1634078650772,2021-10-12T22:44:10.772Z,sell,4.52e-06,20202.0,0.09131304
WABI/BTC,1634078656701,2021-10-12T22:44:16.701Z,buy,4.54e-06,898.0,0.0040769199999999995
WABI/BTC,1634078656701,2021-10-12T22:44:16.701Z,buy,4.55e-06,19904.0,0.0905632
WABI/BTC,1634078657611,2021-10-12T22:44:17.611Z,sell,4.54e-06,278.0,0.0012621199999999998
WABI/BTC,1634078657617,2021-10-12T22:44:17.617Z,sell,4.54e-06,556.0,0.0025242399999999996
WABI/BTC,1634078663305,2021-10-12T22:44:23.305Z,sell,4.53e-06,9190.0,0.0416307
WABI/BTC,1634078663305,2021-10-12T22:44:23.305Z,sell,4.52e-06,11591.0,0.05239132
WABI/BTC,1634078667749,2021-10-12T22:44:27.749Z,buy,4.54e-06,10276.0,0.04665304
WABI/BTC,1634078667749,2021-10-12T22:44:27.749Z,buy,4.55e-06,10370.0,0.047183499999999996
WABI/BTC,1634078681938,2021-10-12T22:44:41.938Z,sell,4.53e-06,2403.0,0.010885589999999999
WABI/BTC,1634078681950,2021-10-12T22:44:41.950Z,sell,4.53e-06,2337.0,0.01058661
WABI/BTC,1634078683962,2021-10-12T22:44:43.962Z,buy,4.53e-06,38.0,0.00017214
WABI/BTC,1634078687805,2021-10-12T22:44:47.805Z,buy,4.53e-06,63.0,0.00028539
WABI/BTC,1634078692296,2021-10-12T22:44:52.296Z,sell,4.52e-06,161.0,0.00072772
WABI/BTC,1634078692296,2021-10-12T22:44:52.296Z,sell,4.51e-06,49.0,0.00022099
WABI/BTC,1634078692296,2021-10-12T22:44:52.296Z,sell,4.5e-06,8510.0,0.038295
WABI/BTC,1634078692296,2021-10-12T22:44:52.296Z,sell,4.49e-06,11905.0,0.05345345
WABI/BTC,1634078715226,2021-10-12T22:45:15.226Z,sell,4.5e-06,100.0,0.00045
WABI/BTC,1634078760773,2021-10-12T22:46:00.773Z,sell,4.5e-06,1902.0,0.008559
WABI/BTC,1634078760773,2021-10-12T22:46:00.773Z,sell,4.49e-06,969.0,0.00435081
WABI/BTC,1634078904651,2021-10-12T22:48:24.651Z,buy,4.51e-06,952.0,0.00429352
WABI/BTC,1634078904729,2021-10-12T22:48:24.729Z,sell,4.51e-06,1965.0,0.00886215
WABI/BTC,1634079038876,2021-10-12T22:50:38.876Z,sell,4.5e-06,34.0,0.000153
WABI/BTC,1634079038883,2021-10-12T22:50:38.883Z,buy,4.5e-06,96.0,0.000432
WABI/BTC,1634079038996,2021-10-12T22:50:38.996Z,buy,4.5e-06,2760.0,0.01242
WABI/BTC,1634079040300,2021-10-12T22:50:40.300Z,buy,4.51e-06,34.0,0.00015334
WABI/BTC,1634079040300,2021-10-12T22:50:40.300Z,buy,4.51e-06,34.0,0.00015334
WABI/BTC,1634079357433,2021-10-12T22:55:57.433Z,sell,4.51e-06,200.0,0.000902
WABI/BTC,1634079428007,2021-10-12T22:57:08.007Z,sell,4.51e-06,433.0,0.00195283
WABI/BTC,1634079466926,2021-10-12T22:57:46.926Z,sell,4.5e-06,34.0,0.000153
WABI/BTC,1634079466926,2021-10-12T22:57:46.926Z,sell,4.49e-06,121.0,0.00054329
WABI/BTC,1634079536799,2021-10-12T22:58:56.799Z,buy,4.5e-06,34.0,0.000153
WABI/BTC,1634079803554,2021-10-12T23:03:23.554Z,buy,4.51e-06,8.0,3.608e-05
WABI/BTC,1634079918626,2021-10-12T23:05:18.626Z,buy,4.49e-06,34.0,0.00015266000000000002
WABI/BTC,1634079920874,2021-10-12T23:05:20.874Z,buy,4.5e-06,29.0,0.0001305
WABI/BTC,1634079926989,2021-10-12T23:05:26.989Z,sell,4.49e-06,182.0,0.00081718
WABI/BTC,1634079927172,2021-10-12T23:05:27.172Z,sell,4.49e-06,340.0,0.0015266000000000001
WABI/BTC,1634079930879,2021-10-12T23:05:30.879Z,buy,4.49e-06,87.0,0.00039063
WABI/BTC,1634080234988,2021-10-12T23:10:34.988Z,buy,4.5e-06,39.0,0.0001755
WABI/BTC,1634080235068,2021-10-12T23:10:35.068Z,sell,4.5e-06,371.0,0.0016695
WABI/BTC,1634080571308,2021-10-12T23:16:11.308Z,sell,4.5e-06,5644.0,0.025398
WABI/BTC,1634080571355,2021-10-12T23:16:11.355Z,buy,4.5e-06,2835.0,0.0127575
WABI/BTC,1634080665278,2021-10-12T23:17:45.278Z,buy,4.51e-06,109.0,0.00049159
WABI/BTC,1634080665305,2021-10-12T23:17:45.305Z,sell,4.51e-06,445.0,0.00200695
WABI/BTC,1634080695643,2021-10-12T23:18:15.643Z,buy,4.5e-06,250.0,0.0011250000000000001
WABI/BTC,1634080825729,2021-10-12T23:20:25.729Z,sell,4.49e-06,117.0,0.0005253300000000001
WABI/BTC,1634080825729,2021-10-12T23:20:25.729Z,sell,4.48e-06,255.0,0.0011424
WABI/BTC,1634080825729,2021-10-12T23:20:25.729Z,sell,4.47e-06,250.0,0.0011175
WABI/BTC,1634080825729,2021-10-12T23:20:25.729Z,sell,4.46e-06,52.0,0.00023192
WABI/BTC,1634080826339,2021-10-12T23:20:26.339Z,buy,4.49e-06,34.0,0.00015266000000000002
WABI/BTC,1634080829668,2021-10-12T23:20:29.668Z,buy,4.49e-06,49.0,0.00022001
WABI/BTC,1634080857822,2021-10-12T23:20:57.822Z,sell,4.47e-06,836.0,0.0037369200000000003
WABI/BTC,1634080857822,2021-10-12T23:20:57.822Z,sell,4.46e-06,68.0,0.00030327999999999996
WABI/BTC,1634080861217,2021-10-12T23:21:01.217Z,buy,4.48e-06,29.0,0.00012992
WABI/BTC,1634080993328,2021-10-12T23:23:13.328Z,sell,4.47e-06,423.0,0.0018908100000000001
WABI/BTC,1634080996028,2021-10-12T23:23:16.028Z,buy,4.48e-06,70.0,0.00031360000000000003
WABI/BTC,1634080996028,2021-10-12T23:23:16.028Z,buy,4.49e-06,130.0,0.0005837
WABI/BTC,1634081013468,2021-10-12T23:23:33.468Z,buy,4.49e-06,49.0,0.00022001
WABI/BTC,1634081013468,2021-10-12T23:23:33.468Z,buy,4.5e-06,266.0,0.001197
WABI/BTC,1634081047397,2021-10-12T23:24:07.397Z,sell,4.49e-06,501.0,0.0022494900000000003
WABI/BTC,1634081116425,2021-10-12T23:25:16.425Z,buy,4.5e-06,555.0,0.0024975
WABI/BTC,1634081137875,2021-10-12T23:25:37.875Z,sell,4.48e-06,314.0,0.0014067200000000002
WABI/BTC,1634081182255,2021-10-12T23:26:22.255Z,sell,4.47e-06,2577.0,0.01151919
WABI/BTC,1634081182255,2021-10-12T23:26:22.255Z,sell,4.46e-06,103.0,0.00045937999999999996
WABI/BTC,1634081205822,2021-10-12T23:26:45.822Z,sell,4.46e-06,895.0,0.0039917
WABI/BTC,1634081223677,2021-10-12T23:27:03.677Z,buy,4.48e-06,99.0,0.00044352000000000004
WABI/BTC,1634081223677,2021-10-12T23:27:03.677Z,buy,4.49e-06,83.0,0.00037267
WABI/BTC,1634081223677,2021-10-12T23:27:03.677Z,buy,4.5e-06,17.0,7.65e-05
WABI/BTC,1634081263663,2021-10-12T23:27:43.663Z,buy,4.48e-06,156.0,0.00069888
WABI/BTC,1634081458329,2021-10-12T23:30:58.329Z,buy,4.5e-06,106.0,0.000477
WABI/BTC,1634081489734,2021-10-12T23:31:29.734Z,sell,4.48e-06,94.0,0.00042112000000000003
WABI/BTC,1634081489734,2021-10-12T23:31:29.734Z,sell,4.47e-06,206.0,0.00092082
WABI/BTC,1634081490841,2021-10-12T23:31:30.841Z,buy,4.49e-06,556.0,0.00249644
WABI/BTC,1634081806178,2021-10-12T23:36:46.178Z,buy,4.48e-06,34.0,0.00015232
WABI/BTC,1634081806178,2021-10-12T23:36:46.178Z,buy,4.49e-06,83.0,0.00037267
WABI/BTC,1634081806178,2021-10-12T23:36:46.178Z,buy,4.5e-06,26.0,0.000117
WABI/BTC,1634082210364,2021-10-12T23:43:30.364Z,sell,4.48e-06,925.0,0.004144
WABI/BTC,1634082210364,2021-10-12T23:43:30.364Z,sell,4.47e-06,295.0,0.0013186500000000002
WABI/BTC,1634082211551,2021-10-12T23:43:31.551Z,buy,4.49e-06,34.0,0.00015266000000000002
WABI/BTC,1634082214254,2021-10-12T23:43:34.254Z,buy,4.49e-06,34.0,0.00015266000000000002
WABI/BTC,1634082216044,2021-10-12T23:43:36.044Z,buy,4.49e-06,49.0,0.00022001
WABI/BTC,1634082219784,2021-10-12T23:43:39.784Z,buy,4.5e-06,411.0,0.0018495
WABI/BTC,1634082220081,2021-10-12T23:43:40.081Z,buy,4.5e-06,18.0,8.1e-05
WABI/BTC,1634082350094,2021-10-12T23:45:50.094Z,sell,4.48e-06,56.0,0.00025088000000000004
WABI/BTC,1634082565182,2021-10-12T23:49:25.182Z,buy,4.5e-06,34.0,0.000153
WABI/BTC,1634082565182,2021-10-12T23:49:25.182Z,buy,4.5e-06,34.0,0.000153
WABI/BTC,1634082658725,2021-10-12T23:50:58.725Z,buy,4.51e-06,7.0,3.157e-05
WABI/BTC,1634082811049,2021-10-12T23:53:31.049Z,buy,4.51e-06,278.0,0.00125378
WABI/BTC,1634082837056,2021-10-12T23:53:57.056Z,buy,4.51e-06,82.0,0.00036982
WABI/BTC,1634082928591,2021-10-12T23:55:28.591Z,buy,4.51e-06,111.0,0.00050061
WABI/BTC,1634082928592,2021-10-12T23:55:28.592Z,buy,4.51e-06,111.0,0.00050061
WABI/BTC,1634083093497,2021-10-12T23:58:13.497Z,buy,4.52e-06,30.0,0.0001356
WABI/BTC,1634083093552,2021-10-12T23:58:13.552Z,buy,4.52e-06,103.0,0.00046556
WABI/BTC,1634083093555,2021-10-12T23:58:13.555Z,buy,4.52e-06,92.0,0.00041584
WABI/BTC,1634083093722,2021-10-12T23:58:13.722Z,sell,4.52e-06,11.0,4.972e-05
WABI/BTC,1634083127774,2021-10-12T23:58:47.774Z,sell,4.5e-06,1898.0,0.008541
WABI/BTC,1634083127774,2021-10-12T23:58:47.774Z,sell,4.49e-06,151.0,0.0006779900000000001
WABI/BTC,1634083127774,2021-10-12T23:58:47.774Z,sell,4.48e-06,170.0,0.0007616000000000001
WABI/BTC,1634083127774,2021-10-12T23:58:47.774Z,sell,4.47e-06,176.0,0.0007867200000000001
WABI/BTC,1634083127774,2021-10-12T23:58:47.774Z,sell,4.46e-06,381.0,0.00169926
WABI/BTC,1634083131887,2021-10-12T23:58:51.887Z,sell,4.48e-06,65.0,0.00029120000000000003
WABI/BTC,1634083132327,2021-10-12T23:58:52.327Z,buy,4.49e-06,49.0,0.00022001
WABI/BTC,1634083171205,2021-10-12T23:59:31.205Z,buy,4.5e-06,251.0,0.0011295
WABI/BTC,1634083214041,2021-10-13T00:00:14.041Z,sell,4.48e-06,234.0,0.0010483200000000002
WABI/BTC,1634083306206,2021-10-13T00:01:46.206Z,sell,4.49e-06,253.0,0.00113597
WABI/BTC,1634083306215,2021-10-13T00:01:46.215Z,buy,4.49e-06,97.0,0.00043553
WABI/BTC,1634083306216,2021-10-13T00:01:46.216Z,buy,4.49e-06,99.0,0.00044451
WABI/BTC,1634083306537,2021-10-13T00:01:46.537Z,buy,4.49e-06,672.0,0.0030172800000000002
WABI/BTC,1634083316844,2021-10-13T00:01:56.844Z,buy,4.49e-06,309.0,0.0013874100000000002
WABI/BTC,1634083428203,2021-10-13T00:03:48.203Z,sell,4.48e-06,32.0,0.00014336
WABI/BTC,1634084449514,2021-10-13T00:20:49.514Z,buy,4.49e-06,103.0,0.00046247000000000004
WABI/BTC,1634084449674,2021-10-13T00:20:49.674Z,buy,4.49e-06,609.0,0.00273441
WABI/BTC,1634084538823,2021-10-13T00:22:18.823Z,buy,4.5e-06,693.0,0.0031185
WABI/BTC,1634084551797,2021-10-13T00:22:31.797Z,buy,4.5e-06,33.0,0.0001485
WABI/BTC,1634084593126,2021-10-13T00:23:13.126Z,buy,4.5e-06,102.0,0.000459
WABI/BTC,1634084786311,2021-10-13T00:26:26.311Z,buy,4.5e-06,158.0,0.000711
WABI/BTC,1634084798741,2021-10-13T00:26:38.741Z,buy,4.5e-06,358.0,0.001611
WABI/BTC,1634084852565,2021-10-13T00:27:32.565Z,buy,4.5e-06,25.0,0.0001125
WABI/BTC,1634085018506,2021-10-13T00:30:18.506Z,sell,4.49e-06,466.0,0.0020923400000000003
WABI/BTC,1634085018506,2021-10-13T00:30:18.506Z,sell,4.48e-06,316.0,0.00141568
WABI/BTC,1634085051203,2021-10-13T00:30:51.203Z,buy,4.5e-06,132.0,0.000594
WABI/BTC,1634085165441,2021-10-13T00:32:45.441Z,buy,4.5e-06,8.0,3.6e-05
WABI/BTC,1634085404761,2021-10-13T00:36:44.761Z,buy,4.5e-06,2093.0,0.0094185
WABI/BTC,1634085731563,2021-10-13T00:42:11.563Z,buy,4.5e-06,42.0,0.000189
WABI/BTC,1634086108040,2021-10-13T00:48:28.040Z,sell,4.48e-06,124.0,0.00055552
WABI/BTC,1634086108040,2021-10-13T00:48:28.040Z,sell,4.47e-06,45.0,0.00020115
WABI/BTC,1634086149899,2021-10-13T00:49:09.899Z,sell,4.47e-06,86.0,0.00038442
WABI/BTC,1634086149899,2021-10-13T00:49:09.899Z,sell,4.47e-06,86.0,0.00038442
WABI/BTC,1634086212549,2021-10-13T00:50:12.549Z,buy,4.49e-06,246.0,0.00110454
WABI/BTC,1634086363855,2021-10-13T00:52:43.855Z,buy,4.48e-06,558.0,0.00249984
WABI/BTC,1634086363867,2021-10-13T00:52:43.867Z,buy,4.48e-06,331.0,0.00148288
WABI/BTC,1634086372197,2021-10-13T00:52:52.197Z,buy,4.49e-06,49.0,0.00022001
WABI/BTC,1634086412404,2021-10-13T00:53:32.404Z,sell,4.49e-06,1379.0,0.0061917100000000004
WABI/BTC,1634086412404,2021-10-13T00:53:32.404Z,sell,4.48e-06,1323.0,0.005927040000000001
WABI/BTC,1634086418265,2021-10-13T00:53:38.265Z,buy,4.48e-06,1408.0,0.00630784
WABI/BTC,1634086436075,2021-10-13T00:53:56.075Z,buy,4.49e-06,835.0,0.00374915
WABI/BTC,1634086459091,2021-10-13T00:54:19.091Z,buy,4.49e-06,846.0,0.00379854
WABI/BTC,1634086459284,2021-10-13T00:54:19.284Z,buy,4.49e-06,422.0,0.00189478
WABI/BTC,1634086468668,2021-10-13T00:54:28.668Z,sell,4.48e-06,50.0,0.00022400000000000002
WABI/BTC,1634086489748,2021-10-13T00:54:49.748Z,buy,4.5e-06,12287.0,0.0552915
WABI/BTC,1634086507506,2021-10-13T00:55:07.506Z,sell,4.5e-06,268.0,0.001206
WABI/BTC,1634086507506,2021-10-13T00:55:07.506Z,sell,4.49e-06,662.0,0.00297238
WABI/BTC,1634086834200,2021-10-13T01:00:34.200Z,sell,4.5e-06,160.0,0.00072
WABI/BTC,1634086856776,2021-10-13T01:00:56.776Z,buy,4.51e-06,388.0,0.00174988
WABI/BTC,1634086868316,2021-10-13T01:01:08.316Z,sell,4.51e-06,29.0,0.00013079
WABI/BTC,1634087022744,2021-10-13T01:03:42.744Z,sell,4.5e-06,23.0,0.00010350000000000001
WABI/BTC,1634087201188,2021-10-13T01:06:41.188Z,buy,4.52e-06,2495.0,0.0112774
WABI/BTC,1634087201203,2021-10-13T01:06:41.203Z,buy,4.52e-06,252.0,0.00113904
WABI/BTC,1634087203306,2021-10-13T01:06:43.306Z,buy,4.52e-06,160.0,0.0007232
WABI/BTC,1634087287710,2021-10-13T01:08:07.710Z,buy,4.52e-06,229.0,0.00103508
WABI/BTC,1634087298197,2021-10-13T01:08:18.197Z,buy,4.52e-06,111.0,0.00050172
WABI/BTC,1634087298675,2021-10-13T01:08:18.675Z,buy,4.52e-06,700.0,0.003164
WABI/BTC,1634087390067,2021-10-13T01:09:50.067Z,buy,4.52e-06,108.0,0.00048816
WABI/BTC,1634087407563,2021-10-13T01:10:07.563Z,buy,4.52e-06,99.0,0.00044748
WABI/BTC,1634087407575,2021-10-13T01:10:07.575Z,buy,4.52e-06,237.0,0.00107124
WABI/BTC,1634087407937,2021-10-13T01:10:07.937Z,buy,4.52e-06,106.0,0.00047912
WABI/BTC,1634087475999,2021-10-13T01:11:15.999Z,sell,4.5e-06,293.0,0.0013185
WABI/BTC,1634087475999,2021-10-13T01:11:15.999Z,sell,4.49e-06,1198.0,0.00537902
WABI/BTC,1634087477261,2021-10-13T01:11:17.261Z,buy,4.52e-06,34.0,0.00015368
WABI/BTC,1634087479970,2021-10-13T01:11:19.970Z,buy,4.51e-06,49.0,0.00022099
WABI/BTC,1634087482746,2021-10-13T01:11:22.746Z,buy,4.51e-06,34.0,0.00015334
WABI/BTC,1634087570308,2021-10-13T01:12:50.308Z,buy,4.52e-06,293.0,0.00132436
WABI/BTC,1634087764392,2021-10-13T01:16:04.392Z,buy,4.53e-06,140.0,0.0006342
WABI/BTC,1634087764931,2021-10-13T01:16:04.931Z,buy,4.53e-06,100.0,0.000453
WABI/BTC,1634087777109,2021-10-13T01:16:17.109Z,buy,4.53e-06,88.0,0.00039863999999999996
WABI/BTC,1634087778836,2021-10-13T01:16:18.836Z,buy,4.53e-06,88.0,0.00039863999999999996
WABI/BTC,1634087794889,2021-10-13T01:16:34.889Z,sell,4.51e-06,243.0,0.00109593
WABI/BTC,1634088065699,2021-10-13T01:21:05.699Z,sell,4.51e-06,321.0,0.00144771
WABI/BTC,1634088811665,2021-10-13T01:33:31.665Z,sell,4.51e-06,895.0,0.00403645
WABI/BTC,1634088842324,2021-10-13T01:34:02.324Z,sell,4.51e-06,25.0,0.00011275
WABI/BTC,1634088913188,2021-10-13T01:35:13.188Z,buy,4.53e-06,102.0,0.00046206
WABI/BTC,1634088918710,2021-10-13T01:35:18.710Z,buy,4.53e-06,154.0,0.0006976199999999999
WABI/BTC,1634088980533,2021-10-13T01:36:20.533Z,buy,4.53e-06,3354.0,0.01519362
WABI/BTC,1634089014609,2021-10-13T01:36:54.609Z,buy,4.53e-06,119.0,0.00053907
WABI/BTC,1634089164595,2021-10-13T01:39:24.595Z,buy,4.52e-06,108.0,0.00048816
WABI/BTC,1634089180090,2021-10-13T01:39:40.090Z,buy,4.52e-06,65.0,0.0002938
WABI/BTC,1634089187664,2021-10-13T01:39:47.664Z,buy,4.52e-06,156.0,0.0007051199999999999
WABI/BTC,1634089447751,2021-10-13T01:44:07.751Z,sell,4.52e-06,24.0,0.00010847999999999999
WABI/BTC,1634089447751,2021-10-13T01:44:07.751Z,sell,4.51e-06,127.0,0.00057277
WABI/BTC,1634089447751,2021-10-13T01:44:07.751Z,sell,4.52e-06,24.0,0.00010847999999999999
WABI/BTC,1634089447751,2021-10-13T01:44:07.751Z,sell,4.51e-06,127.0,0.00057277
WABI/BTC,1634089770941,2021-10-13T01:49:30.941Z,buy,4.52e-06,40.0,0.0001808
WABI/BTC,1634090255941,2021-10-13T01:57:35.941Z,sell,4.51e-06,58.0,0.00026158
WABI/BTC,1634090255941,2021-10-13T01:57:35.941Z,sell,4.5e-06,2705.0,0.012172500000000001
WABI/BTC,1634090302470,2021-10-13T01:58:22.470Z,sell,4.49e-06,498.0,0.00223602
WABI/BTC,1634090361513,2021-10-13T01:59:21.513Z,sell,4.49e-06,6034.0,0.02709266
WABI/BTC,1634090438902,2021-10-13T02:00:38.902Z,buy,4.49e-06,217.0,0.00097433
WABI/BTC,1634090609033,2021-10-13T02:03:29.033Z,sell,4.49e-06,104.0,0.00046696000000000004
WABI/BTC,1634090635380,2021-10-13T02:03:55.380Z,buy,4.51e-06,83.0,0.00037433
WABI/BTC,1634091253375,2021-10-13T02:14:13.375Z,buy,4.52e-06,23.0,0.00010396
WABI/BTC,1634091333237,2021-10-13T02:15:33.237Z,buy,4.52e-06,31.0,0.00014012
WABI/BTC,1634091400992,2021-10-13T02:16:40.992Z,buy,4.52e-06,152.0,0.00068704
WABI/BTC,1634091467965,2021-10-13T02:17:47.965Z,buy,4.52e-06,13555.0,0.0612686
WABI/BTC,1634091643678,2021-10-13T02:20:43.678Z,buy,4.52e-06,1249.0,0.00564548
WABI/BTC,1634092043069,2021-10-13T02:27:23.069Z,buy,4.52e-06,1797.0,0.00812244
WABI/BTC,1634092043077,2021-10-13T02:27:23.077Z,buy,4.52e-06,913.0,0.00412676
WABI/BTC,1634092043077,2021-10-13T02:27:23.077Z,buy,4.53e-06,87.0,0.00039411
WABI/BTC,1634092065264,2021-10-13T02:27:45.264Z,buy,4.53e-06,259.0,0.00117327
WABI/BTC,1634092065264,2021-10-13T02:27:45.264Z,buy,4.54e-06,138.0,0.00062652
WABI/BTC,1634092065264,2021-10-13T02:27:45.264Z,buy,4.55e-06,474.0,0.0021566999999999997
WABI/BTC,1634092065264,2021-10-13T02:27:45.264Z,buy,4.56e-06,6007.0,0.027391920000000004
WABI/BTC,1634092065264,2021-10-13T02:27:45.264Z,buy,4.57e-06,7687.0,0.03512959
WABI/BTC,1634092065264,2021-10-13T02:27:45.264Z,buy,4.58e-06,2999.0,0.01373542
WABI/BTC,1634092065271,2021-10-13T02:27:45.271Z,sell,4.58e-06,307.0,0.00140606
WABI/BTC,1634092065271,2021-10-13T02:27:45.271Z,sell,4.58e-06,307.0,0.00140606
WABI/BTC,1634092065276,2021-10-13T02:27:45.276Z,sell,4.58e-06,84.0,0.00038472
WABI/BTC,1634092065278,2021-10-13T02:27:45.278Z,sell,4.58e-06,155.0,0.0007099000000000001
WABI/BTC,1634092066468,2021-10-13T02:27:46.468Z,buy,4.57e-06,23.0,0.00010511
WABI/BTC,1634092066772,2021-10-13T02:27:46.772Z,sell,4.54e-06,112.0,0.00050848
WABI/BTC,1634092066781,2021-10-13T02:27:46.781Z,sell,4.54e-06,91.0,0.00041314
WABI/BTC,1634092066781,2021-10-13T02:27:46.781Z,sell,4.53e-06,70.0,0.0003171
WABI/BTC,1634092066781,2021-10-13T02:27:46.781Z,sell,4.52e-06,2568.0,0.01160736
WABI/BTC,1634092066781,2021-10-13T02:27:46.781Z,sell,4.51e-06,654.0,0.00294954
WABI/BTC,1634092066793,2021-10-13T02:27:46.793Z,sell,4.51e-06,223.0,0.00100573
WABI/BTC,1634092066793,2021-10-13T02:27:46.793Z,sell,4.51e-06,223.0,0.00100573
WABI/BTC,1634092066796,2021-10-13T02:27:46.796Z,sell,4.51e-06,223.0,0.00100573
WABI/BTC,1634092066804,2021-10-13T02:27:46.804Z,sell,4.5e-06,446.0,0.002007
WABI/BTC,1634092066814,2021-10-13T02:27:46.814Z,sell,4.5e-06,223.0,0.0010035
WABI/BTC,1634092066816,2021-10-13T02:27:46.816Z,sell,4.5e-06,223.0,0.0010035
WABI/BTC,1634092066817,2021-10-13T02:27:46.817Z,sell,4.5e-06,223.0,0.0010035
WABI/BTC,1634092066827,2021-10-13T02:27:46.827Z,sell,4.5e-06,223.0,0.0010035
WABI/BTC,1634092066832,2021-10-13T02:27:46.832Z,sell,4.5e-06,678.0,0.003051
WABI/BTC,1634092066873,2021-10-13T02:27:46.873Z,sell,4.5e-06,334.0,0.001503
WABI/BTC,1634092066886,2021-10-13T02:27:46.886Z,sell,4.51e-06,223.0,0.00100573
WABI/BTC,1634092067193,2021-10-13T02:27:47.193Z,sell,4.55e-06,97.0,0.00044134999999999997
WABI/BTC,1634092067193,2021-10-13T02:27:47.193Z,sell,4.51e-06,237.0,0.00106887
WABI/BTC,1634092067229,2021-10-13T02:27:47.229Z,sell,4.51e-06,2645.0,0.01192895
