symbol,timestamp,datetime,side,price,amount,btc_volume
WPR/BTC,1620406838838,2021-05-07T17:00:38.838Z,buy,8.6e-07,5523.0,0.00474978
WPR/BTC,1620406855905,2021-05-07T17:00:55.905Z,sell,8.5e-07,413.0,0.00035105
WPR/BTC,1620406910046,2021-05-07T17:01:50.046Z,sell,8.5e-07,206.0,0.0001751
WPR/BTC,1620406918505,2021-05-07T17:01:58.505Z,sell,8.5e-07,1167.0,0.0009919500000000001
WPR/BTC,1620406920648,2021-05-07T17:02:00.648Z,sell,8.5e-07,173.0,0.00014705
WPR/BTC,1620406944385,2021-05-07T17:02:24.385Z,buy,8.6e-07,1162.0,0.00099932
WPR/BTC,1620406971076,2021-05-07T17:02:51.076Z,buy,8.6e-07,7076.0,0.006085360000000001
WPR/BTC,1620407005365,2021-05-07T17:03:25.365Z,buy,8.6e-07,151.0,0.00012986
WPR/BTC,1620407020120,2021-05-07T17:03:40.120Z,sell,8.5e-07,1711.0,0.00145435
WPR/BTC,1620407089170,2021-05-07T17:04:49.170Z,buy,8.6e-07,116.0,9.976000000000001e-05
WPR/BTC,1620407155631,2021-05-07T17:05:55.631Z,buy,8.6e-07,54542.0,0.04690612
WPR/BTC,1620407186361,2021-05-07T17:06:26.361Z,buy,8.7e-07,14969.0,0.01302303
WPR/BTC,1620407192743,2021-05-07T17:06:32.743Z,sell,8.6e-07,3748.0,0.0032232800000000002
WPR/BTC,1620407214783,2021-05-07T17:06:54.783Z,buy,8.6e-07,118.0,0.00010148
WPR/BTC,1620407251918,2021-05-07T17:07:31.918Z,sell,8.5e-07,1023.0,0.00086955
WPR/BTC,1620407279410,2021-05-07T17:07:59.410Z,buy,8.6e-07,486.0,0.00041796
WPR/BTC,1620407401948,2021-05-07T17:10:01.948Z,buy,8.6e-07,214.0,0.00018404
WPR/BTC,1620407463229,2021-05-07T17:11:03.229Z,buy,8.6e-07,229.0,0.00019694
WPR/BTC,1620407471977,2021-05-07T17:11:11.977Z,sell,8.5e-07,229.0,0.00019465000000000002
WPR/BTC,1620407502897,2021-05-07T17:11:42.897Z,buy,8.6e-07,2362.0,0.00203132
WPR/BTC,1620407512675,2021-05-07T17:11:52.675Z,buy,8.6e-07,390.0,0.0003354
WPR/BTC,1620407520622,2021-05-07T17:12:00.622Z,sell,8.5e-07,250.0,0.00021250000000000002
WPR/BTC,1620407718329,2021-05-07T17:15:18.329Z,buy,8.6e-07,697.0,0.00059942
WPR/BTC,1620407994949,2021-05-07T17:19:54.949Z,buy,8.6e-07,2898.0,0.00249228
WPR/BTC,1620408108247,2021-05-07T17:21:48.247Z,sell,8.5e-07,271.0,0.00023035000000000002
WPR/BTC,1620408123457,2021-05-07T17:22:03.457Z,sell,8.5e-07,8507.0,0.00723095
WPR/BTC,1620408126242,2021-05-07T17:22:06.242Z,sell,8.5e-07,204.0,0.0001734
WPR/BTC,1620408340667,2021-05-07T17:25:40.667Z,sell,8.5e-07,1743.0,0.00148155
WPR/BTC,1620408371864,2021-05-07T17:26:11.864Z,sell,8.5e-07,485.0,0.00041225
WPR/BTC,1620408432634,2021-05-07T17:27:12.634Z,buy,8.6e-07,116.0,9.976000000000001e-05
WPR/BTC,1620408433413,2021-05-07T17:27:13.413Z,sell,8.5e-07,3000.0,0.00255
WPR/BTC,1620408503460,2021-05-07T17:28:23.460Z,buy,8.6e-07,5882.0,0.00505852
WPR/BTC,1620408600104,2021-05-07T17:30:00.104Z,buy,8.6e-07,400.0,0.000344
WPR/BTC,1620408715898,2021-05-07T17:31:55.898Z,sell,8.5e-07,5158.0,0.0043843
WPR/BTC,1620408736919,2021-05-07T17:32:16.919Z,sell,8.5e-07,126.0,0.0001071
WPR/BTC,1620408743095,2021-05-07T17:32:23.095Z,sell,8.5e-07,260.0,0.000221
WPR/BTC,1620408802025,2021-05-07T17:33:22.025Z,buy,8.6e-07,183.0,0.00015738000000000001
WPR/BTC,1620408832727,2021-05-07T17:33:52.727Z,buy,8.6e-07,12123.0,0.01042578
WPR/BTC,1620408987225,2021-05-07T17:36:27.225Z,buy,8.6e-07,144.0,0.00012384
WPR/BTC,1620409055375,2021-05-07T17:37:35.375Z,buy,8.6e-07,453.0,0.00038958
WPR/BTC,1620409057327,2021-05-07T17:37:37.327Z,sell,8.5e-07,14853.0,0.01262505
WPR/BTC,1620409058839,2021-05-07T17:37:38.839Z,sell,8.5e-07,685.0,0.00058225
WPR/BTC,1620409115156,2021-05-07T17:38:35.156Z,sell,8.5e-07,162.0,0.0001377
WPR/BTC,1620409171591,2021-05-07T17:39:31.591Z,buy,8.6e-07,140.0,0.0001204
WPR/BTC,1620409303652,2021-05-07T17:41:43.652Z,sell,8.5e-07,7409.0,0.00629765
WPR/BTC,1620409313275,2021-05-07T17:41:53.275Z,buy,8.6e-07,3659.0,0.0031467400000000003
WPR/BTC,1620409332212,2021-05-07T17:42:12.212Z,buy,8.6e-07,2439.0,0.00209754
WPR/BTC,1620409486849,2021-05-07T17:44:46.849Z,sell,8.5e-07,1473.0,0.00125205
WPR/BTC,1620409529137,2021-05-07T17:45:29.137Z,sell,8.5e-07,5457.0,0.00463845
WPR/BTC,1620409547311,2021-05-07T17:45:47.311Z,sell,8.5e-07,5115.0,0.00434775
WPR/BTC,1620409689540,2021-05-07T17:48:09.540Z,buy,8.6e-07,1996.0,0.00171656
WPR/BTC,1620409802493,2021-05-07T17:50:02.493Z,sell,8.5e-07,375.0,0.00031875
WPR/BTC,1620409831633,2021-05-07T17:50:31.633Z,buy,8.6e-07,201.0,0.00017286
WPR/BTC,1620409843150,2021-05-07T17:50:43.150Z,buy,8.6e-07,3055.0,0.0026273
WPR/BTC,1620409861580,2021-05-07T17:51:01.580Z,buy,8.6e-07,229.0,0.00019694
WPR/BTC,1620409861594,2021-05-07T17:51:01.594Z,buy,8.6e-07,229.0,0.00019694
WPR/BTC,1620409871572,2021-05-07T17:51:11.572Z,buy,8.6e-07,117.0,0.00010062000000000001
WPR/BTC,1620409929907,2021-05-07T17:52:09.907Z,sell,8.5e-07,1546.0,0.0013141000000000001
WPR/BTC,1620409943904,2021-05-07T17:52:23.904Z,sell,8.5e-07,1629.0,0.00138465
WPR/BTC,1620409952538,2021-05-07T17:52:32.538Z,sell,8.5e-07,4700.0,0.003995
WPR/BTC,1620409981278,2021-05-07T17:53:01.278Z,sell,8.5e-07,529.0,0.00044965
WPR/BTC,1620410011147,2021-05-07T17:53:31.147Z,buy,8.6e-07,581.0,0.00049966
WPR/BTC,1620410019821,2021-05-07T17:53:39.821Z,buy,8.6e-07,116.0,9.976000000000001e-05
WPR/BTC,1620410078234,2021-05-07T17:54:38.234Z,sell,8.5e-07,931.0,0.00079135
WPR/BTC,1620410124687,2021-05-07T17:55:24.687Z,buy,8.6e-07,1162.0,0.00099932
WPR/BTC,1620410163142,2021-05-07T17:56:03.142Z,buy,8.6e-07,3054.0,0.0026264400000000003
WPR/BTC,1620410184843,2021-05-07T17:56:24.843Z,buy,8.6e-07,117.0,0.00010062000000000001
WPR/BTC,1620410194790,2021-05-07T17:56:34.790Z,buy,8.6e-07,16320.0,0.014035200000000001
WPR/BTC,1620410194790,2021-05-07T17:56:34.790Z,buy,8.6e-07,16320.0,0.014035200000000001
WPR/BTC,1620410470090,2021-05-07T18:01:10.090Z,sell,8.5e-07,232.0,0.0001972
WPR/BTC,1620410471539,2021-05-07T18:01:11.539Z,buy,8.6e-07,229.0,0.00019694
WPR/BTC,1620410498687,2021-05-07T18:01:38.687Z,buy,8.6e-07,386.0,0.00033196
WPR/BTC,1620410623723,2021-05-07T18:03:43.723Z,sell,8.5e-07,1073.0,0.00091205
WPR/BTC,1620410631716,2021-05-07T18:03:51.716Z,sell,8.5e-07,1609.0,0.00136765
WPR/BTC,1620410637074,2021-05-07T18:03:57.074Z,sell,8.5e-07,1610.0,0.0013685
WPR/BTC,1620410656781,2021-05-07T18:04:16.781Z,sell,8.5e-07,2272.0,0.0019312
WPR/BTC,1620410795978,2021-05-07T18:06:35.978Z,buy,8.6e-07,13593.0,0.01168998
WPR/BTC,1620410808896,2021-05-07T18:06:48.896Z,buy,8.6e-07,517.0,0.00044462
WPR/BTC,1620411030871,2021-05-07T18:10:30.871Z,buy,8.6e-07,373.0,0.00032078
WPR/BTC,1620411083704,2021-05-07T18:11:23.704Z,buy,8.6e-07,229.0,0.00019694
WPR/BTC,1620411084617,2021-05-07T18:11:24.617Z,buy,8.6e-07,229.0,0.00019694
WPR/BTC,1620411200224,2021-05-07T18:13:20.224Z,buy,8.6e-07,205.0,0.0001763
WPR/BTC,1620411301072,2021-05-07T18:15:01.072Z,sell,8.5e-07,4026.0,0.0034221
WPR/BTC,1620411311786,2021-05-07T18:15:11.786Z,sell,8.5e-07,2062.0,0.0017527
WPR/BTC,1620411376109,2021-05-07T18:16:16.109Z,buy,8.6e-07,116.0,9.976000000000001e-05
WPR/BTC,1620411487674,2021-05-07T18:18:07.674Z,sell,8.5e-07,13663.0,0.01161355
WPR/BTC,1620411774166,2021-05-07T18:22:54.166Z,sell,8.5e-07,198.0,0.0001683
WPR/BTC,1620411799051,2021-05-07T18:23:19.051Z,sell,8.5e-07,1000.0,0.0008500000000000001
WPR/BTC,1620411838593,2021-05-07T18:23:58.593Z,sell,8.5e-07,1000.0,0.0008500000000000001
WPR/BTC,1620411861938,2021-05-07T18:24:21.938Z,sell,8.5e-07,500.0,0.00042500000000000003
WPR/BTC,1620411892607,2021-05-07T18:24:52.607Z,sell,8.5e-07,200.0,0.00017
WPR/BTC,1620411903742,2021-05-07T18:25:03.742Z,buy,8.6e-07,11837.0,0.010179820000000001
WPR/BTC,1620411914718,2021-05-07T18:25:14.718Z,sell,8.5e-07,1141.0,0.00096985
WPR/BTC,1620411956652,2021-05-07T18:25:56.652Z,sell,8.5e-07,25000.0,0.02125
WPR/BTC,1620412078631,2021-05-07T18:27:58.631Z,sell,8.5e-07,4417.0,0.00375445
WPR/BTC,1620412102704,2021-05-07T18:28:22.704Z,sell,8.5e-07,2134.0,0.0018139
WPR/BTC,1620412150317,2021-05-07T18:29:10.317Z,sell,8.5e-07,327.0,0.00027795
WPR/BTC,1620412247412,2021-05-07T18:30:47.412Z,sell,8.5e-07,751.0,0.00063835
WPR/BTC,1620412268119,2021-05-07T18:31:08.119Z,sell,8.5e-07,563.0,0.00047855
WPR/BTC,1620412272603,2021-05-07T18:31:12.603Z,buy,8.6e-07,328.0,0.00028208
WPR/BTC,1620412294119,2021-05-07T18:31:34.119Z,buy,8.6e-07,200.0,0.000172
WPR/BTC,1620412374046,2021-05-07T18:32:54.046Z,buy,8.6e-07,12125.0,0.010427500000000001
WPR/BTC,1620412491138,2021-05-07T18:34:51.138Z,sell,8.5e-07,40875.0,0.034743750000000004
WPR/BTC,1620412537483,2021-05-07T18:35:37.483Z,sell,8.5e-07,772.0,0.0006562
WPR/BTC,1620412691795,2021-05-07T18:38:11.795Z,buy,8.6e-07,301.0,0.00025886
WPR/BTC,1620413039562,2021-05-07T18:43:59.562Z,sell,8.5e-07,3949.0,0.00335665
WPR/BTC,1620413049975,2021-05-07T18:44:09.975Z,sell,8.5e-07,4308.0,0.0036618
WPR/BTC,1620413090047,2021-05-07T18:44:50.047Z,sell,8.5e-07,7992.0,0.0067932
WPR/BTC,1620413146373,2021-05-07T18:45:46.373Z,sell,8.5e-07,5872.0,0.0049912
WPR/BTC,1620413154846,2021-05-07T18:45:54.846Z,sell,8.5e-07,375.0,0.00031875
WPR/BTC,1620413170923,2021-05-07T18:46:10.923Z,sell,8.5e-07,4954.0,0.0042109
WPR/BTC,1620413208148,2021-05-07T18:46:48.148Z,buy,8.6e-07,588.0,0.00050568
WPR/BTC,1620413228795,2021-05-07T18:47:08.795Z,buy,8.6e-07,3812.0,0.00327832
WPR/BTC,1620413301020,2021-05-07T18:48:21.020Z,sell,8.5e-07,4571.0,0.00388535
WPR/BTC,1620413311847,2021-05-07T18:48:31.847Z,sell,8.5e-07,1217.0,0.00103445
WPR/BTC,1620413361390,2021-05-07T18:49:21.390Z,sell,8.5e-07,1630.0,0.0013855
WPR/BTC,1620413385631,2021-05-07T18:49:45.631Z,sell,8.5e-07,757.0,0.0006434500000000001
WPR/BTC,1620413562998,2021-05-07T18:52:42.998Z,buy,8.6e-07,6446.0,0.00554356
WPR/BTC,1620413579603,2021-05-07T18:52:59.603Z,sell,8.5e-07,3001.0,0.00255085
WPR/BTC,1620413648884,2021-05-07T18:54:08.884Z,sell,8.5e-07,443.0,0.00037655
WPR/BTC,1620413772571,2021-05-07T18:56:12.571Z,sell,8.5e-07,10246.0,0.008709100000000001
WPR/BTC,1620413774993,2021-05-07T18:56:14.993Z,sell,8.5e-07,693.0,0.00058905
WPR/BTC,1620413784447,2021-05-07T18:56:24.447Z,sell,8.5e-07,1995.0,0.00169575
WPR/BTC,1620413784447,2021-05-07T18:56:24.447Z,sell,8.5e-07,1995.0,0.00169575
WPR/BTC,1620413872538,2021-05-07T18:57:52.538Z,sell,8.5e-07,277.0,0.00023545
WPR/BTC,1620413920749,2021-05-07T18:58:40.749Z,sell,8.5e-07,2222.0,0.0018887
WPR/BTC,1620413934014,2021-05-07T18:58:54.014Z,sell,8.5e-07,6165.0,0.00524025
WPR/BTC,1620413980050,2021-05-07T18:59:40.050Z,sell,8.5e-07,980.0,0.000833
WPR/BTC,1620414060491,2021-05-07T19:01:00.491Z,buy,8.6e-07,229.0,0.00019694
WPR/BTC,1620414107206,2021-05-07T19:01:47.206Z,buy,8.6e-07,233.0,0.00020038
WPR/BTC,1620414134506,2021-05-07T19:02:14.506Z,buy,8.6e-07,232.0,0.00019952000000000001
WPR/BTC,1620414149624,2021-05-07T19:02:29.624Z,buy,8.6e-07,16151.0,0.01388986
WPR/BTC,1620414206829,2021-05-07T19:03:26.829Z,sell,8.5e-07,1218.0,0.0010353
WPR/BTC,1620414360757,2021-05-07T19:06:00.757Z,sell,8.5e-07,286.0,0.0002431
WPR/BTC,1620414478826,2021-05-07T19:07:58.826Z,sell,8.5e-07,606.0,0.0005151
WPR/BTC,1620414550202,2021-05-07T19:09:10.202Z,sell,8.5e-07,31078.0,0.0264163
WPR/BTC,1620414559597,2021-05-07T19:09:19.597Z,sell,8.5e-07,16135.0,0.01371475
WPR/BTC,1620414603302,2021-05-07T19:10:03.302Z,sell,8.5e-07,1642.0,0.0013957
WPR/BTC,1620414634600,2021-05-07T19:10:34.600Z,buy,8.6e-07,20963.0,0.01802818
WPR/BTC,1620414638892,2021-05-07T19:10:38.892Z,buy,8.6e-07,817.0,0.00070262
WPR/BTC,1620414670356,2021-05-07T19:11:10.356Z,buy,8.6e-07,232.0,0.00019952000000000001
WPR/BTC,1620414670357,2021-05-07T19:11:10.357Z,buy,8.6e-07,229.0,0.00019694
WPR/BTC,1620414721846,2021-05-07T19:12:01.846Z,buy,8.6e-07,220.0,0.00018920000000000002
WPR/BTC,1620414738987,2021-05-07T19:12:18.987Z,sell,8.5e-07,162.0,0.0001377
WPR/BTC,1620414851757,2021-05-07T19:14:11.757Z,buy,8.6e-07,1241.0,0.00106726
WPR/BTC,1620414976721,2021-05-07T19:16:16.721Z,buy,8.6e-07,12661.0,0.01088846
WPR/BTC,1620415100971,2021-05-07T19:18:20.971Z,buy,8.6e-07,4818.0,0.00414348
WPR/BTC,1620415213236,2021-05-07T19:20:13.236Z,buy,8.6e-07,3675.0,0.0031605
WPR/BTC,1620415244848,2021-05-07T19:20:44.848Z,buy,8.6e-07,791.0,0.00068026
WPR/BTC,1620415307271,2021-05-07T19:21:47.271Z,buy,8.6e-07,6279.0,0.00539994
WPR/BTC,1620415365140,2021-05-07T19:22:45.140Z,buy,8.6e-07,2032.0,0.00174752
WPR/BTC,1620415412679,2021-05-07T19:23:32.679Z,sell,8.5e-07,233.0,0.00019805000000000002
WPR/BTC,1620415425831,2021-05-07T19:23:45.831Z,sell,8.5e-07,500.0,0.00042500000000000003
WPR/BTC,1620415572044,2021-05-07T19:26:12.044Z,sell,8.5e-07,15073.0,0.01281205
WPR/BTC,1620415644247,2021-05-07T19:27:24.247Z,sell,8.5e-07,300.0,0.000255
WPR/BTC,1620415699780,2021-05-07T19:28:19.780Z,sell,8.5e-07,1398.0,0.0011883
WPR/BTC,1620415700525,2021-05-07T19:28:20.525Z,sell,8.5e-07,435.0,0.00036975
WPR/BTC,1620415703540,2021-05-07T19:28:23.540Z,sell,8.5e-07,4953.0,0.00421005
WPR/BTC,1620415728342,2021-05-07T19:28:48.342Z,buy,8.6e-07,1093.0,0.00093998
WPR/BTC,1620415846977,2021-05-07T19:30:46.977Z,sell,8.5e-07,1140.0,0.000969
WPR/BTC,1620415851454,2021-05-07T19:30:51.454Z,sell,8.5e-07,4995.0,0.00424575
WPR/BTC,1620415921601,2021-05-07T19:32:01.601Z,sell,8.5e-07,200.0,0.00017
WPR/BTC,1620416007102,2021-05-07T19:33:27.102Z,buy,8.6e-07,1254.0,0.00107844
WPR/BTC,1620416022383,2021-05-07T19:33:42.383Z,buy,8.6e-07,279.0,0.00023994
WPR/BTC,1620416234150,2021-05-07T19:37:14.150Z,sell,8.5e-07,177.0,0.00015045
WPR/BTC,1620416244544,2021-05-07T19:37:24.544Z,buy,8.6e-07,579.0,0.00049794
WPR/BTC,1620416323675,2021-05-07T19:38:43.675Z,sell,8.5e-07,1996.0,0.0016966
WPR/BTC,1620416365436,2021-05-07T19:39:25.436Z,buy,8.6e-07,740.0,0.0006364
WPR/BTC,1620416402924,2021-05-07T19:40:02.924Z,sell,8.5e-07,474.0,0.0004029
WPR/BTC,1620416639770,2021-05-07T19:43:59.770Z,buy,8.6e-07,116.0,9.976000000000001e-05
WPR/BTC,1620416664552,2021-05-07T19:44:24.552Z,buy,8.6e-07,116.0,9.976000000000001e-05
WPR/BTC,1620416756917,2021-05-07T19:45:56.917Z,sell,8.5e-07,3417.0,0.0029044500000000003
WPR/BTC,1620416828772,2021-05-07T19:47:08.772Z,sell,8.5e-07,10784.0,0.0091664
WPR/BTC,1620416842584,2021-05-07T19:47:22.584Z,sell,8.5e-07,3512.0,0.0029852
WPR/BTC,1620416887643,2021-05-07T19:48:07.643Z,buy,8.6e-07,153.0,0.00013158
WPR/BTC,1620417034312,2021-05-07T19:50:34.312Z,buy,8.6e-07,229.0,0.00019694
WPR/BTC,1620417116301,2021-05-07T19:51:56.301Z,buy,8.6e-07,383.0,0.00032938
WPR/BTC,1620417126101,2021-05-07T19:52:06.101Z,sell,8.5e-07,1534.0,0.0013039
WPR/BTC,1620417238330,2021-05-07T19:53:58.330Z,sell,8.5e-07,479.0,0.00040715
WPR/BTC,1620417297740,2021-05-07T19:54:57.740Z,sell,8.5e-07,473.0,0.00040205
WPR/BTC,1620417297740,2021-05-07T19:54:57.740Z,sell,8.5e-07,473.0,0.00040205
WPR/BTC,1620417389950,2021-05-07T19:56:29.950Z,buy,8.6e-07,15000.0,0.0129
WPR/BTC,1620417416260,2021-05-07T19:56:56.260Z,buy,8.6e-07,283.0,0.00024338000000000002
WPR/BTC,1620417486119,2021-05-07T19:58:06.119Z,buy,8.6e-07,1000.0,0.00086
WPR/BTC,1620417600893,2021-05-07T20:00:00.893Z,sell,8.5e-07,554.0,0.0004709
WPR/BTC,1620417679273,2021-05-07T20:01:19.273Z,sell,8.5e-07,877.0,0.00074545
WPR/BTC,1620417723644,2021-05-07T20:02:03.644Z,sell,8.5e-07,150.0,0.0001275
WPR/BTC,1620417801729,2021-05-07T20:03:21.729Z,sell,8.5e-07,495.0,0.00042075
WPR/BTC,1620417879677,2021-05-07T20:04:39.677Z,sell,8.5e-07,8533.0,0.0072530500000000005
WPR/BTC,1620417884658,2021-05-07T20:04:44.658Z,sell,8.5e-07,168303.0,0.14305755
WPR/BTC,1620417896500,2021-05-07T20:04:56.500Z,sell,8.5e-07,6488.0,0.0055148
WPR/BTC,1620417909252,2021-05-07T20:05:09.252Z,sell,8.5e-07,1622.0,0.0013787
WPR/BTC,1620417926535,2021-05-07T20:05:26.535Z,buy,8.6e-07,2466.0,0.00212076
WPR/BTC,1620418011334,2021-05-07T20:06:51.334Z,sell,8.5e-07,453.0,0.00038505
WPR/BTC,1620418202639,2021-05-07T20:10:02.639Z,sell,8.5e-07,2584.0,0.0021964
WPR/BTC,1620418204663,2021-05-07T20:10:04.663Z,sell,8.5e-07,4000.0,0.0034000000000000002
WPR/BTC,1620418232027,2021-05-07T20:10:32.027Z,buy,8.6e-07,1162.0,0.00099932
WPR/BTC,1620418256909,2021-05-07T20:10:56.909Z,buy,8.6e-07,1166.0,0.0010027600000000001
WPR/BTC,1620418276417,2021-05-07T20:11:16.417Z,sell,8.5e-07,473.0,0.00040205
WPR/BTC,1620418323575,2021-05-07T20:12:03.575Z,buy,8.6e-07,16302.0,0.014019720000000001
WPR/BTC,1620418341353,2021-05-07T20:12:21.353Z,sell,8.5e-07,15085.0,0.01282225
WPR/BTC,1620418401559,2021-05-07T20:13:21.559Z,sell,8.5e-07,233.0,0.00019805000000000002
WPR/BTC,1620418611019,2021-05-07T20:16:51.019Z,sell,8.5e-07,120.0,0.000102
WPR/BTC,1620418669133,2021-05-07T20:17:49.133Z,sell,8.5e-07,600.0,0.00051
WPR/BTC,1620418706220,2021-05-07T20:18:26.220Z,buy,8.6e-07,588.0,0.00050568
WPR/BTC,1620418723516,2021-05-07T20:18:43.516Z,sell,8.5e-07,140.0,0.000119
WPR/BTC,1620418848718,2021-05-07T20:20:48.718Z,sell,8.5e-07,3067.0,0.0026069500000000002
WPR/BTC,1620418896480,2021-05-07T20:21:36.480Z,sell,8.5e-07,3058.0,0.0025993
WPR/BTC,1620418950175,2021-05-07T20:22:30.175Z,buy,8.6e-07,500.0,0.00043
WPR/BTC,1620419059400,2021-05-07T20:24:19.400Z,sell,8.5e-07,11637.0,0.00989145
WPR/BTC,1620419087595,2021-05-07T20:24:47.595Z,buy,8.6e-07,2906.0,0.0024991600000000003
WPR/BTC,1620419088753,2021-05-07T20:24:48.753Z,buy,8.6e-07,1210.0,0.0010406
WPR/BTC,1620419221960,2021-05-07T20:27:01.960Z,buy,8.6e-07,2000.0,0.00172
WPR/BTC,1620419332209,2021-05-07T20:28:52.209Z,buy,8.6e-07,118.0,0.00010148
WPR/BTC,1620419413735,2021-05-07T20:30:13.735Z,sell,8.5e-07,1002.0,0.0008517
WPR/BTC,1620419568760,2021-05-07T20:32:48.760Z,buy,8.6e-07,1398.0,0.00120228
WPR/BTC,1620419713440,2021-05-07T20:35:13.440Z,sell,8.5e-07,2013.0,0.00171105
WPR/BTC,1620419744681,2021-05-07T20:35:44.681Z,sell,8.5e-07,1013.0,0.00086105
WPR/BTC,1620419792621,2021-05-07T20:36:32.621Z,sell,8.5e-07,32003.0,0.02720255
WPR/BTC,1620419856175,2021-05-07T20:37:36.175Z,sell,8.5e-07,2000.0,0.0017000000000000001
WPR/BTC,1620419994666,2021-05-07T20:39:54.666Z,sell,8.5e-07,13579.0,0.011542150000000001
WPR/BTC,1620420243512,2021-05-07T20:44:03.512Z,sell,8.5e-07,1340.0,0.001139
WPR/BTC,1620420280342,2021-05-07T20:44:40.342Z,sell,8.5e-07,4187.0,0.00355895
WPR/BTC,1620420349231,2021-05-07T20:45:49.231Z,sell,8.5e-07,516.0,0.0004386
WPR/BTC,1620420355767,2021-05-07T20:45:55.767Z,sell,8.5e-07,390.0,0.0003315
WPR/BTC,1620420428172,2021-05-07T20:47:08.172Z,sell,8.5e-07,5709.0,0.00485265
WPR/BTC,1620420492167,2021-05-07T20:48:12.167Z,sell,8.5e-07,229.0,0.00019465000000000002
WPR/BTC,1620420500503,2021-05-07T20:48:20.503Z,buy,8.6e-07,229.0,0.00019694
WPR/BTC,1620420721423,2021-05-07T20:52:01.423Z,sell,8.5e-07,35718.0,0.0303603
WPR/BTC,1620420723348,2021-05-07T20:52:03.348Z,sell,8.5e-07,2800.0,0.00238
WPR/BTC,1620420778842,2021-05-07T20:52:58.842Z,sell,8.5e-07,13306.0,0.0113101
WPR/BTC,1620420840260,2021-05-07T20:54:00.260Z,sell,8.5e-07,2161.0,0.0018368500000000001
WPR/BTC,1620420840260,2021-05-07T20:54:00.260Z,sell,8.5e-07,2161.0,0.0018368500000000001
WPR/BTC,1620420915289,2021-05-07T20:55:15.289Z,sell,8.5e-07,1046.0,0.0008891
WPR/BTC,1620420989958,2021-05-07T20:56:29.958Z,buy,8.6e-07,145.0,0.0001247
WPR/BTC,1620421009639,2021-05-07T20:56:49.639Z,buy,8.6e-07,123.0,0.00010578000000000001
WPR/BTC,1620421075663,2021-05-07T20:57:55.663Z,buy,8.6e-07,2313.0,0.00198918
WPR/BTC,1620421102328,2021-05-07T20:58:22.328Z,sell,8.5e-07,21056.0,0.0178976
WPR/BTC,1620421130619,2021-05-07T20:58:50.619Z,buy,8.6e-07,2016.0,0.00173376
WPR/BTC,1620421248043,2021-05-07T21:00:48.043Z,buy,8.6e-07,458.0,0.00039388
WPR/BTC,1620421284417,2021-05-07T21:01:24.417Z,buy,8.6e-07,706.0,0.00060716
WPR/BTC,1620421645528,2021-05-07T21:07:25.528Z,sell,8.5e-07,999.0,0.00084915
WPR/BTC,1620421739800,2021-05-07T21:08:59.800Z,buy,8.6e-07,1530.0,0.0013158
WPR/BTC,1620421845573,2021-05-07T21:10:45.573Z,sell,8.5e-07,229.0,0.00019465000000000002
WPR/BTC,1620421860248,2021-05-07T21:11:00.248Z,sell,8.5e-07,277.0,0.00023545
WPR/BTC,1620421908518,2021-05-07T21:11:48.518Z,sell,8.5e-07,332.0,0.00028220000000000003
WPR/BTC,1620421992733,2021-05-07T21:13:12.733Z,sell,8.5e-07,753.0,0.00064005
WPR/BTC,1620422048147,2021-05-07T21:14:08.147Z,sell,8.5e-07,146454.0,0.1244859
WPR/BTC,1620422081462,2021-05-07T21:14:41.462Z,sell,8.5e-07,816.0,0.0006936
WPR/BTC,1620422110173,2021-05-07T21:15:10.173Z,sell,8.5e-07,119.0,0.00010115
WPR/BTC,1620422198981,2021-05-07T21:16:38.981Z,sell,8.5e-07,322.0,0.0002737
WPR/BTC,1620422377546,2021-05-07T21:19:37.546Z,sell,8.5e-07,4078.0,0.0034663
WPR/BTC,1620422428151,2021-05-07T21:20:28.151Z,sell,8.5e-07,163.0,0.00013855
WPR/BTC,1620422461028,2021-05-07T21:21:01.028Z,sell,8.5e-07,2013.0,0.00171105
WPR/BTC,1620422486993,2021-05-07T21:21:26.993Z,sell,8.5e-07,15031.0,0.01277635
WPR/BTC,1620422490707,2021-05-07T21:21:30.707Z,sell,8.5e-07,4823.0,0.00409955
WPR/BTC,1620422602674,2021-05-07T21:23:22.674Z,buy,8.6e-07,5069.0,0.00435934
WPR/BTC,1620422624949,2021-05-07T21:23:44.949Z,sell,8.5e-07,310.0,0.0002635
WPR/BTC,1620422659473,2021-05-07T21:24:19.473Z,sell,8.5e-07,48302.0,0.0410567
WPR/BTC,1620422672288,2021-05-07T21:24:32.288Z,buy,8.6e-07,11628.0,0.01000008
WPR/BTC,1620422717662,2021-05-07T21:25:17.662Z,sell,8.5e-07,310.0,0.0002635
WPR/BTC,1620422773164,2021-05-07T21:26:13.164Z,sell,8.5e-07,1132.0,0.0009622
WPR/BTC,1620422793826,2021-05-07T21:26:33.826Z,sell,8.5e-07,197.0,0.00016745
WPR/BTC,1620422807762,2021-05-07T21:26:47.762Z,sell,8.5e-07,3061.0,0.00260185
WPR/BTC,1620422814612,2021-05-07T21:26:54.612Z,buy,8.6e-07,625.0,0.0005375
WPR/BTC,1620422918713,2021-05-07T21:28:38.713Z,sell,8.5e-07,1045.0,0.00088825
WPR/BTC,1620422922753,2021-05-07T21:28:42.753Z,sell,8.5e-07,1022.0,0.0008687
WPR/BTC,1620422942956,2021-05-07T21:29:02.956Z,sell,8.5e-07,285.0,0.00024225
WPR/BTC,1620423336133,2021-05-07T21:35:36.133Z,buy,8.6e-07,868.0,0.00074648
WPR/BTC,1620423380604,2021-05-07T21:36:20.604Z,sell,8.5e-07,2500.0,0.002125
WPR/BTC,1620423383321,2021-05-07T21:36:23.321Z,sell,8.5e-07,1875.0,0.0015937500000000001
WPR/BTC,1620423499285,2021-05-07T21:38:19.285Z,buy,8.6e-07,763.0,0.00065618
WPR/BTC,1620423651370,2021-05-07T21:40:51.370Z,sell,8.5e-07,229.0,0.00019465000000000002
WPR/BTC,1620423779382,2021-05-07T21:42:59.382Z,buy,8.6e-07,493.0,0.00042398
WPR/BTC,1620423791600,2021-05-07T21:43:11.600Z,sell,8.5e-07,537.0,0.00045645
WPR/BTC,1620423913687,2021-05-07T21:45:13.687Z,sell,8.5e-07,1244.0,0.0010574
WPR/BTC,1620424011622,2021-05-07T21:46:51.622Z,sell,8.5e-07,6619.0,0.00562615
WPR/BTC,1620424081437,2021-05-07T21:48:01.437Z,sell,8.5e-07,199.0,0.00016915
WPR/BTC,1620424102873,2021-05-07T21:48:22.873Z,buy,8.6e-07,153.0,0.00013158
WPR/BTC,1620424173048,2021-05-07T21:49:33.048Z,buy,8.6e-07,2617.0,0.00225062
WPR/BTC,1620424240200,2021-05-07T21:50:40.200Z,sell,8.5e-07,229.0,0.00019465000000000002
WPR/BTC,1620424380775,2021-05-07T21:53:00.775Z,sell,8.5e-07,27031.0,0.02297635
WPR/BTC,1620424411651,2021-05-07T21:53:31.651Z,sell,8.5e-07,6106.0,0.0051901000000000004
WPR/BTC,1620424411651,2021-05-07T21:53:31.651Z,sell,8.4e-07,111860.0,0.0939624
WPR/BTC,1620424420366,2021-05-07T21:53:40.366Z,sell,8.5e-07,158.0,0.0001343
WPR/BTC,1620424420366,2021-05-07T21:53:40.366Z,sell,8.5e-07,158.0,0.0001343
WPR/BTC,1620424440299,2021-05-07T21:54:00.299Z,sell,8.5e-07,720.0,0.000612
WPR/BTC,1620424474483,2021-05-07T21:54:34.483Z,buy,8.6e-07,596.0,0.00051256
WPR/BTC,1620424516803,2021-05-07T21:55:16.803Z,sell,8.5e-07,263.0,0.00022355
WPR/BTC,1620424919138,2021-05-07T22:01:59.138Z,sell,8.5e-07,206.0,0.0001751
WPR/BTC,1620424960409,2021-05-07T22:02:40.409Z,sell,8.5e-07,1223.0,0.00103955
WPR/BTC,1620424960409,2021-05-07T22:02:40.409Z,sell,8.4e-07,259599.0,0.21806316
WPR/BTC,1620424961129,2021-05-07T22:02:41.129Z,sell,8.5e-07,1285.0,0.0010922500000000001
WPR/BTC,1620425213497,2021-05-07T22:06:53.497Z,sell,8.4e-07,372.0,0.00031248
WPR/BTC,1620425298765,2021-05-07T22:08:18.765Z,sell,8.4e-07,199.0,0.00016716
WPR/BTC,1620425301469,2021-05-07T22:08:21.469Z,sell,8.4e-07,3368.0,0.00282912
WPR/BTC,1620425440266,2021-05-07T22:10:40.266Z,sell,8.4e-07,330602.0,0.27770568
WPR/BTC,1620425458181,2021-05-07T22:10:58.181Z,buy,8.4e-07,1563.0,0.00131292
WPR/BTC,1620425468109,2021-05-07T22:11:08.109Z,buy,8.4e-07,120.0,0.0001008
WPR/BTC,1620425473737,2021-05-07T22:11:13.737Z,sell,8.3e-07,69209.0,0.057443469999999996
WPR/BTC,1620425473737,2021-05-07T22:11:13.737Z,sell,8.3e-07,457.0,0.00037931
WPR/BTC,1620425570152,2021-05-07T22:12:50.152Z,sell,8.3e-07,1833.0,0.00152139
WPR/BTC,1620425739367,2021-05-07T22:15:39.367Z,buy,8.4e-07,6096.0,0.00512064
WPR/BTC,1620425745647,2021-05-07T22:15:45.647Z,buy,8.4e-07,2177.0,0.00182868
WPR/BTC,1620425850896,2021-05-07T22:17:30.896Z,sell,8.3e-07,1116.0,0.00092628
WPR/BTC,1620425853443,2021-05-07T22:17:33.443Z,buy,8.4e-07,8500.0,0.00714
WPR/BTC,1620425882772,2021-05-07T22:18:02.772Z,buy,8.4e-07,3482.0,0.00292488
WPR/BTC,1620425882772,2021-05-07T22:18:02.772Z,buy,8.5e-07,3767.0,0.00320195
WPR/BTC,1620425884420,2021-05-07T22:18:04.420Z,buy,8.5e-07,7059.0,0.00600015
WPR/BTC,1620425884454,2021-05-07T22:18:04.454Z,buy,8.5e-07,7059.0,0.00600015
WPR/BTC,1620425912082,2021-05-07T22:18:32.082Z,buy,8.5e-07,342.0,0.0002907
WPR/BTC,1620425931588,2021-05-07T22:18:51.588Z,buy,8.5e-07,367.0,0.00031195
WPR/BTC,1620425995835,2021-05-07T22:19:55.835Z,sell,8.4e-07,10000.0,0.0084
WPR/BTC,1620426087367,2021-05-07T22:21:27.367Z,sell,8.4e-07,1043.0,0.00087612
WPR/BTC,1620426186957,2021-05-07T22:23:06.957Z,sell,8.4e-07,2294.0,0.00192696
WPR/BTC,1620426277228,2021-05-07T22:24:37.228Z,buy,8.5e-07,61584.0,0.0523464
WPR/BTC,1620426357280,2021-05-07T22:25:57.280Z,sell,8.4e-07,14177.0,0.01190868
WPR/BTC,1620426598853,2021-05-07T22:29:58.853Z,sell,8.4e-07,113306.0,0.09517704
WPR/BTC,1620426598853,2021-05-07T22:29:58.853Z,sell,8.3e-07,5810.0,0.0048223
WPR/BTC,1620426671633,2021-05-07T22:31:11.633Z,buy,8.5e-07,235.0,0.00019975
WPR/BTC,1620426687664,2021-05-07T22:31:27.664Z,buy,8.5e-07,235.0,0.00019975
WPR/BTC,1620426701989,2021-05-07T22:31:41.989Z,sell,8.4e-07,6992.0,0.00587328
WPR/BTC,1620426737598,2021-05-07T22:32:17.598Z,buy,8.4e-07,238.0,0.00019992
WPR/BTC,1620426739741,2021-05-07T22:32:19.741Z,sell,8.3e-07,2518.0,0.00208994
WPR/BTC,1620426859371,2021-05-07T22:34:19.371Z,sell,8.3e-07,6558.0,0.00544314
WPR/BTC,1620426915933,2021-05-07T22:35:15.933Z,buy,8.4e-07,1557.0,0.00130788
WPR/BTC,1620426955856,2021-05-07T22:35:55.856Z,buy,8.4e-07,16226.0,0.01362984
WPR/BTC,1620426984741,2021-05-07T22:36:24.741Z,buy,8.4e-07,312.0,0.00026208
WPR/BTC,1620426996190,2021-05-07T22:36:36.190Z,buy,8.4e-07,312.0,0.00026208
WPR/BTC,1620427009031,2021-05-07T22:36:49.031Z,sell,8.3e-07,738.0,0.00061254
WPR/BTC,1620427044112,2021-05-07T22:37:24.112Z,sell,8.3e-07,282.0,0.00023406
WPR/BTC,1620427085074,2021-05-07T22:38:05.074Z,buy,8.4e-07,1084.0,0.00091056
WPR/BTC,1620427190076,2021-05-07T22:39:50.076Z,buy,8.4e-07,156.0,0.00013104
WPR/BTC,1620427256603,2021-05-07T22:40:56.603Z,sell,8.3e-07,2054.0,0.00170482
WPR/BTC,1620427331070,2021-05-07T22:42:11.070Z,sell,8.3e-07,314.0,0.00026062
WPR/BTC,1620427353931,2021-05-07T22:42:33.931Z,sell,8.3e-07,421.0,0.00034943
WPR/BTC,1620427479435,2021-05-07T22:44:39.435Z,sell,8.3e-07,270.0,0.0002241
WPR/BTC,1620427540836,2021-05-07T22:45:40.836Z,sell,8.3e-07,1469.0,0.00121927
WPR/BTC,1620427604830,2021-05-07T22:46:44.830Z,sell,8.3e-07,116560.0,0.0967448
WPR/BTC,1620427649749,2021-05-07T22:47:29.749Z,sell,8.3e-07,917.0,0.00076111
WPR/BTC,1620427656215,2021-05-07T22:47:36.215Z,sell,8.3e-07,1290.0,0.0010707
WPR/BTC,1620427715000,2021-05-07T22:48:35.000Z,sell,8.3e-07,1175.0,0.00097525
WPR/BTC,1620427854805,2021-05-07T22:50:54.805Z,sell,8.3e-07,1200.0,0.000996
WPR/BTC,1620427854805,2021-05-07T22:50:54.805Z,sell,8.3e-07,1200.0,0.000996
WPR/BTC,1620428049402,2021-05-07T22:54:09.402Z,sell,8.3e-07,520.0,0.0004316
WPR/BTC,1620428073612,2021-05-07T22:54:33.612Z,sell,8.3e-07,802.0,0.00066566
WPR/BTC,1620428186685,2021-05-07T22:56:26.685Z,buy,8.4e-07,210.0,0.0001764
WPR/BTC,1620428191470,2021-05-07T22:56:31.470Z,sell,8.3e-07,6804.0,0.00564732
WPR/BTC,1620428204167,2021-05-07T22:56:44.167Z,sell,8.3e-07,8534.0,0.00708322
WPR/BTC,1620428213649,2021-05-07T22:56:53.649Z,sell,8.3e-07,565.0,0.00046895
WPR/BTC,1620428265104,2021-05-07T22:57:45.104Z,sell,8.3e-07,2314.0,0.00192062
WPR/BTC,1620428366688,2021-05-07T22:59:26.688Z,buy,8.4e-07,300.0,0.000252
WPR/BTC,1620428402115,2021-05-07T23:00:02.115Z,buy,8.4e-07,1042.0,0.00087528
WPR/BTC,1620428417281,2021-05-07T23:00:17.281Z,buy,8.4e-07,4485.0,0.0037674
WPR/BTC,1620428418929,2021-05-07T23:00:18.929Z,sell,8.3e-07,239.0,0.00019836999999999999
WPR/BTC,1620428518837,2021-05-07T23:01:58.837Z,sell,8.3e-07,622.0,0.00051626
WPR/BTC,1620428634087,2021-05-07T23:03:54.087Z,sell,8.3e-07,10000.0,0.0083
WPR/BTC,1620428648707,2021-05-07T23:04:08.707Z,sell,8.3e-07,2272.0,0.00188576
WPR/BTC,1620428834807,2021-05-07T23:07:14.807Z,sell,8.3e-07,4116.0,0.00341628
WPR/BTC,1620428903528,2021-05-07T23:08:23.528Z,buy,8.4e-07,311.0,0.00026124
WPR/BTC,1620429034137,2021-05-07T23:10:34.137Z,sell,8.3e-07,1156.0,0.00095948
WPR/BTC,1620429050856,2021-05-07T23:10:50.856Z,sell,8.3e-07,1212.0,0.00100596
WPR/BTC,1620429080033,2021-05-07T23:11:20.033Z,buy,8.4e-07,119.0,9.996e-05
WPR/BTC,1620429330717,2021-05-07T23:15:30.717Z,buy,8.4e-07,407.0,0.00034188
WPR/BTC,1620429380859,2021-05-07T23:16:20.859Z,sell,8.3e-07,804.0,0.00066732
WPR/BTC,1620429484000,2021-05-07T23:18:04.000Z,sell,8.3e-07,458.0,0.00038014
WPR/BTC,1620429633249,2021-05-07T23:20:33.249Z,sell,8.3e-07,800.0,0.000664
WPR/BTC,1620429643850,2021-05-07T23:20:43.850Z,buy,8.4e-07,3308.0,0.00277872
WPR/BTC,1620429729890,2021-05-07T23:22:09.890Z,buy,8.4e-07,4761.0,0.00399924
WPR/BTC,1620429747941,2021-05-07T23:22:27.941Z,sell,8.3e-07,1474.0,0.00122342
WPR/BTC,1620429819864,2021-05-07T23:23:39.864Z,sell,8.3e-07,2979.0,0.00247257
WPR/BTC,1620429847153,2021-05-07T23:24:07.153Z,sell,8.3e-07,999.0,0.00082917
WPR/BTC,1620429866792,2021-05-07T23:24:26.792Z,buy,8.4e-07,10000.0,0.0084
WPR/BTC,1620429886875,2021-05-07T23:24:46.875Z,buy,8.4e-07,600.0,0.000504
WPR/BTC,1620430051615,2021-05-07T23:27:31.615Z,sell,8.3e-07,917.0,0.00076111
WPR/BTC,1620430541644,2021-05-07T23:35:41.644Z,sell,8.3e-07,200.0,0.000166
WPR/BTC,1620430645105,2021-05-07T23:37:25.105Z,buy,8.4e-07,131.0,0.00011004
WPR/BTC,1620430783550,2021-05-07T23:39:43.550Z,sell,8.3e-07,1115.0,0.00092545
WPR/BTC,1620430969021,2021-05-07T23:42:49.021Z,sell,8.3e-07,120000.0,0.0996
WPR/BTC,1620431094341,2021-05-07T23:44:54.341Z,sell,8.3e-07,22000.0,0.01826
WPR/BTC,1620431101922,2021-05-07T23:45:01.922Z,sell,8.3e-07,220.0,0.0001826
WPR/BTC,1620431268899,2021-05-07T23:47:48.899Z,sell,8.3e-07,1666.0,0.00138278
WPR/BTC,1620431271567,2021-05-07T23:47:51.567Z,sell,8.3e-07,235.0,0.00019505
WPR/BTC,1620431344922,2021-05-07T23:49:04.922Z,buy,8.4e-07,3131.0,0.00263004
WPR/BTC,1620431345227,2021-05-07T23:49:05.227Z,buy,8.4e-07,3131.0,0.00263004
WPR/BTC,1620431345431,2021-05-07T23:49:05.431Z,buy,8.4e-07,3131.0,0.00263004
WPR/BTC,1620431444149,2021-05-07T23:50:44.149Z,buy,8.4e-07,33742.0,0.02834328
WPR/BTC,1620431449150,2021-05-07T23:50:49.150Z,buy,8.4e-07,4073.0,0.00342132
WPR/BTC,1620431449150,2021-05-07T23:50:49.150Z,buy,8.4e-07,4073.0,0.00342132
WPR/BTC,1620431534108,2021-05-07T23:52:14.108Z,buy,8.4e-07,1500.0,0.00126
WPR/BTC,1620431539492,2021-05-07T23:52:19.492Z,buy,8.4e-07,814.0,0.00068376
WPR/BTC,1620431540889,2021-05-07T23:52:20.889Z,buy,8.4e-07,8580.0,0.0072072
WPR/BTC,1620431545136,2021-05-07T23:52:25.136Z,buy,8.4e-07,500.0,0.00042
WPR/BTC,1620431580289,2021-05-07T23:53:00.289Z,buy,8.4e-07,752.0,0.00063168
WPR/BTC,1620431657264,2021-05-07T23:54:17.264Z,buy,8.4e-07,145.0,0.0001218
WPR/BTC,1620431711638,2021-05-07T23:55:11.638Z,buy,8.4e-07,264.0,0.00022176
WPR/BTC,1620431713674,2021-05-07T23:55:13.674Z,buy,8.4e-07,990.0,0.0008316
WPR/BTC,1620431733661,2021-05-07T23:55:33.661Z,buy,8.4e-07,14436.0,0.01212624
WPR/BTC,1620431828464,2021-05-07T23:57:08.464Z,buy,8.4e-07,466.0,0.00039144
WPR/BTC,1620431857699,2021-05-07T23:57:37.699Z,buy,8.4e-07,3139.0,0.00263676
WPR/BTC,1620431933562,2021-05-07T23:58:53.562Z,buy,8.4e-07,670.0,0.0005628
WPR/BTC,1620431956870,2021-05-07T23:59:16.870Z,buy,8.4e-07,130.0,0.0001092
WPR/BTC,1620431963275,2021-05-07T23:59:23.275Z,sell,8.3e-07,158.0,0.00013114
WPR/BTC,1620432006225,2021-05-08T00:00:06.225Z,buy,8.4e-07,452.0,0.00037968
WPR/BTC,1620432335245,2021-05-08T00:05:35.245Z,buy,8.4e-07,147.0,0.00012348
WPR/BTC,1620432427992,2021-05-08T00:07:07.992Z,sell,8.3e-07,631.0,0.00052373
WPR/BTC,1620432440709,2021-05-08T00:07:20.709Z,buy,8.4e-07,1936.0,0.00162624
WPR/BTC,1620432529610,2021-05-08T00:08:49.610Z,sell,8.3e-07,393.0,0.00032619
WPR/BTC,1620432596589,2021-05-08T00:09:56.589Z,buy,8.4e-07,157.0,0.00013188
WPR/BTC,1620432607576,2021-05-08T00:10:07.576Z,sell,8.3e-07,403.0,0.00033449
WPR/BTC,1620432681909,2021-05-08T00:11:21.909Z,sell,8.3e-07,400.0,0.000332
WPR/BTC,1620432705828,2021-05-08T00:11:45.828Z,buy,8.4e-07,6085.0,0.0051114
WPR/BTC,1620432873232,2021-05-08T00:14:33.232Z,buy,8.4e-07,2074.0,0.00174216
WPR/BTC,1620433040550,2021-05-08T00:17:20.550Z,sell,8.3e-07,20000.0,0.0166
WPR/BTC,1620433105535,2021-05-08T00:18:25.535Z,sell,8.3e-07,3601.0,0.00298883
WPR/BTC,1620433204048,2021-05-08T00:20:04.048Z,sell,8.3e-07,1998.0,0.00165834
WPR/BTC,1620433494460,2021-05-08T00:24:54.460Z,buy,8.4e-07,862.0,0.00072408
WPR/BTC,1620433621536,2021-05-08T00:27:01.536Z,buy,8.4e-07,25927.0,0.02177868
WPR/BTC,1620433677410,2021-05-08T00:27:57.410Z,sell,8.3e-07,214.0,0.00017762
WPR/BTC,1620433816179,2021-05-08T00:30:16.179Z,sell,8.3e-07,417.0,0.00034611
WPR/BTC,1620433856798,2021-05-08T00:30:56.798Z,buy,8.4e-07,16790.0,0.0141036
WPR/BTC,1620433900597,2021-05-08T00:31:40.597Z,buy,8.4e-07,1970.0,0.0016548
WPR/BTC,1620433918937,2021-05-08T00:31:58.937Z,sell,8.3e-07,1369.0,0.00113627
WPR/BTC,1620434020257,2021-05-08T00:33:40.257Z,sell,8.3e-07,338.0,0.00028054
WPR/BTC,1620434180906,2021-05-08T00:36:20.906Z,sell,8.3e-07,4346.0,0.0036071799999999998
WPR/BTC,1620434432940,2021-05-08T00:40:32.940Z,buy,8.4e-07,37270.0,0.0313068
WPR/BTC,1620434439981,2021-05-08T00:40:39.981Z,buy,8.4e-07,4860.0,0.0040824
WPR/BTC,1620434652630,2021-05-08T00:44:12.630Z,sell,8.3e-07,1856.0,0.0015404799999999999
WPR/BTC,1620434705642,2021-05-08T00:45:05.642Z,sell,8.3e-07,231.0,0.00019173
WPR/BTC,1620434789324,2021-05-08T00:46:29.324Z,sell,8.3e-07,264.0,0.00021912
WPR/BTC,1620434920216,2021-05-08T00:48:40.216Z,buy,8.4e-07,7827.0,0.00657468
WPR/BTC,1620434920216,2021-05-08T00:48:40.216Z,buy,8.4e-07,7827.0,0.00657468
WPR/BTC,1620435429491,2021-05-08T00:57:09.491Z,sell,8.3e-07,500.0,0.000415
WPR/BTC,1620435517887,2021-05-08T00:58:37.887Z,sell,8.3e-07,19825.0,0.01645475
WPR/BTC,1620435556535,2021-05-08T00:59:16.535Z,buy,8.4e-07,239.0,0.00020076
WPR/BTC,1620435621284,2021-05-08T01:00:21.284Z,buy,8.4e-07,239.0,0.00020076
WPR/BTC,1620435723628,2021-05-08T01:02:03.628Z,buy,8.4e-07,1000.0,0.00084
WPR/BTC,1620435758749,2021-05-08T01:02:38.749Z,buy,8.4e-07,1043.0,0.00087612
WPR/BTC,1620435837073,2021-05-08T01:03:57.073Z,sell,8.3e-07,5625.0,0.00466875
WPR/BTC,1620435880322,2021-05-08T01:04:40.322Z,sell,8.3e-07,5074.0,0.00421142
WPR/BTC,1620435963809,2021-05-08T01:06:03.809Z,buy,8.4e-07,1119.0,0.00093996
WPR/BTC,1620435995513,2021-05-08T01:06:35.513Z,buy,8.4e-07,710.0,0.0005964
WPR/BTC,1620436003957,2021-05-08T01:06:43.957Z,sell,8.3e-07,1164.0,0.00096612
WPR/BTC,1620436132146,2021-05-08T01:08:52.146Z,buy,8.4e-07,210.0,0.0001764
WPR/BTC,1620436181174,2021-05-08T01:09:41.174Z,buy,8.4e-07,2330.0,0.0019572
WPR/BTC,1620436255519,2021-05-08T01:10:55.519Z,buy,8.4e-07,2003.0,0.00168252
WPR/BTC,1620436260646,2021-05-08T01:11:00.646Z,buy,8.4e-07,200.0,0.000168
WPR/BTC,1620436303890,2021-05-08T01:11:43.890Z,buy,8.4e-07,1093.0,0.00091812
WPR/BTC,1620436554612,2021-05-08T01:15:54.612Z,buy,8.4e-07,10080.0,0.0084672
WPR/BTC,1620436585534,2021-05-08T01:16:25.534Z,buy,8.4e-07,5600.0,0.004704
WPR/BTC,1620436628658,2021-05-08T01:17:08.658Z,sell,8.3e-07,1920.0,0.0015936
WPR/BTC,1620436628872,2021-05-08T01:17:08.872Z,buy,8.4e-07,3798.0,0.00319032
WPR/BTC,1620436853885,2021-05-08T01:20:53.885Z,buy,8.4e-07,5180.0,0.0043512
WPR/BTC,1620436935522,2021-05-08T01:22:15.522Z,sell,8.3e-07,834.0,0.00069222
WPR/BTC,1620436949193,2021-05-08T01:22:29.193Z,buy,8.4e-07,419.0,0.00035196
WPR/BTC,1620437008760,2021-05-08T01:23:28.760Z,buy,8.4e-07,26876.0,0.02257584
WPR/BTC,1620437016031,2021-05-08T01:23:36.031Z,buy,8.4e-07,419.0,0.00035196
WPR/BTC,1620437099938,2021-05-08T01:24:59.938Z,buy,8.4e-07,8910.0,0.0074844
WPR/BTC,1620437192581,2021-05-08T01:26:32.581Z,buy,8.4e-07,3607.0,0.00302988
WPR/BTC,1620437513505,2021-05-08T01:31:53.505Z,buy,8.4e-07,7577.0,0.00636468
WPR/BTC,1620437625894,2021-05-08T01:33:45.894Z,sell,8.3e-07,5000.0,0.00415
WPR/BTC,1620437627566,2021-05-08T01:33:47.566Z,buy,8.4e-07,5172.0,0.00434448
WPR/BTC,1620437643328,2021-05-08T01:34:03.328Z,buy,8.4e-07,175.0,0.000147
WPR/BTC,1620437726102,2021-05-08T01:35:26.102Z,sell,8.3e-07,1192.0,0.00098936
WPR/BTC,1620437744241,2021-05-08T01:35:44.241Z,buy,8.4e-07,2045.0,0.0017178
WPR/BTC,1620437759377,2021-05-08T01:35:59.377Z,buy,8.4e-07,520.0,0.0004368
WPR/BTC,1620437985449,2021-05-08T01:39:45.449Z,buy,8.4e-07,338.0,0.00028392
WPR/BTC,1620437991557,2021-05-08T01:39:51.557Z,buy,8.4e-07,120.0,0.0001008
WPR/BTC,1620438010122,2021-05-08T01:40:10.122Z,buy,8.4e-07,130.0,0.0001092
WPR/BTC,1620438151165,2021-05-08T01:42:31.165Z,sell,8.3e-07,260.0,0.0002158
WPR/BTC,1620438181818,2021-05-08T01:43:01.818Z,buy,8.4e-07,159.0,0.00013356
WPR/BTC,1620438209782,2021-05-08T01:43:29.782Z,buy,8.4e-07,172.0,0.00014448
WPR/BTC,1620438210019,2021-05-08T01:43:30.019Z,buy,8.4e-07,4000.0,0.00336
WPR/BTC,1620438408033,2021-05-08T01:46:48.033Z,sell,8.3e-07,187.0,0.00015521
WPR/BTC,1620438465989,2021-05-08T01:47:45.989Z,sell,8.3e-07,35247.0,0.02925501
WPR/BTC,1620438485276,2021-05-08T01:48:05.276Z,sell,8.3e-07,549.0,0.00045567
WPR/BTC,1620438496930,2021-05-08T01:48:16.930Z,sell,8.3e-07,2000.0,0.00166
WPR/BTC,1620438496930,2021-05-08T01:48:16.930Z,sell,8.3e-07,2000.0,0.00166
WPR/BTC,1620438572780,2021-05-08T01:49:32.780Z,buy,8.4e-07,800.0,0.000672
WPR/BTC,1620438689540,2021-05-08T01:51:29.540Z,buy,8.4e-07,3500.0,0.00294
WPR/BTC,1620438803012,2021-05-08T01:53:23.012Z,buy,8.4e-07,1679.0,0.00141036
WPR/BTC,1620438803281,2021-05-08T01:53:23.281Z,buy,8.4e-07,2000.0,0.00168
WPR/BTC,1620438803399,2021-05-08T01:53:23.399Z,buy,8.4e-07,2185.0,0.0018354
WPR/BTC,1620438812642,2021-05-08T01:53:32.642Z,buy,8.4e-07,2308.0,0.0019387200000000001
WPR/BTC,1620438812657,2021-05-08T01:53:32.657Z,buy,8.4e-07,1813.0,0.00152292
WPR/BTC,1620438812880,2021-05-08T01:53:32.880Z,buy,8.4e-07,2308.0,0.0019387200000000001
WPR/BTC,1620439210759,2021-05-08T02:00:10.759Z,sell,8.3e-07,345.0,0.00028635
WPR/BTC,1620439325001,2021-05-08T02:02:05.001Z,buy,8.4e-07,124.0,0.00010416
WPR/BTC,1620439402740,2021-05-08T02:03:22.740Z,sell,8.3e-07,560.0,0.0004648
WPR/BTC,1620439535849,2021-05-08T02:05:35.849Z,sell,8.3e-07,553.0,0.00045899
WPR/BTC,1620439588393,2021-05-08T02:06:28.393Z,buy,8.4e-07,51696.0,0.04342464
WPR/BTC,1620439741077,2021-05-08T02:09:01.077Z,buy,8.4e-07,157.0,0.00013188
WPR/BTC,1620439763793,2021-05-08T02:09:23.793Z,buy,8.4e-07,157.0,0.00013188
WPR/BTC,1620439769041,2021-05-08T02:09:29.041Z,buy,8.4e-07,53232.0,0.04471488
WPR/BTC,1620439781284,2021-05-08T02:09:41.284Z,sell,8.4e-07,548.0,0.00046032
WPR/BTC,1620439979352,2021-05-08T02:12:59.352Z,buy,8.5e-07,331.0,0.00028135
WPR/BTC,1620440114396,2021-05-08T02:15:14.396Z,sell,8.4e-07,700.0,0.000588
WPR/BTC,1620440119344,2021-05-08T02:15:19.344Z,sell,8.4e-07,1219.0,0.00102396
WPR/BTC,1620440119344,2021-05-08T02:15:19.344Z,sell,8.3e-07,9985.0,0.00828755
WPR/BTC,1620440120840,2021-05-08T02:15:20.840Z,buy,8.4e-07,2351.0,0.00197484
WPR/BTC,1620440120879,2021-05-08T02:15:20.879Z,buy,8.4e-07,3000.0,0.00252
WPR/BTC,1620440442660,2021-05-08T02:20:42.660Z,sell,8.3e-07,7139.0,0.00592537
WPR/BTC,1620440447989,2021-05-08T02:20:47.989Z,sell,8.3e-07,6969.0,0.00578427
WPR/BTC,1620440496993,2021-05-08T02:21:36.993Z,sell,8.3e-07,49584.0,0.04115472
WPR/BTC,1620440517803,2021-05-08T02:21:57.803Z,buy,8.4e-07,309.0,0.00025956
WPR/BTC,1620440570128,2021-05-08T02:22:50.128Z,buy,8.4e-07,1832.0,0.00153888
WPR/BTC,1620440743922,2021-05-08T02:25:43.922Z,buy,8.4e-07,9586.0,0.00805224
WPR/BTC,1620440797219,2021-05-08T02:26:37.219Z,sell,8.3e-07,6952.0,0.00577016
WPR/BTC,1620440849956,2021-05-08T02:27:29.956Z,buy,8.4e-07,1290.0,0.0010836
WPR/BTC,1620441040230,2021-05-08T02:30:40.230Z,buy,8.4e-07,376.0,0.00031584
WPR/BTC,1620441099737,2021-05-08T02:31:39.737Z,sell,8.4e-07,203.0,0.00017052000000000001
WPR/BTC,1620441290218,2021-05-08T02:34:50.218Z,sell,8.4e-07,550.0,0.000462
WPR/BTC,1620441321025,2021-05-08T02:35:21.025Z,sell,8.4e-07,913.0,0.00076692
WPR/BTC,1620441332043,2021-05-08T02:35:32.043Z,sell,8.4e-07,31672.0,0.02660448
WPR/BTC,1620441469361,2021-05-08T02:37:49.361Z,sell,8.4e-07,1993.0,0.00167412
WPR/BTC,1620441502731,2021-05-08T02:38:22.731Z,buy,8.5e-07,2921.0,0.00248285
WPR/BTC,1620441673818,2021-05-08T02:41:13.818Z,buy,8.5e-07,174.0,0.0001479
WPR/BTC,1620441873057,2021-05-08T02:44:33.057Z,sell,8.4e-07,2092.0,0.00175728
WPR/BTC,1620441923641,2021-05-08T02:45:23.641Z,sell,8.4e-07,1047.0,0.00087948
WPR/BTC,1620441986605,2021-05-08T02:46:26.605Z,buy,8.4e-07,294.0,0.00024696
WPR/BTC,1620442011453,2021-05-08T02:46:51.453Z,sell,8.3e-07,8236.0,0.00683588
WPR/BTC,1620442011453,2021-05-08T02:46:51.453Z,sell,8.3e-07,8236.0,0.00683588
WPR/BTC,1620442108992,2021-05-08T02:48:28.992Z,buy,8.4e-07,3303.0,0.00277452
WPR/BTC,1620442115635,2021-05-08T02:48:35.635Z,sell,8.3e-07,340.0,0.0002822
WPR/BTC,1620442182022,2021-05-08T02:49:42.022Z,sell,8.3e-07,5434.0,0.00451022
WPR/BTC,1620442223916,2021-05-08T02:50:23.916Z,buy,8.4e-07,2482.0,0.00208488
WPR/BTC,1620442253297,2021-05-08T02:50:53.297Z,buy,8.4e-07,516.0,0.00043344
WPR/BTC,1620442391454,2021-05-08T02:53:11.454Z,sell,8.3e-07,297.0,0.00024651
WPR/BTC,1620442472665,2021-05-08T02:54:32.665Z,buy,8.4e-07,2503.0,0.00210252
WPR/BTC,1620442669745,2021-05-08T02:57:49.745Z,sell,8.3e-07,3165.0,0.00262695
WPR/BTC,1620442728123,2021-05-08T02:58:48.123Z,buy,8.4e-07,595.0,0.0004998
WPR/BTC,1620442782581,2021-05-08T02:59:42.581Z,sell,8.3e-07,6369.0,0.00528627
WPR/BTC,1620443026805,2021-05-08T03:03:46.805Z,sell,8.3e-07,2503.0,0.00207749
WPR/BTC,1620443175178,2021-05-08T03:06:15.178Z,sell,8.3e-07,19644.0,0.01630452
WPR/BTC,1620443185557,2021-05-08T03:06:25.557Z,buy,8.4e-07,586.0,0.00049224
WPR/BTC,1620443219891,2021-05-08T03:06:59.891Z,buy,8.4e-07,3394.0,0.00285096
WPR/BTC,1620443357911,2021-05-08T03:09:17.911Z,sell,8.3e-07,2308.0,0.00191564
WPR/BTC,1620443489553,2021-05-08T03:11:29.553Z,sell,8.3e-07,1634.0,0.00135622
WPR/BTC,1620443511302,2021-05-08T03:11:51.302Z,buy,8.4e-07,16652.0,0.01398768
WPR/BTC,1620443511369,2021-05-08T03:11:51.369Z,buy,8.4e-07,3022.0,0.00253848
WPR/BTC,1620443526990,2021-05-08T03:12:06.990Z,sell,8.3e-07,9574.0,0.00794642
WPR/BTC,1620443633849,2021-05-08T03:13:53.849Z,buy,8.4e-07,523.0,0.00043932
WPR/BTC,1620443643237,2021-05-08T03:14:03.237Z,sell,8.3e-07,1821.0,0.00151143
WPR/BTC,1620443767358,2021-05-08T03:16:07.358Z,sell,8.3e-07,129.0,0.00010707
WPR/BTC,1620443836085,2021-05-08T03:17:16.085Z,sell,8.3e-07,50287.0,0.04173821
WPR/BTC,1620443939387,2021-05-08T03:18:59.387Z,buy,8.4e-07,1700.0,0.001428
WPR/BTC,1620443956478,2021-05-08T03:19:16.478Z,buy,8.4e-07,37168.0,0.03122112
WPR/BTC,1620444010565,2021-05-08T03:20:10.565Z,buy,8.4e-07,500.0,0.00042
WPR/BTC,1620444129682,2021-05-08T03:22:09.682Z,sell,8.3e-07,167.0,0.00013861
WPR/BTC,1620444276187,2021-05-08T03:24:36.187Z,sell,8.3e-07,595.0,0.00049385
WPR/BTC,1620444317353,2021-05-08T03:25:17.353Z,sell,8.3e-07,267.0,0.00022161
WPR/BTC,1620444462451,2021-05-08T03:27:42.451Z,sell,8.3e-07,4690.0,0.0038927
WPR/BTC,1620444615088,2021-05-08T03:30:15.088Z,buy,8.4e-07,774.0,0.00065016
WPR/BTC,1620444933653,2021-05-08T03:35:33.653Z,buy,8.4e-07,8693.0,0.00730212
WPR/BTC,1620445014100,2021-05-08T03:36:54.100Z,buy,8.4e-07,801.0,0.00067284
WPR/BTC,1620445221270,2021-05-08T03:40:21.270Z,sell,8.3e-07,2738.0,0.00227254
WPR/BTC,1620445232084,2021-05-08T03:40:32.084Z,buy,8.4e-07,166.0,0.00013944
WPR/BTC,1620445423956,2021-05-08T03:43:43.956Z,buy,8.4e-07,500.0,0.00042
WPR/BTC,1620445456387,2021-05-08T03:44:16.387Z,buy,8.4e-07,7761.0,0.00651924
WPR/BTC,1620445456387,2021-05-08T03:44:16.387Z,buy,8.4e-07,7761.0,0.00651924
WPR/BTC,1620445667384,2021-05-08T03:47:47.384Z,buy,8.4e-07,1338.0,0.00112392
WPR/BTC,1620445818406,2021-05-08T03:50:18.406Z,sell,8.3e-07,10000.0,0.0083
WPR/BTC,1620445908081,2021-05-08T03:51:48.081Z,sell,8.3e-07,8646.0,0.00717618
WPR/BTC,1620446037190,2021-05-08T03:53:57.190Z,sell,8.3e-07,299.0,0.00024817
WPR/BTC,1620446204389,2021-05-08T03:56:44.389Z,sell,8.3e-07,2000.0,0.00166
WPR/BTC,1620446304571,2021-05-08T03:58:24.571Z,buy,8.4e-07,16409.0,0.01378356
WPR/BTC,1620446323312,2021-05-08T03:58:43.312Z,sell,8.3e-07,517.0,0.00042911
WPR/BTC,1620446431573,2021-05-08T04:00:31.573Z,sell,8.3e-07,8182.0,0.00679106
WPR/BTC,1620446507498,2021-05-08T04:01:47.498Z,buy,8.4e-07,28067.0,0.02357628
WPR/BTC,1620446528924,2021-05-08T04:02:08.924Z,sell,8.4e-07,3614.0,0.00303576
WPR/BTC,1620446531151,2021-05-08T04:02:11.151Z,buy,8.4e-07,1166.0,0.00097944
WPR/BTC,1620446535826,2021-05-08T04:02:15.826Z,sell,8.3e-07,223.0,0.00018509
WPR/BTC,1620446641677,2021-05-08T04:04:01.677Z,buy,8.4e-07,13929.0,0.01170036
WPR/BTC,1620446760080,2021-05-08T04:06:00.080Z,buy,8.5e-07,3215.0,0.00273275
WPR/BTC,1620446782787,2021-05-08T04:06:22.787Z,buy,8.5e-07,1197.0,0.00101745
WPR/BTC,1620446937034,2021-05-08T04:08:57.034Z,buy,8.5e-07,588.0,0.0004998
WPR/BTC,1620447014696,2021-05-08T04:10:14.696Z,sell,8.4e-07,700.0,0.000588
WPR/BTC,1620447027154,2021-05-08T04:10:27.154Z,sell,8.4e-07,2378.0,0.00199752
WPR/BTC,1620447031810,2021-05-08T04:10:31.810Z,sell,8.4e-07,21997.0,0.01847748
WPR/BTC,1620447253509,2021-05-08T04:14:13.509Z,sell,8.4e-07,505.0,0.0004242
WPR/BTC,1620447294035,2021-05-08T04:14:54.035Z,sell,8.4e-07,686.0,0.00057624
WPR/BTC,1620447305329,2021-05-08T04:15:05.329Z,sell,8.4e-07,3920.0,0.0032928
WPR/BTC,1620447311694,2021-05-08T04:15:11.694Z,buy,8.5e-07,911.0,0.00077435
WPR/BTC,1620447315758,2021-05-08T04:15:15.758Z,buy,8.5e-07,764.0,0.0006494000000000001
WPR/BTC,1620447646142,2021-05-08T04:20:46.142Z,sell,8.4e-07,1289.0,0.00108276
WPR/BTC,1620447773441,2021-05-08T04:22:53.441Z,sell,8.4e-07,53689.0,0.04509876
WPR/BTC,1620447995659,2021-05-08T04:26:35.659Z,sell,8.4e-07,218.0,0.00018312
WPR/BTC,1620448052371,2021-05-08T04:27:32.371Z,sell,8.4e-07,104925.0,0.08813700000000001
WPR/BTC,1620448079770,2021-05-08T04:27:59.770Z,buy,8.5e-07,7458.0,0.0063393
WPR/BTC,1620448532040,2021-05-08T04:35:32.040Z,buy,8.5e-07,153.0,0.00013005
WPR/BTC,1620448557475,2021-05-08T04:35:57.475Z,sell,8.4e-07,823.0,0.00069132
WPR/BTC,1620448566854,2021-05-08T04:36:06.854Z,sell,8.4e-07,510.0,0.0004284
WPR/BTC,1620448673413,2021-05-08T04:37:53.413Z,sell,8.4e-07,758.0,0.00063672
WPR/BTC,1620448677376,2021-05-08T04:37:57.376Z,sell,8.4e-07,10000.0,0.0084
WPR/BTC,1620448907214,2021-05-08T04:41:47.214Z,sell,8.4e-07,400.0,0.000336
WPR/BTC,1620448952056,2021-05-08T04:42:32.056Z,sell,8.4e-07,626.0,0.00052584
WPR/BTC,1620448952056,2021-05-08T04:42:32.056Z,sell,8.4e-07,626.0,0.00052584
WPR/BTC,1620449194579,2021-05-08T04:46:34.579Z,sell,8.4e-07,800.0,0.000672
WPR/BTC,1620449299488,2021-05-08T04:48:19.488Z,sell,8.4e-07,1081.0,0.00090804
WPR/BTC,1620449441202,2021-05-08T04:50:41.202Z,sell,8.4e-07,2034.0,0.00170856
WPR/BTC,1620449450950,2021-05-08T04:50:50.950Z,sell,8.4e-07,486.0,0.00040824
WPR/BTC,1620449647754,2021-05-08T04:54:07.754Z,sell,8.4e-07,235.0,0.0001974
WPR/BTC,1620449710582,2021-05-08T04:55:10.582Z,sell,8.4e-07,439.0,0.00036876
WPR/BTC,1620449775261,2021-05-08T04:56:15.261Z,buy,8.5e-07,180.0,0.000153
WPR/BTC,1620449862709,2021-05-08T04:57:42.709Z,sell,8.4e-07,329.0,0.00027636
WPR/BTC,1620449911437,2021-05-08T04:58:31.437Z,sell,8.4e-07,3725.0,0.003129
WPR/BTC,1620449977107,2021-05-08T04:59:37.107Z,buy,8.5e-07,3554.0,0.0030209
WPR/BTC,1620450234210,2021-05-08T05:03:54.210Z,buy,8.5e-07,119.0,0.00010115
WPR/BTC,1620450262480,2021-05-08T05:04:22.480Z,buy,8.5e-07,823.0,0.0006995500000000001
WPR/BTC,1620450272773,2021-05-08T05:04:32.773Z,buy,8.5e-07,1882.0,0.0015997000000000001
WPR/BTC,1620450348309,2021-05-08T05:05:48.309Z,buy,8.5e-07,4829.0,0.0041046500000000005
WPR/BTC,1620450522357,2021-05-08T05:08:42.357Z,buy,8.5e-07,283.0,0.00024055
WPR/BTC,1620450539441,2021-05-08T05:08:59.441Z,buy,8.5e-07,152.0,0.0001292
WPR/BTC,1620450579021,2021-05-08T05:09:39.021Z,sell,8.4e-07,3621.0,0.00304164
WPR/BTC,1620450594095,2021-05-08T05:09:54.095Z,buy,8.5e-07,3995.0,0.00339575
WPR/BTC,1620450780442,2021-05-08T05:13:00.442Z,sell,8.4e-07,1317.0,0.00110628
WPR/BTC,1620450842889,2021-05-08T05:14:02.889Z,buy,8.5e-07,119047.0,0.10118995
WPR/BTC,1620451088401,2021-05-08T05:18:08.401Z,buy,8.5e-07,6871.0,0.00584035
WPR/BTC,1620451108784,2021-05-08T05:18:28.784Z,buy,8.5e-07,247.0,0.00020995
WPR/BTC,1620451172503,2021-05-08T05:19:32.503Z,sell,8.4e-07,2460.0,0.0020664
WPR/BTC,1620451277485,2021-05-08T05:21:17.485Z,sell,8.4e-07,1577.0,0.00132468
WPR/BTC,1620451294583,2021-05-08T05:21:34.583Z,sell,8.4e-07,124.0,0.00010416
WPR/BTC,1620451334802,2021-05-08T05:22:14.802Z,sell,8.4e-07,7469.0,0.00627396
WPR/BTC,1620451785072,2021-05-08T05:29:45.072Z,buy,8.5e-07,768.0,0.0006528
WPR/BTC,1620451864284,2021-05-08T05:31:04.284Z,sell,8.4e-07,211.0,0.00017724
WPR/BTC,1620451953138,2021-05-08T05:32:33.138Z,buy,8.5e-07,400.0,0.00034
WPR/BTC,1620452048793,2021-05-08T05:34:08.793Z,sell,8.4e-07,564.0,0.00047376
WPR/BTC,1620452438849,2021-05-08T05:40:38.849Z,sell,8.4e-07,2958.0,0.00248472
WPR/BTC,1620452530795,2021-05-08T05:42:10.795Z,buy,8.5e-07,768.0,0.0006528
WPR/BTC,1620452545472,2021-05-08T05:42:25.472Z,buy,8.5e-07,1840.0,0.001564
WPR/BTC,1620452545472,2021-05-08T05:42:25.472Z,buy,8.5e-07,1840.0,0.001564
WPR/BTC,1620452645821,2021-05-08T05:44:05.821Z,buy,8.5e-07,243.0,0.00020655
WPR/BTC,1620452837244,2021-05-08T05:47:17.244Z,sell,8.4e-07,1114.0,0.00093576
WPR/BTC,1620453010926,2021-05-08T05:50:10.926Z,sell,8.4e-07,2055.0,0.0017262
WPR/BTC,1620453184450,2021-05-08T05:53:04.450Z,sell,8.4e-07,156.0,0.00013104
WPR/BTC,1620453214352,2021-05-08T05:53:34.352Z,buy,8.5e-07,20302.0,0.0172567
WPR/BTC,1620453309001,2021-05-08T05:55:09.001Z,sell,8.4e-07,330.0,0.0002772
WPR/BTC,1620453320977,2021-05-08T05:55:20.977Z,sell,8.4e-07,5000.0,0.0042
WPR/BTC,1620453498511,2021-05-08T05:58:18.511Z,sell,8.4e-07,1001.0,0.00084084
WPR/BTC,1620453503804,2021-05-08T05:58:23.804Z,sell,8.4e-07,645.0,0.0005418
WPR/BTC,1620453624438,2021-05-08T06:00:24.438Z,sell,8.4e-07,1596.0,0.00134064
WPR/BTC,1620453973616,2021-05-08T06:06:13.616Z,sell,8.4e-07,385.0,0.0003234
WPR/BTC,1620454158531,2021-05-08T06:09:18.531Z,buy,8.5e-07,171.0,0.00014535
WPR/BTC,1620454205784,2021-05-08T06:10:05.784Z,buy,8.5e-07,13493.0,0.01146905
WPR/BTC,1620454233711,2021-05-08T06:10:33.711Z,buy,8.5e-07,23612.0,0.0200702
WPR/BTC,1620454251340,2021-05-08T06:10:51.340Z,buy,8.5e-07,25000.0,0.02125
WPR/BTC,1620454482214,2021-05-08T06:14:42.214Z,sell,8.4e-07,3441.0,0.00289044
WPR/BTC,1620454592528,2021-05-08T06:16:32.528Z,sell,8.4e-07,5945.0,0.0049938
WPR/BTC,1620454714718,2021-05-08T06:18:34.718Z,sell,8.4e-07,400.0,0.000336
WPR/BTC,1620454803765,2021-05-08T06:20:03.765Z,buy,8.5e-07,12020.0,0.010217
WPR/BTC,1620454893459,2021-05-08T06:21:33.459Z,buy,8.5e-07,155.0,0.00013175
WPR/BTC,1620454943648,2021-05-08T06:22:23.648Z,buy,8.5e-07,9537.0,0.00810645
WPR/BTC,1620455135557,2021-05-08T06:25:35.557Z,buy,8.5e-07,2036.0,0.0017306
WPR/BTC,1620455146747,2021-05-08T06:25:46.747Z,sell,8.4e-07,681.0,0.00057204
WPR/BTC,1620455365272,2021-05-08T06:29:25.272Z,sell,8.4e-07,17566.0,0.01475544
WPR/BTC,1620455378606,2021-05-08T06:29:38.606Z,sell,8.4e-07,982.0,0.0008248800000000001
WPR/BTC,1620455589415,2021-05-08T06:33:09.415Z,sell,8.4e-07,2512.0,0.00211008
WPR/BTC,1620455679424,2021-05-08T06:34:39.424Z,buy,8.5e-07,770.0,0.0006545
WPR/BTC,1620455723849,2021-05-08T06:35:23.849Z,buy,8.5e-07,771.0,0.00065535
WPR/BTC,1620455753768,2021-05-08T06:35:53.768Z,buy,8.5e-07,260.0,0.000221
WPR/BTC,1620455768147,2021-05-08T06:36:08.147Z,buy,8.5e-07,463.0,0.00039355
WPR/BTC,1620455812245,2021-05-08T06:36:52.245Z,buy,8.5e-07,771.0,0.00065535
WPR/BTC,1620456078852,2021-05-08T06:41:18.852Z,sell,8.4e-07,164.0,0.00013776
WPR/BTC,1620456078852,2021-05-08T06:41:18.852Z,sell,8.4e-07,164.0,0.00013776
WPR/BTC,1620456205533,2021-05-08T06:43:25.533Z,buy,8.5e-07,396.0,0.0003366
WPR/BTC,1620456527619,2021-05-08T06:48:47.619Z,sell,8.4e-07,1792.0,0.00150528
WPR/BTC,1620456791085,2021-05-08T06:53:11.085Z,sell,8.4e-07,2700.0,0.002268
WPR/BTC,1620456831139,2021-05-08T06:53:51.139Z,sell,8.4e-07,1003.0,0.00084252
WPR/BTC,1620456939503,2021-05-08T06:55:39.503Z,sell,8.4e-07,8544.0,0.0071769600000000005
WPR/BTC,1620457094247,2021-05-08T06:58:14.247Z,buy,8.5e-07,1173.0,0.00099705
WPR/BTC,1620457124671,2021-05-08T06:58:44.671Z,sell,8.4e-07,432.0,0.00036288
WPR/BTC,1620457225551,2021-05-08T07:00:25.551Z,buy,8.5e-07,2032.0,0.0017272000000000001
WPR/BTC,1620457267780,2021-05-08T07:01:07.780Z,buy,8.5e-07,6995.0,0.0059457500000000005
WPR/BTC,1620457322239,2021-05-08T07:02:02.239Z,sell,8.4e-07,146.0,0.00012264
WPR/BTC,1620457550506,2021-05-08T07:05:50.506Z,sell,8.4e-07,397.0,0.00033348
WPR/BTC,1620457741417,2021-05-08T07:09:01.417Z,buy,8.5e-07,400.0,0.00034
WPR/BTC,1620457749211,2021-05-08T07:09:09.211Z,buy,8.5e-07,1079.0,0.00091715
WPR/BTC,1620457756515,2021-05-08T07:09:16.515Z,sell,8.4e-07,687.0,0.00057708
WPR/BTC,1620458072741,2021-05-08T07:14:32.741Z,sell,8.4e-07,565.0,0.0004746
WPR/BTC,1620458287110,2021-05-08T07:18:07.110Z,sell,8.4e-07,1353.0,0.00113652
WPR/BTC,1620458399360,2021-05-08T07:19:59.360Z,buy,8.5e-07,1188.0,0.0010098
WPR/BTC,1620458432830,2021-05-08T07:20:32.830Z,buy,8.5e-07,22984.0,0.0195364
WPR/BTC,1620458937035,2021-05-08T07:28:57.035Z,sell,8.4e-07,80458.0,0.06758472
WPR/BTC,1620459147387,2021-05-08T07:32:27.387Z,buy,8.5e-07,611.0,0.00051935
WPR/BTC,1620459163676,2021-05-08T07:32:43.676Z,sell,8.4e-07,260.0,0.0002184
WPR/BTC,1620459230086,2021-05-08T07:33:50.086Z,sell,8.4e-07,638.0,0.00053592
WPR/BTC,1620459299835,2021-05-08T07:34:59.835Z,buy,8.5e-07,14275.0,0.01213375
WPR/BTC,1620459321485,2021-05-08T07:35:21.485Z,buy,8.5e-07,143.0,0.00012155
WPR/BTC,1620459347737,2021-05-08T07:35:47.737Z,sell,8.4e-07,227.0,0.00019068
WPR/BTC,1620459387958,2021-05-08T07:36:27.958Z,buy,8.5e-07,588.0,0.0004998
WPR/BTC,1620459391214,2021-05-08T07:36:31.214Z,sell,8.4e-07,4409.0,0.00370356
WPR/BTC,1620459536068,2021-05-08T07:38:56.068Z,buy,8.5e-07,153.0,0.00013005
WPR/BTC,1620459608240,2021-05-08T07:40:08.240Z,buy,8.5e-07,1953.0,0.00166005
WPR/BTC,1620459660325,2021-05-08T07:41:00.325Z,buy,8.5e-07,5000.0,0.00425
WPR/BTC,1620459660325,2021-05-08T07:41:00.325Z,buy,8.5e-07,5000.0,0.00425
WPR/BTC,1620459679691,2021-05-08T07:41:19.691Z,buy,8.5e-07,1954.0,0.0016609
WPR/BTC,1620459770427,2021-05-08T07:42:50.427Z,sell,8.4e-07,3876.0,0.00325584
WPR/BTC,1620459892981,2021-05-08T07:44:52.981Z,sell,8.4e-07,14105.0,0.0118482
WPR/BTC,1620460111823,2021-05-08T07:48:31.823Z,buy,8.5e-07,8017.0,0.0068144500000000005
WPR/BTC,1620460113348,2021-05-08T07:48:33.348Z,buy,8.5e-07,2672.0,0.0022712
WPR/BTC,1620460323120,2021-05-08T07:52:03.120Z,sell,8.4e-07,392.0,0.00032928
WPR/BTC,1620460323253,2021-05-08T07:52:03.253Z,buy,8.5e-07,1003.0,0.00085255
WPR/BTC,1620460332741,2021-05-08T07:52:12.741Z,sell,8.4e-07,1071.0,0.00089964
WPR/BTC,1620460453205,2021-05-08T07:54:13.205Z,buy,8.5e-07,141.0,0.00011985
WPR/BTC,1620460467468,2021-05-08T07:54:27.468Z,buy,8.5e-07,126.0,0.0001071
WPR/BTC,1620460518923,2021-05-08T07:55:18.923Z,buy,8.5e-07,1023.0,0.00086955
WPR/BTC,1620460580340,2021-05-08T07:56:20.340Z,buy,8.5e-07,200.0,0.00017
WPR/BTC,1620460725730,2021-05-08T07:58:45.730Z,buy,8.5e-07,353.0,0.00030005
WPR/BTC,1620460823532,2021-05-08T08:00:23.532Z,buy,8.5e-07,530.0,0.0004505
WPR/BTC,1620460848615,2021-05-08T08:00:48.615Z,buy,8.5e-07,5800.0,0.00493
WPR/BTC,1620461150113,2021-05-08T08:05:50.113Z,sell,8.4e-07,386.0,0.00032424
WPR/BTC,1620461303270,2021-05-08T08:08:23.270Z,buy,8.5e-07,221.0,0.00018785
WPR/BTC,1620461467357,2021-05-08T08:11:07.357Z,buy,8.5e-07,5882.0,0.0049997
WPR/BTC,1620461533389,2021-05-08T08:12:13.389Z,buy,8.5e-07,294.0,0.0002499
WPR/BTC,1620461598907,2021-05-08T08:13:18.907Z,buy,8.5e-07,199.0,0.00016915
WPR/BTC,1620461636011,2021-05-08T08:13:56.011Z,sell,8.4e-07,225.0,0.000189
WPR/BTC,1620461708770,2021-05-08T08:15:08.770Z,sell,8.4e-07,10838.0,0.00910392
WPR/BTC,1620461722323,2021-05-08T08:15:22.323Z,sell,8.4e-07,15320.0,0.0128688
WPR/BTC,1620461798782,2021-05-08T08:16:38.782Z,sell,8.4e-07,3446.0,0.00289464
WPR/BTC,1620461835080,2021-05-08T08:17:15.080Z,buy,8.5e-07,1491.0,0.00126735
WPR/BTC,1620461857901,2021-05-08T08:17:37.901Z,sell,8.4e-07,2622.0,0.00220248
WPR/BTC,1620461964705,2021-05-08T08:19:24.705Z,sell,8.4e-07,1105.0,0.0009282
WPR/BTC,1620461978512,2021-05-08T08:19:38.512Z,buy,8.5e-07,1983.0,0.00168555
WPR/BTC,1620461988248,2021-05-08T08:19:48.248Z,buy,8.5e-07,138.0,0.0001173
WPR/BTC,1620462000063,2021-05-08T08:20:00.063Z,buy,8.5e-07,252.0,0.0002142
WPR/BTC,1620462041551,2021-05-08T08:20:41.551Z,sell,8.4e-07,1058.0,0.00088872
WPR/BTC,1620462262391,2021-05-08T08:24:22.391Z,sell,8.4e-07,1615.0,0.0013566
WPR/BTC,1620462299333,2021-05-08T08:24:59.333Z,buy,8.5e-07,389.0,0.00033065
WPR/BTC,1620462304854,2021-05-08T08:25:04.854Z,buy,8.5e-07,130.0,0.0001105
WPR/BTC,1620462525902,2021-05-08T08:28:45.902Z,sell,8.4e-07,146.0,0.00012264
WPR/BTC,1620462843235,2021-05-08T08:34:03.235Z,sell,8.4e-07,1260.0,0.0010584
WPR/BTC,1620462850562,2021-05-08T08:34:10.562Z,buy,8.5e-07,3978.0,0.0033813
WPR/BTC,1620462945587,2021-05-08T08:35:45.587Z,sell,8.4e-07,1236.0,0.00103824
WPR/BTC,1620462958244,2021-05-08T08:35:58.244Z,buy,8.5e-07,152986.0,0.1300381
WPR/BTC,1620462963423,2021-05-08T08:36:03.423Z,buy,8.5e-07,117.0,9.945e-05
WPR/BTC,1620462968147,2021-05-08T08:36:08.147Z,buy,8.5e-07,1530.0,0.0013005
WPR/BTC,1620463104801,2021-05-08T08:38:24.801Z,sell,8.4e-07,14884.0,0.01250256
WPR/BTC,1620463133340,2021-05-08T08:38:53.340Z,buy,8.5e-07,252.0,0.0002142
WPR/BTC,1620463140634,2021-05-08T08:39:00.634Z,sell,8.4e-07,9352.0,0.00785568
WPR/BTC,1620463143625,2021-05-08T08:39:03.625Z,buy,8.5e-07,5438.0,0.0046223
WPR/BTC,1620463201774,2021-05-08T08:40:01.774Z,buy,8.5e-07,1199.0,0.00101915
WPR/BTC,1620463202544,2021-05-08T08:40:02.544Z,sell,8.4e-07,11629.0,0.00976836
WPR/BTC,1620463202544,2021-05-08T08:40:02.544Z,sell,8.4e-07,11629.0,0.00976836
WPR/BTC,1620463314825,2021-05-08T08:41:54.825Z,sell,8.4e-07,3060.0,0.0025704
WPR/BTC,1620463337870,2021-05-08T08:42:17.870Z,sell,8.4e-07,877.0,0.00073668
WPR/BTC,1620463459429,2021-05-08T08:44:19.429Z,sell,8.4e-07,13209.0,0.01109556
WPR/BTC,1620463499390,2021-05-08T08:44:59.390Z,buy,8.5e-07,120.0,0.000102
WPR/BTC,1620463549107,2021-05-08T08:45:49.107Z,sell,8.4e-07,531.0,0.00044604
WPR/BTC,1620463606506,2021-05-08T08:46:46.506Z,buy,8.5e-07,16722.0,0.014213700000000001
WPR/BTC,1620463621866,2021-05-08T08:47:01.866Z,buy,8.5e-07,3116.0,0.0026486
WPR/BTC,1620463622429,2021-05-08T08:47:02.429Z,sell,8.4e-07,174.0,0.00014616
WPR/BTC,1620463879722,2021-05-08T08:51:19.722Z,sell,8.4e-07,1650.0,0.001386
WPR/BTC,1620463967406,2021-05-08T08:52:47.406Z,buy,8.5e-07,3207.0,0.00272595
WPR/BTC,1620464008632,2021-05-08T08:53:28.632Z,sell,8.4e-07,30645.0,0.0257418
WPR/BTC,1620464087835,2021-05-08T08:54:47.835Z,sell,8.4e-07,1600.0,0.001344
WPR/BTC,1620464130993,2021-05-08T08:55:30.993Z,buy,8.5e-07,250.0,0.00021250000000000002
WPR/BTC,1620464265164,2021-05-08T08:57:45.164Z,sell,8.4e-07,431.0,0.00036204
WPR/BTC,1620464379975,2021-05-08T08:59:39.975Z,buy,8.5e-07,2423.0,0.00205955
WPR/BTC,1620464421911,2021-05-08T09:00:21.911Z,buy,8.5e-07,120.0,0.000102
WPR/BTC,1620464630820,2021-05-08T09:03:50.820Z,buy,8.5e-07,24967.0,0.02122195
WPR/BTC,1620464844622,2021-05-08T09:07:24.622Z,sell,8.4e-07,990.0,0.0008316
WPR/BTC,1620465014527,2021-05-08T09:10:14.527Z,buy,8.5e-07,1500.0,0.001275
WPR/BTC,1620465064851,2021-05-08T09:11:04.851Z,buy,8.5e-07,709.0,0.00060265
WPR/BTC,1620465074953,2021-05-08T09:11:14.953Z,buy,8.5e-07,14600.0,0.012410000000000001
WPR/BTC,1620465161950,2021-05-08T09:12:41.950Z,sell,8.4e-07,6700.0,0.005628
WPR/BTC,1620465305267,2021-05-08T09:15:05.267Z,sell,8.4e-07,22903.0,0.01923852
WPR/BTC,1620465353844,2021-05-08T09:15:53.844Z,buy,8.5e-07,15711.0,0.013354350000000001
WPR/BTC,1620465590679,2021-05-08T09:19:50.679Z,buy,8.5e-07,2008.0,0.0017068
WPR/BTC,1620465658759,2021-05-08T09:20:58.759Z,sell,8.4e-07,8963.0,0.00752892
WPR/BTC,1620465747761,2021-05-08T09:22:27.761Z,sell,8.4e-07,1671.0,0.00140364
WPR/BTC,1620465750147,2021-05-08T09:22:30.147Z,buy,8.5e-07,117.0,9.945e-05
WPR/BTC,1620465800352,2021-05-08T09:23:20.352Z,sell,8.4e-07,281.0,0.00023604
WPR/BTC,1620465891795,2021-05-08T09:24:51.795Z,sell,8.4e-07,5826.0,0.00489384
WPR/BTC,1620465931052,2021-05-08T09:25:31.052Z,sell,8.4e-07,2852.0,0.00239568
WPR/BTC,1620465933017,2021-05-08T09:25:33.017Z,sell,8.4e-07,2637.0,0.00221508
WPR/BTC,1620465980080,2021-05-08T09:26:20.080Z,buy,8.5e-07,3178.0,0.0027013000000000002
WPR/BTC,1620466057230,2021-05-08T09:27:37.230Z,buy,8.5e-07,5742.0,0.0048807
WPR/BTC,1620466057962,2021-05-08T09:27:37.962Z,sell,8.4e-07,12073.0,0.01014132
WPR/BTC,1620466092146,2021-05-08T09:28:12.146Z,buy,8.5e-07,3079.0,0.00261715
WPR/BTC,1620466114392,2021-05-08T09:28:34.392Z,buy,8.5e-07,12902.0,0.0109667
WPR/BTC,1620466117830,2021-05-08T09:28:37.830Z,buy,8.5e-07,118.0,0.0001003
WPR/BTC,1620466123208,2021-05-08T09:28:43.208Z,buy,8.5e-07,16908.0,0.0143718
WPR/BTC,1620466142465,2021-05-08T09:29:02.465Z,sell,8.4e-07,3892.0,0.00326928
WPR/BTC,1620466143074,2021-05-08T09:29:03.074Z,buy,8.5e-07,6862.0,0.0058327
WPR/BTC,1620466252181,2021-05-08T09:30:52.181Z,buy,8.5e-07,118.0,0.0001003
WPR/BTC,1620466453003,2021-05-08T09:34:13.003Z,buy,8.5e-07,1289.0,0.00109565
WPR/BTC,1620466498067,2021-05-08T09:34:58.067Z,sell,8.4e-07,880.0,0.0007392
WPR/BTC,1620466513857,2021-05-08T09:35:13.857Z,sell,8.4e-07,11766.0,0.00988344
WPR/BTC,1620466534333,2021-05-08T09:35:34.333Z,sell,8.4e-07,650.0,0.000546
WPR/BTC,1620466556016,2021-05-08T09:35:56.016Z,buy,8.5e-07,515.0,0.00043775
WPR/BTC,1620466573695,2021-05-08T09:36:13.695Z,sell,8.4e-07,242.0,0.00020328
WPR/BTC,1620466723493,2021-05-08T09:38:43.493Z,sell,8.4e-07,326.0,0.00027384
WPR/BTC,1620466723493,2021-05-08T09:38:43.493Z,sell,8.4e-07,326.0,0.00027384
WPR/BTC,1620466853468,2021-05-08T09:40:53.468Z,sell,8.4e-07,157.0,0.00013188
WPR/BTC,1620466906534,2021-05-08T09:41:46.534Z,buy,8.5e-07,129.0,0.00010965
WPR/BTC,1620466979673,2021-05-08T09:42:59.673Z,sell,8.4e-07,1600.0,0.001344
WPR/BTC,1620467169696,2021-05-08T09:46:09.696Z,sell,8.4e-07,3795.0,0.0031878
WPR/BTC,1620467311199,2021-05-08T09:48:31.199Z,sell,8.4e-07,1484.0,0.00124656
WPR/BTC,1620467333351,2021-05-08T09:48:53.351Z,sell,8.4e-07,6246.0,0.00524664
WPR/BTC,1620467379019,2021-05-08T09:49:39.019Z,sell,8.4e-07,901.0,0.00075684
WPR/BTC,1620467414494,2021-05-08T09:50:14.494Z,sell,8.4e-07,147.0,0.00012348
WPR/BTC,1620467456914,2021-05-08T09:50:56.914Z,sell,8.4e-07,196.0,0.00016464
WPR/BTC,1620467512446,2021-05-08T09:51:52.446Z,sell,8.4e-07,648.0,0.00054432
WPR/BTC,1620467750272,2021-05-08T09:55:50.272Z,sell,8.4e-07,492.0,0.00041328000000000003
WPR/BTC,1620467859323,2021-05-08T09:57:39.323Z,sell,8.4e-07,10592.0,0.00889728
WPR/BTC,1620467866275,2021-05-08T09:57:46.275Z,sell,8.4e-07,1887.0,0.00158508
WPR/BTC,1620467893041,2021-05-08T09:58:13.041Z,sell,8.4e-07,1530.0,0.0012852
WPR/BTC,1620467959519,2021-05-08T09:59:19.519Z,sell,8.4e-07,564.0,0.00047376
WPR/BTC,1620467985901,2021-05-08T09:59:45.901Z,buy,8.5e-07,10000.0,0.0085
WPR/BTC,1620468036782,2021-05-08T10:00:36.782Z,buy,8.5e-07,152.0,0.0001292
WPR/BTC,1620468167270,2021-05-08T10:02:47.270Z,sell,8.4e-07,754.0,0.00063336
WPR/BTC,1620468177099,2021-05-08T10:02:57.099Z,sell,8.4e-07,709.0,0.00059556
WPR/BTC,1620468178069,2021-05-08T10:02:58.069Z,sell,8.4e-07,233.0,0.00019572
WPR/BTC,1620468267503,2021-05-08T10:04:27.503Z,sell,8.4e-07,315.0,0.0002646
WPR/BTC,1620468383989,2021-05-08T10:06:23.989Z,sell,8.4e-07,1290.0,0.0010836
WPR/BTC,1620468483854,2021-05-08T10:08:03.854Z,sell,8.4e-07,3108.0,0.00261072
WPR/BTC,1620468574043,2021-05-08T10:09:34.043Z,buy,8.5e-07,107142.0,0.0910707
WPR/BTC,1620468605083,2021-05-08T10:10:05.083Z,buy,8.5e-07,10297.0,0.00875245
WPR/BTC,1620468715965,2021-05-08T10:11:55.965Z,sell,8.4e-07,3572.0,0.00300048
WPR/BTC,1620468758725,2021-05-08T10:12:38.725Z,sell,8.4e-07,199.0,0.00016716
WPR/BTC,1620469005879,2021-05-08T10:16:45.879Z,sell,8.4e-07,813.0,0.0006829200000000001
WPR/BTC,1620469102071,2021-05-08T10:18:22.071Z,buy,8.5e-07,1514.0,0.0012869000000000001
WPR/BTC,1620469269777,2021-05-08T10:21:09.777Z,buy,8.5e-07,303.0,0.00025755
WPR/BTC,1620469289254,2021-05-08T10:21:29.254Z,buy,8.5e-07,14596.0,0.0124066
WPR/BTC,1620469336427,2021-05-08T10:22:16.427Z,buy,8.5e-07,749.0,0.00063665
WPR/BTC,1620469364914,2021-05-08T10:22:44.914Z,sell,8.4e-07,3000.0,0.00252
WPR/BTC,1620469446428,2021-05-08T10:24:06.428Z,sell,8.4e-07,56500.0,0.04746
WPR/BTC,1620469469578,2021-05-08T10:24:29.578Z,sell,8.4e-07,190.0,0.0001596
WPR/BTC,1620469534233,2021-05-08T10:25:34.233Z,sell,8.4e-07,1951.0,0.00163884
WPR/BTC,1620469611672,2021-05-08T10:26:51.672Z,sell,8.4e-07,4000.0,0.00336
WPR/BTC,1620469632147,2021-05-08T10:27:12.147Z,sell,8.4e-07,569.0,0.00047796
WPR/BTC,1620469765350,2021-05-08T10:29:25.350Z,buy,8.5e-07,10004.0,0.0085034
WPR/BTC,1620469895022,2021-05-08T10:31:35.022Z,buy,8.5e-07,755.0,0.00064175
WPR/BTC,1620469907918,2021-05-08T10:31:47.918Z,buy,8.5e-07,509.0,0.00043265
WPR/BTC,1620470065212,2021-05-08T10:34:25.212Z,buy,8.5e-07,454.0,0.0003859
WPR/BTC,1620470099000,2021-05-08T10:34:59.000Z,buy,8.5e-07,1027.0,0.00087295
WPR/BTC,1620470278204,2021-05-08T10:37:58.204Z,sell,8.4e-07,2262.0,0.00190008
WPR/BTC,1620470290953,2021-05-08T10:38:10.953Z,sell,8.4e-07,2641.0,0.00221844
WPR/BTC,1620470291381,2021-05-08T10:38:11.381Z,sell,8.4e-07,10718.0,0.00900312
WPR/BTC,1620470291381,2021-05-08T10:38:11.381Z,sell,8.4e-07,10718.0,0.00900312
WPR/BTC,1620470391170,2021-05-08T10:39:51.170Z,sell,8.4e-07,3850.0,0.003234
WPR/BTC,1620470612988,2021-05-08T10:43:32.988Z,sell,8.4e-07,600.0,0.000504
WPR/BTC,1620470787439,2021-05-08T10:46:27.439Z,sell,8.4e-07,277.0,0.00023268
WPR/BTC,1620470828776,2021-05-08T10:47:08.776Z,sell,8.4e-07,73622.0,0.06184248
WPR/BTC,1620470872353,2021-05-08T10:47:52.353Z,sell,8.4e-07,2758.0,0.00231672
WPR/BTC,1620471001084,2021-05-08T10:50:01.084Z,buy,8.5e-07,714.0,0.0006069000000000001
WPR/BTC,1620471075837,2021-05-08T10:51:15.837Z,sell,8.4e-07,1477.0,0.00124068
WPR/BTC,1620471216453,2021-05-08T10:53:36.453Z,sell,8.4e-07,231.0,0.00019404
WPR/BTC,1620471299654,2021-05-08T10:54:59.654Z,sell,8.4e-07,2098.0,0.00176232
WPR/BTC,1620471341248,2021-05-08T10:55:41.248Z,sell,8.4e-07,1590.0,0.0013356
WPR/BTC,1620471371418,2021-05-08T10:56:11.418Z,sell,8.4e-07,773.0,0.00064932
WPR/BTC,1620471399005,2021-05-08T10:56:39.005Z,sell,8.4e-07,500.0,0.00042
WPR/BTC,1620471417620,2021-05-08T10:56:57.620Z,sell,8.4e-07,50287.0,0.04224108
WPR/BTC,1620471462803,2021-05-08T10:57:42.803Z,sell,8.4e-07,159.0,0.00013356
WPR/BTC,1620471464421,2021-05-08T10:57:44.421Z,sell,8.4e-07,2096.0,0.00176064
WPR/BTC,1620471476918,2021-05-08T10:57:56.918Z,sell,8.4e-07,4000.0,0.00336
WPR/BTC,1620471533764,2021-05-08T10:58:53.764Z,buy,8.5e-07,10022.0,0.0085187
WPR/BTC,1620471689814,2021-05-08T11:01:29.814Z,buy,8.5e-07,455.0,0.00038675
WPR/BTC,1620471780385,2021-05-08T11:03:00.385Z,buy,8.5e-07,380.0,0.000323
WPR/BTC,1620471782779,2021-05-08T11:03:02.779Z,buy,8.5e-07,1290.0,0.0010965
WPR/BTC,1620471855163,2021-05-08T11:04:15.163Z,buy,8.5e-07,125.0,0.00010625000000000001
WPR/BTC,1620471870048,2021-05-08T11:04:30.048Z,sell,8.4e-07,45148.0,0.03792432
WPR/BTC,1620471983357,2021-05-08T11:06:23.357Z,buy,8.5e-07,400.0,0.00034
WPR/BTC,1620472068878,2021-05-08T11:07:48.878Z,buy,8.5e-07,400.0,0.00034
WPR/BTC,1620472197433,2021-05-08T11:09:57.433Z,buy,8.5e-07,199.0,0.00016915
WPR/BTC,1620472215083,2021-05-08T11:10:15.083Z,buy,8.5e-07,500.0,0.00042500000000000003
WPR/BTC,1620472453809,2021-05-08T11:14:13.809Z,sell,8.4e-07,2073.0,0.00174132
WPR/BTC,1620472475757,2021-05-08T11:14:35.757Z,sell,8.4e-07,292.0,0.00024528
WPR/BTC,1620472491274,2021-05-08T11:14:51.274Z,buy,8.5e-07,129.0,0.00010965
WPR/BTC,1620472528526,2021-05-08T11:15:28.526Z,sell,8.4e-07,275.0,0.000231
WPR/BTC,1620472566880,2021-05-08T11:16:06.880Z,sell,8.4e-07,7017.0,0.00589428
WPR/BTC,1620472592343,2021-05-08T11:16:32.343Z,sell,8.4e-07,242.0,0.00020328
WPR/BTC,1620472712516,2021-05-08T11:18:32.516Z,buy,8.5e-07,1887.0,0.00160395
WPR/BTC,1620472801380,2021-05-08T11:20:01.380Z,buy,8.5e-07,411.0,0.00034935
WPR/BTC,1620472804489,2021-05-08T11:20:04.489Z,sell,8.4e-07,951.0,0.00079884
WPR/BTC,1620473011029,2021-05-08T11:23:31.029Z,sell,8.4e-07,11172.0,0.00938448
WPR/BTC,1620473024578,2021-05-08T11:23:44.578Z,sell,8.4e-07,378.0,0.00031752
WPR/BTC,1620473240991,2021-05-08T11:27:20.991Z,sell,8.4e-07,10000.0,0.0084
WPR/BTC,1620473293635,2021-05-08T11:28:13.635Z,buy,8.5e-07,2007.0,0.0017059500000000001
WPR/BTC,1620473298395,2021-05-08T11:28:18.395Z,buy,8.5e-07,152.0,0.0001292
WPR/BTC,1620473327322,2021-05-08T11:28:47.322Z,sell,8.4e-07,37910.0,0.0318444
WPR/BTC,1620473341417,2021-05-08T11:29:01.417Z,buy,8.5e-07,288.0,0.0002448
WPR/BTC,1620473347584,2021-05-08T11:29:07.584Z,sell,8.4e-07,3247.0,0.00272748
WPR/BTC,1620473458077,2021-05-08T11:30:58.077Z,sell,8.4e-07,88934.0,0.07470456
WPR/BTC,1620473508860,2021-05-08T11:31:48.860Z,buy,8.5e-07,304.0,0.0002584
WPR/BTC,1620473600402,2021-05-08T11:33:20.402Z,buy,8.5e-07,3979.0,0.00338215
WPR/BTC,1620473700268,2021-05-08T11:35:00.268Z,buy,8.5e-07,92977.0,0.07903045
WPR/BTC,1620473700887,2021-05-08T11:35:00.887Z,sell,8.5e-07,4253.0,0.00361505
WPR/BTC,1620473702304,2021-05-08T11:35:02.304Z,sell,8.5e-07,1883.0,0.00160055
WPR/BTC,1620473702872,2021-05-08T11:35:02.872Z,sell,8.5e-07,1883.0,0.00160055
WPR/BTC,1620473710747,2021-05-08T11:35:10.747Z,sell,8.5e-07,1883.0,0.00160055
WPR/BTC,1620473711604,2021-05-08T11:35:11.604Z,sell,8.5e-07,2153.0,0.00183005
WPR/BTC,1620473721701,2021-05-08T11:35:21.701Z,sell,8.5e-07,2809.0,0.00238765
WPR/BTC,1620473729800,2021-05-08T11:35:29.800Z,sell,8.5e-07,1973.0,0.00167705
WPR/BTC,1620473730757,2021-05-08T11:35:30.757Z,sell,8.5e-07,1744.0,0.0014824
WPR/BTC,1620473856530,2021-05-08T11:37:36.530Z,sell,8.5e-07,273.0,0.00023205
WPR/BTC,1620473856530,2021-05-08T11:37:36.530Z,sell,8.5e-07,273.0,0.00023205
WPR/BTC,1620473921030,2021-05-08T11:38:41.030Z,sell,8.5e-07,822.0,0.0006987
WPR/BTC,1620474009804,2021-05-08T11:40:09.804Z,sell,8.5e-07,194457.0,0.16528845
WPR/BTC,1620474054716,2021-05-08T11:40:54.716Z,sell,8.4e-07,316908.0,0.26620272
WPR/BTC,1620474118220,2021-05-08T11:41:58.220Z,buy,8.5e-07,752.0,0.0006392
WPR/BTC,1620474232725,2021-05-08T11:43:52.725Z,sell,8.4e-07,3633.0,0.00305172
WPR/BTC,1620474274491,2021-05-08T11:44:34.491Z,sell,8.4e-07,1377.0,0.00115668
WPR/BTC,1620474318856,2021-05-08T11:45:18.856Z,buy,8.5e-07,749.0,0.00063665
WPR/BTC,1620474326467,2021-05-08T11:45:26.467Z,sell,8.4e-07,12153.0,0.01020852
WPR/BTC,1620474395034,2021-05-08T11:46:35.034Z,buy,8.5e-07,3586.0,0.0030481
WPR/BTC,1620474592590,2021-05-08T11:49:52.590Z,sell,8.4e-07,9467.0,0.00795228
WPR/BTC,1620474606990,2021-05-08T11:50:06.990Z,sell,8.4e-07,1898.0,0.00159432
WPR/BTC,1620474626663,2021-05-08T11:50:26.663Z,buy,8.5e-07,504.0,0.0004284
WPR/BTC,1620474642120,2021-05-08T11:50:42.120Z,sell,8.4e-07,2084.0,0.00175056
WPR/BTC,1620474723901,2021-05-08T11:52:03.901Z,sell,8.4e-07,210.0,0.0001764
WPR/BTC,1620474780630,2021-05-08T11:53:00.630Z,sell,8.4e-07,6845.0,0.0057498
WPR/BTC,1620474869323,2021-05-08T11:54:29.323Z,buy,8.5e-07,150.0,0.0001275
WPR/BTC,1620474880010,2021-05-08T11:54:40.010Z,buy,8.5e-07,139.0,0.00011815
WPR/BTC,1620474948580,2021-05-08T11:55:48.580Z,sell,8.4e-07,916.0,0.00076944
WPR/BTC,1620474952293,2021-05-08T11:55:52.293Z,buy,8.5e-07,2118.0,0.0018003000000000001
WPR/BTC,1620474962037,2021-05-08T11:56:02.037Z,buy,8.5e-07,787.0,0.00066895
WPR/BTC,1620475117093,2021-05-08T11:58:37.093Z,sell,8.4e-07,3803.0,0.00319452
WPR/BTC,1620475267045,2021-05-08T12:01:07.045Z,buy,8.5e-07,223.0,0.00018955
WPR/BTC,1620475309283,2021-05-08T12:01:49.283Z,sell,8.4e-07,500.0,0.00042
WPR/BTC,1620475373359,2021-05-08T12:02:53.359Z,sell,8.4e-07,2777.0,0.00233268
WPR/BTC,1620475475996,2021-05-08T12:04:35.996Z,sell,8.4e-07,196.0,0.00016464
WPR/BTC,1620475559303,2021-05-08T12:05:59.303Z,buy,8.5e-07,534.0,0.00045390000000000003
WPR/BTC,1620475597547,2021-05-08T12:06:37.547Z,buy,8.5e-07,136.0,0.0001156
WPR/BTC,1620475615167,2021-05-08T12:06:55.167Z,buy,8.5e-07,204.0,0.0001734
WPR/BTC,1620475889258,2021-05-08T12:11:29.258Z,sell,8.4e-07,327.0,0.00027468
WPR/BTC,1620475900322,2021-05-08T12:11:40.322Z,sell,8.4e-07,12369.0,0.01038996
WPR/BTC,1620475955194,2021-05-08T12:12:35.194Z,sell,8.4e-07,1583.0,0.00132972
WPR/BTC,1620476052026,2021-05-08T12:14:12.026Z,buy,8.5e-07,12941.0,0.01099985
WPR/BTC,1620476077416,2021-05-08T12:14:37.416Z,sell,8.4e-07,565.0,0.0004746
WPR/BTC,1620476147225,2021-05-08T12:15:47.225Z,sell,8.4e-07,1712.0,0.00143808
WPR/BTC,1620476498856,2021-05-08T12:21:38.856Z,sell,8.4e-07,57002.0,0.04788168
WPR/BTC,1620476519102,2021-05-08T12:21:59.102Z,sell,8.4e-07,3289.0,0.00276276
WPR/BTC,1620476951360,2021-05-08T12:29:11.360Z,buy,8.5e-07,394.0,0.0003349
WPR/BTC,1620476960553,2021-05-08T12:29:20.553Z,sell,8.4e-07,725.0,0.000609
WPR/BTC,1620476976772,2021-05-08T12:29:36.772Z,sell,8.4e-07,200.0,0.000168
WPR/BTC,1620477001365,2021-05-08T12:30:01.365Z,sell,8.4e-07,1160.0,0.0009744
WPR/BTC,1620477145214,2021-05-08T12:32:25.214Z,buy,8.5e-07,1000.0,0.0008500000000000001
WPR/BTC,1620477263116,2021-05-08T12:34:23.116Z,buy,8.5e-07,1189.0,0.00101065
WPR/BTC,1620477314904,2021-05-08T12:35:14.904Z,buy,8.5e-07,1000.0,0.0008500000000000001
WPR/BTC,1620477351137,2021-05-08T12:35:51.137Z,buy,8.5e-07,588.0,0.0004998
WPR/BTC,1620477356734,2021-05-08T12:35:56.734Z,buy,8.5e-07,919.0,0.00078115
WPR/BTC,1620477380944,2021-05-08T12:36:20.944Z,buy,8.5e-07,600.0,0.00051
WPR/BTC,1620477447027,2021-05-08T12:37:27.027Z,sell,8.4e-07,1059.0,0.00088956
WPR/BTC,1620477447027,2021-05-08T12:37:27.027Z,sell,8.4e-07,1059.0,0.00088956
WPR/BTC,1620477467543,2021-05-08T12:37:47.543Z,sell,8.4e-07,185.0,0.0001554
WPR/BTC,1620477597081,2021-05-08T12:39:57.081Z,sell,8.4e-07,5438.0,0.00456792
WPR/BTC,1620477691475,2021-05-08T12:41:31.475Z,buy,8.5e-07,436.0,0.0003706
WPR/BTC,1620477729152,2021-05-08T12:42:09.152Z,buy,8.5e-07,2450.0,0.0020825
WPR/BTC,1620477735552,2021-05-08T12:42:15.552Z,buy,8.5e-07,929.0,0.00078965
WPR/BTC,1620477748108,2021-05-08T12:42:28.108Z,sell,8.4e-07,590.0,0.0004956
WPR/BTC,1620477800076,2021-05-08T12:43:20.076Z,sell,8.4e-07,21899.0,0.01839516
WPR/BTC,1620478008718,2021-05-08T12:46:48.718Z,sell,8.4e-07,255957.0,0.21500388
WPR/BTC,1620478034676,2021-05-08T12:47:14.676Z,sell,8.4e-07,1132.0,0.00095088
WPR/BTC,1620478047655,2021-05-08T12:47:27.655Z,buy,8.5e-07,267.0,0.00022695000000000001
WPR/BTC,1620478074088,2021-05-08T12:47:54.088Z,sell,8.4e-07,780.0,0.0006552
WPR/BTC,1620478127619,2021-05-08T12:48:47.619Z,sell,8.4e-07,1286.0,0.00108024
WPR/BTC,1620478164911,2021-05-08T12:49:24.911Z,sell,8.4e-07,198.0,0.00016632
WPR/BTC,1620478169993,2021-05-08T12:49:29.993Z,buy,8.5e-07,190.0,0.0001615
WPR/BTC,1620478227623,2021-05-08T12:50:27.623Z,sell,8.4e-07,5134.0,0.00431256
WPR/BTC,1620478377113,2021-05-08T12:52:57.113Z,buy,8.5e-07,4262.0,0.0036227
WPR/BTC,1620478385114,2021-05-08T12:53:05.114Z,buy,8.5e-07,1000.0,0.0008500000000000001
WPR/BTC,1620478441239,2021-05-08T12:54:01.239Z,buy,8.5e-07,469.0,0.00039865
WPR/BTC,1620478456999,2021-05-08T12:54:16.999Z,buy,8.5e-07,1000.0,0.0008500000000000001
WPR/BTC,1620478494857,2021-05-08T12:54:54.857Z,sell,8.4e-07,3536.0,0.00297024
WPR/BTC,1620478533710,2021-05-08T12:55:33.710Z,sell,8.4e-07,27498.0,0.02309832
WPR/BTC,1620478547263,2021-05-08T12:55:47.263Z,sell,8.4e-07,32909.0,0.02764356
WPR/BTC,1620478556620,2021-05-08T12:55:56.620Z,sell,8.4e-07,2354.0,0.00197736
WPR/BTC,1620478661443,2021-05-08T12:57:41.443Z,sell,8.4e-07,747.0,0.00062748
WPR/BTC,1620478915980,2021-05-08T13:01:55.980Z,buy,8.5e-07,1138.0,0.0009673
WPR/BTC,1620478924966,2021-05-08T13:02:04.966Z,buy,8.5e-07,2831.0,0.0024063500000000002
WPR/BTC,1620478952746,2021-05-08T13:02:32.746Z,buy,8.5e-07,283.0,0.00024055
WPR/BTC,1620478970029,2021-05-08T13:02:50.029Z,buy,8.5e-07,6692.0,0.0056882
WPR/BTC,1620478982586,2021-05-08T13:03:02.586Z,buy,8.5e-07,22463.0,0.01909355
WPR/BTC,1620478995104,2021-05-08T13:03:15.104Z,buy,8.5e-07,2941.0,0.00249985
WPR/BTC,1620479023034,2021-05-08T13:03:43.034Z,sell,8.4e-07,16392.0,0.01376928
WPR/BTC,1620479027590,2021-05-08T13:03:47.590Z,sell,8.4e-07,551.0,0.00046284
WPR/BTC,1620479029568,2021-05-08T13:03:49.568Z,buy,8.5e-07,1000.0,0.0008500000000000001
WPR/BTC,1620479060801,2021-05-08T13:04:20.801Z,buy,8.5e-07,991.0,0.0008423500000000001
WPR/BTC,1620479080169,2021-05-08T13:04:40.169Z,sell,8.4e-07,3814.0,0.00320376
WPR/BTC,1620479172279,2021-05-08T13:06:12.279Z,buy,8.5e-07,1325.0,0.00112625
WPR/BTC,1620479219827,2021-05-08T13:06:59.827Z,sell,8.4e-07,12289.0,0.01032276
WPR/BTC,1620479372785,2021-05-08T13:09:32.785Z,sell,8.4e-07,1434.0,0.00120456
WPR/BTC,1620479453131,2021-05-08T13:10:53.131Z,sell,8.4e-07,318.0,0.00026712
WPR/BTC,1620479456387,2021-05-08T13:10:56.387Z,sell,8.4e-07,1000.0,0.00084
WPR/BTC,1620479516160,2021-05-08T13:11:56.160Z,sell,8.4e-07,3390.0,0.0028476
WPR/BTC,1620479520983,2021-05-08T13:12:00.983Z,sell,8.4e-07,37399.0,0.03141516
WPR/BTC,1620479526394,2021-05-08T13:12:06.394Z,sell,8.4e-07,133.0,0.00011172
WPR/BTC,1620479580492,2021-05-08T13:13:00.492Z,sell,8.4e-07,2000.0,0.00168
WPR/BTC,1620479752016,2021-05-08T13:15:52.016Z,sell,8.4e-07,10047.0,0.00843948
WPR/BTC,1620479769191,2021-05-08T13:16:09.191Z,sell,8.4e-07,1280.0,0.0010752000000000001
WPR/BTC,1620479849494,2021-05-08T13:17:29.494Z,sell,8.4e-07,3851.0,0.00323484
WPR/BTC,1620479888391,2021-05-08T13:18:08.391Z,sell,8.4e-07,4008.0,0.00336672
WPR/BTC,1620479898425,2021-05-08T13:18:18.425Z,sell,8.4e-07,11553.0,0.00970452
WPR/BTC,1620480228718,2021-05-08T13:23:48.718Z,buy,8.5e-07,823.0,0.0006995500000000001
WPR/BTC,1620480237020,2021-05-08T13:23:57.020Z,buy,8.5e-07,500.0,0.00042500000000000003
WPR/BTC,1620480290286,2021-05-08T13:24:50.286Z,sell,8.4e-07,3835.0,0.0032214
WPR/BTC,1620480350653,2021-05-08T13:25:50.653Z,sell,8.4e-07,627.0,0.00052668
WPR/BTC,1620480450208,2021-05-08T13:27:30.208Z,buy,8.5e-07,151.0,0.00012835
WPR/BTC,1620480450326,2021-05-08T13:27:30.326Z,sell,8.4e-07,300000.0,0.252
WPR/BTC,1620480573126,2021-05-08T13:29:33.126Z,sell,8.4e-07,239.0,0.00020076
WPR/BTC,1620480605408,2021-05-08T13:30:05.408Z,sell,8.4e-07,228.0,0.00019152
WPR/BTC,1620480670972,2021-05-08T13:31:10.972Z,sell,8.4e-07,343765.0,0.2887626
WPR/BTC,1620480750248,2021-05-08T13:32:30.248Z,sell,8.4e-07,2500.0,0.0021
WPR/BTC,1620480774115,2021-05-08T13:32:54.115Z,sell,8.4e-07,3126.0,0.00262584
WPR/BTC,1620480779293,2021-05-08T13:32:59.293Z,buy,8.5e-07,752.0,0.0006392
WPR/BTC,1620480823130,2021-05-08T13:33:43.130Z,sell,8.4e-07,3000.0,0.00252
WPR/BTC,1620480829236,2021-05-08T13:33:49.236Z,sell,8.4e-07,52817.0,0.04436628
WPR/BTC,1620480932853,2021-05-08T13:35:32.853Z,sell,8.3e-07,3281.0,0.00272323
WPR/BTC,1620480932853,2021-05-08T13:35:32.853Z,sell,8.3e-07,1050.0,0.0008715
WPR/BTC,1620480932853,2021-05-08T13:35:32.853Z,sell,8.3e-07,5854.0,0.00485882
WPR/BTC,1620480932853,2021-05-08T13:35:32.853Z,sell,8.3e-07,3281.0,0.00272323
WPR/BTC,1620480932853,2021-05-08T13:35:32.853Z,sell,8.3e-07,1050.0,0.0008715
WPR/BTC,1620480932853,2021-05-08T13:35:32.853Z,sell,8.3e-07,5854.0,0.00485882
WPR/BTC,1620481127636,2021-05-08T13:38:47.636Z,buy,8.4e-07,12799.0,0.01075116
WPR/BTC,1620481317841,2021-05-08T13:41:57.841Z,sell,8.3e-07,1240.0,0.0010292
WPR/BTC,1620481331341,2021-05-08T13:42:11.341Z,sell,8.3e-07,3701.0,0.00307183
WPR/BTC,1620481350083,2021-05-08T13:42:30.083Z,sell,8.3e-07,1999.0,0.00165917
WPR/BTC,1620481430176,2021-05-08T13:43:50.176Z,buy,8.4e-07,152.0,0.00012768
WPR/BTC,1620481554964,2021-05-08T13:45:54.964Z,sell,8.3e-07,7873.0,0.00653459
WPR/BTC,1620481611538,2021-05-08T13:46:51.538Z,sell,8.3e-07,2106.0,0.0017479799999999999
WPR/BTC,1620481790734,2021-05-08T13:49:50.734Z,buy,8.4e-07,1900.0,0.001596
WPR/BTC,1620481961572,2021-05-08T13:52:41.572Z,sell,8.3e-07,145.0,0.00012035
WPR/BTC,1620481964960,2021-05-08T13:52:44.960Z,buy,8.4e-07,471.0,0.00039564
WPR/BTC,1620482172521,2021-05-08T13:56:12.521Z,buy,8.4e-07,203.0,0.00017052000000000001
WPR/BTC,1620482172872,2021-05-08T13:56:12.872Z,sell,8.3e-07,3338.0,0.00277054
WPR/BTC,1620482390727,2021-05-08T13:59:50.727Z,buy,8.4e-07,30670.0,0.0257628
WPR/BTC,1620482395365,2021-05-08T13:59:55.365Z,sell,8.3e-07,1323.0,0.00109809
WPR/BTC,1620482470818,2021-05-08T14:01:10.818Z,sell,8.3e-07,315.0,0.00026145
WPR/BTC,1620482516125,2021-05-08T14:01:56.125Z,sell,8.3e-07,1094.0,0.0009080199999999999
WPR/BTC,1620482523913,2021-05-08T14:02:03.913Z,buy,8.4e-07,221.0,0.00018564
WPR/BTC,1620482535943,2021-05-08T14:02:15.943Z,buy,8.4e-07,148.0,0.00012432
WPR/BTC,1620482574073,2021-05-08T14:02:54.073Z,buy,8.4e-07,65551.0,0.05506284
WPR/BTC,1620482713788,2021-05-08T14:05:13.788Z,sell,8.3e-07,200.0,0.000166
WPR/BTC,1620482735145,2021-05-08T14:05:35.145Z,sell,8.3e-07,167642.0,0.13914286
WPR/BTC,1620482821748,2021-05-08T14:07:01.748Z,buy,8.4e-07,119.0,9.996e-05
WPR/BTC,1620482895148,2021-05-08T14:08:15.148Z,buy,8.4e-07,1785.0,0.0014994
WPR/BTC,1620483029957,2021-05-08T14:10:29.957Z,buy,8.4e-07,2022.0,0.00169848
WPR/BTC,1620483065836,2021-05-08T14:11:05.836Z,buy,8.4e-07,1849.0,0.00155316
WPR/BTC,1620483092262,2021-05-08T14:11:32.262Z,buy,8.4e-07,256.0,0.00021504
WPR/BTC,1620483121164,2021-05-08T14:12:01.164Z,sell,8.3e-07,1208.0,0.00100264
WPR/BTC,1620483258102,2021-05-08T14:14:18.102Z,sell,8.3e-07,8139.0,0.00675537
WPR/BTC,1620483328275,2021-05-08T14:15:28.275Z,sell,8.3e-07,2309.0,0.00191647
WPR/BTC,1620483380336,2021-05-08T14:16:20.336Z,sell,8.3e-07,200.0,0.000166
WPR/BTC,1620483401678,2021-05-08T14:16:41.678Z,sell,8.3e-07,13354.0,0.01108382
WPR/BTC,1620483587414,2021-05-08T14:19:47.414Z,sell,8.3e-07,28652.0,0.02378116
WPR/BTC,1620483636520,2021-05-08T14:20:36.520Z,buy,8.4e-07,11429.0,0.00960036
WPR/BTC,1620483764874,2021-05-08T14:22:44.874Z,sell,8.3e-07,242.0,0.00020086
WPR/BTC,1620483836609,2021-05-08T14:23:56.609Z,buy,8.4e-07,322.0,0.00027048
WPR/BTC,1620483844764,2021-05-08T14:24:04.764Z,buy,8.4e-07,225.0,0.000189
WPR/BTC,1620483908474,2021-05-08T14:25:08.474Z,buy,8.4e-07,571.0,0.00047964
WPR/BTC,1620483995400,2021-05-08T14:26:35.400Z,sell,8.3e-07,256.0,0.00021248
WPR/BTC,1620483998758,2021-05-08T14:26:38.758Z,buy,8.4e-07,10000.0,0.0084
WPR/BTC,1620484066452,2021-05-08T14:27:46.452Z,buy,8.4e-07,42500.0,0.0357
WPR/BTC,1620484207359,2021-05-08T14:30:07.359Z,sell,8.3e-07,1849.0,0.00153467
WPR/BTC,1620484207359,2021-05-08T14:30:07.359Z,sell,8.3e-07,342.0,0.00028386
WPR/BTC,1620484211150,2021-05-08T14:30:11.150Z,buy,8.4e-07,13096.0,0.01100064
WPR/BTC,1620484211195,2021-05-08T14:30:11.195Z,buy,8.4e-07,358.0,0.00030072
WPR/BTC,1620484211401,2021-05-08T14:30:11.401Z,buy,8.4e-07,8215.0,0.0069006
WPR/BTC,1620484271184,2021-05-08T14:31:11.184Z,sell,8.3e-07,232.0,0.00019255999999999999
WPR/BTC,1620484396194,2021-05-08T14:33:16.194Z,buy,8.4e-07,175.0,0.000147
WPR/BTC,1620484445078,2021-05-08T14:34:05.078Z,sell,8.3e-07,303.0,0.00025149
WPR/BTC,1620484485557,2021-05-08T14:34:45.557Z,sell,8.3e-07,4454.0,0.00369682
WPR/BTC,1620484505999,2021-05-08T14:35:05.999Z,buy,8.4e-07,15000.0,0.0126
WPR/BTC,1620484505999,2021-05-08T14:35:05.999Z,buy,8.4e-07,15000.0,0.0126
WPR/BTC,1620484542194,2021-05-08T14:35:42.194Z,sell,8.3e-07,322.0,0.00026726
WPR/BTC,1620484858964,2021-05-08T14:40:58.964Z,buy,8.4e-07,429.0,0.00036036
WPR/BTC,1620484894521,2021-05-08T14:41:34.521Z,sell,8.3e-07,122971.0,0.10206593
WPR/BTC,1620484918442,2021-05-08T14:41:58.442Z,buy,8.4e-07,212.0,0.00017808
WPR/BTC,1620484919845,2021-05-08T14:41:59.845Z,sell,8.3e-07,433.0,0.00035939
WPR/BTC,1620484967869,2021-05-08T14:42:47.869Z,sell,8.3e-07,2100.0,0.001743
WPR/BTC,1620485032318,2021-05-08T14:43:52.318Z,sell,8.3e-07,385.0,0.00031955
WPR/BTC,1620485052939,2021-05-08T14:44:12.939Z,buy,8.4e-07,261.0,0.00021924
WPR/BTC,1620485053045,2021-05-08T14:44:13.045Z,buy,8.4e-07,763.0,0.00064092
WPR/BTC,1620485109139,2021-05-08T14:45:09.139Z,buy,8.4e-07,904.0,0.00075936
WPR/BTC,1620485180173,2021-05-08T14:46:20.173Z,sell,8.3e-07,5000.0,0.00415
WPR/BTC,1620485216082,2021-05-08T14:46:56.082Z,sell,8.3e-07,5102.0,0.00423466
WPR/BTC,1620485410832,2021-05-08T14:50:10.832Z,sell,8.3e-07,170.0,0.0001411
WPR/BTC,1620485466580,2021-05-08T14:51:06.580Z,sell,8.3e-07,504.0,0.00041832
WPR/BTC,1620485480263,2021-05-08T14:51:20.263Z,buy,8.4e-07,1315.0,0.0011046
WPR/BTC,1620485605606,2021-05-08T14:53:25.606Z,buy,8.4e-07,1424.0,0.00119616
WPR/BTC,1620485716538,2021-05-08T14:55:16.538Z,buy,8.4e-07,210.0,0.0001764
WPR/BTC,1620485722721,2021-05-08T14:55:22.721Z,buy,8.4e-07,10102.0,0.00848568
WPR/BTC,1620485975169,2021-05-08T14:59:35.169Z,sell,8.3e-07,65299.0,0.05419817
WPR/BTC,1620485975169,2021-05-08T14:59:35.169Z,sell,8.2e-07,154870.0,0.1269934
WPR/BTC,1620485975169,2021-05-08T14:59:35.169Z,sell,8.1e-07,23890.0,0.0193509
WPR/BTC,1620485975169,2021-05-08T14:59:35.169Z,sell,8.1e-07,1851.0,0.00149931
WPR/BTC,1620485975169,2021-05-08T14:59:35.169Z,sell,8.1e-07,1618.0,0.00131058
WPR/BTC,1620485975169,2021-05-08T14:59:35.169Z,sell,8.1e-07,1618.0,0.00131058
WPR/BTC,1620485975169,2021-05-08T14:59:35.169Z,sell,8.1e-07,1619.0,0.00131139
WPR/BTC,1620485975169,2021-05-08T14:59:35.169Z,sell,8.1e-07,871.0,0.00070551
WPR/BTC,1620485975169,2021-05-08T14:59:35.169Z,sell,8.1e-07,435.0,0.00035234999999999997
WPR/BTC,1620485975169,2021-05-08T14:59:35.169Z,sell,8.1e-07,436.0,0.00035316
WPR/BTC,1620485975169,2021-05-08T14:59:35.169Z,sell,8.1e-07,1395.0,0.00112995
WPR/BTC,1620485975169,2021-05-08T14:59:35.169Z,sell,8.1e-07,161.0,0.00013041
WPR/BTC,1620485975169,2021-05-08T14:59:35.169Z,sell,8.1e-07,1410.0,0.0011421
WPR/BTC,1620485975169,2021-05-08T14:59:35.169Z,sell,8.1e-07,633.0,0.00051273
WPR/BTC,1620485975169,2021-05-08T14:59:35.169Z,sell,8.1e-07,1018.0,0.00082458
WPR/BTC,1620485975169,2021-05-08T14:59:35.169Z,sell,8.1e-07,2034.0,0.0016475399999999999
WPR/BTC,1620485975169,2021-05-08T14:59:35.169Z,sell,8.1e-07,239.0,0.00019359
WPR/BTC,1620485975169,2021-05-08T14:59:35.169Z,sell,8.1e-07,18343.0,0.014857829999999999
WPR/BTC,1620485975169,2021-05-08T14:59:35.169Z,sell,8.1e-07,75756.0,0.06136236
WPR/BTC,1620485975169,2021-05-08T14:59:35.169Z,sell,8.1e-07,257.0,0.00020816999999999998
WPR/BTC,1620485975169,2021-05-08T14:59:35.169Z,sell,8.1e-07,3303.0,0.00267543
WPR/BTC,1620485975169,2021-05-08T14:59:35.169Z,sell,8.1e-07,4064.0,0.00329184
WPR/BTC,1620485975169,2021-05-08T14:59:35.169Z,sell,8.1e-07,1908.0,0.00154548
WPR/BTC,1620485975169,2021-05-08T14:59:35.169Z,sell,8.1e-07,2206.0,0.00178686
WPR/BTC,1620485975169,2021-05-08T14:59:35.169Z,sell,8.1e-07,199.0,0.00016119
WPR/BTC,1620485975169,2021-05-08T14:59:35.169Z,sell,8.1e-07,5736.0,0.00464616
WPR/BTC,1620485975169,2021-05-08T14:59:35.169Z,sell,8.1e-07,16955.0,0.013733549999999999
WPR/BTC,1620485975169,2021-05-08T14:59:35.169Z,sell,8.1e-07,7507.0,0.00608067
WPR/BTC,1620485975169,2021-05-08T14:59:35.169Z,sell,8.1e-07,1284.0,0.0010400399999999999
WPR/BTC,1620485975169,2021-05-08T14:59:35.169Z,sell,8.1e-07,964.0,0.00078084
WPR/BTC,1620485975169,2021-05-08T14:59:35.169Z,sell,8.1e-07,1970.0,0.0015957
WPR/BTC,1620485975169,2021-05-08T14:59:35.169Z,sell,8.1e-07,820.0,0.0006642
WPR/BTC,1620485975169,2021-05-08T14:59:35.169Z,sell,8.1e-07,1069.0,0.00086589
WPR/BTC,1620485975169,2021-05-08T14:59:35.169Z,sell,8.1e-07,5062.0,0.00410022
WPR/BTC,1620485975169,2021-05-08T14:59:35.169Z,sell,8.1e-07,5063.0,0.00410103
WPR/BTC,1620485975169,2021-05-08T14:59:35.169Z,sell,8.1e-07,325.0,0.00026325
WPR/BTC,1620485975169,2021-05-08T14:59:35.169Z,sell,8.1e-07,6562.0,0.00531522
WPR/BTC,1620485975169,2021-05-08T14:59:35.169Z,sell,8.1e-07,25344.0,0.02052864
WPR/BTC,1620485975169,2021-05-08T14:59:35.169Z,sell,8.1e-07,687.0,0.00055647
WPR/BTC,1620485975169,2021-05-08T14:59:35.169Z,sell,8.1e-07,6090.0,0.0049329
WPR/BTC,1620485975169,2021-05-08T14:59:35.169Z,sell,8.1e-07,455.0,0.00036855
WPR/BTC,1620485975186,2021-05-08T14:59:35.186Z,buy,8.2e-07,488.0,0.00040016
WPR/BTC,1620485975187,2021-05-08T14:59:35.187Z,buy,8.2e-07,488.0,0.00040016
WPR/BTC,1620485975444,2021-05-08T14:59:35.444Z,buy,8.2e-07,34000.0,0.02788
WPR/BTC,1620485977654,2021-05-08T14:59:37.654Z,sell,8.1e-07,244.0,0.00019763999999999998
WPR/BTC,1620485980477,2021-05-08T14:59:40.477Z,sell,8.1e-07,864.0,0.00069984
WPR/BTC,1620485982544,2021-05-08T14:59:42.544Z,buy,8.2e-07,258.0,0.00021156
WPR/BTC,1620485984802,2021-05-08T14:59:44.802Z,sell,8.1e-07,588.0,0.00047628
WPR/BTC,1620485985807,2021-05-08T14:59:45.807Z,sell,8.1e-07,588.0,0.00047628
WPR/BTC,1620486000721,2021-05-08T15:00:00.721Z,sell,8.1e-07,2163.0,0.00175203
WPR/BTC,1620486011672,2021-05-08T15:00:11.672Z,sell,8.1e-07,6889.0,0.00558009
WPR/BTC,1620486011933,2021-05-08T15:00:11.933Z,sell,8.1e-07,3523.0,0.00285363
WPR/BTC,1620486069295,2021-05-08T15:01:09.295Z,buy,8.2e-07,18593.0,0.01524626
WPR/BTC,1620486069361,2021-05-08T15:01:09.361Z,buy,8.2e-07,18043.0,0.01479526
WPR/BTC,1620486069559,2021-05-08T15:01:09.559Z,buy,8.2e-07,1000.0,0.00082
WPR/BTC,1620486072444,2021-05-08T15:01:12.444Z,buy,8.2e-07,2237.0,0.00183434
WPR/BTC,1620486075631,2021-05-08T15:01:15.631Z,buy,8.2e-07,5581.0,0.00457642
WPR/BTC,1620486076490,2021-05-08T15:01:16.490Z,sell,8.2e-07,1036.0,0.00084952
WPR/BTC,1620486099078,2021-05-08T15:01:39.078Z,sell,8.2e-07,1573.0,0.0012898599999999999
WPR/BTC,1620486100016,2021-05-08T15:01:40.016Z,buy,8.3e-07,3119.0,0.00258877
WPR/BTC,1620486101152,2021-05-08T15:01:41.152Z,buy,8.3e-07,1205.0,0.00100015
WPR/BTC,1620486115877,2021-05-08T15:01:55.877Z,buy,8.3e-07,1157.0,0.00096031
WPR/BTC,1620486132219,2021-05-08T15:02:12.219Z,buy,8.3e-07,293.0,0.00024319
WPR/BTC,1620486136761,2021-05-08T15:02:16.761Z,sell,8.2e-07,134.0,0.00010988
WPR/BTC,1620486142839,2021-05-08T15:02:22.839Z,sell,8.2e-07,134.0,0.00010988
WPR/BTC,1620486145563,2021-05-08T15:02:25.563Z,sell,8.2e-07,134.0,0.00010988
WPR/BTC,1620486162569,2021-05-08T15:02:42.569Z,buy,8.3e-07,940.0,0.0007802
WPR/BTC,1620486181697,2021-05-08T15:03:01.697Z,sell,8.2e-07,134.0,0.00010988
WPR/BTC,1620486189027,2021-05-08T15:03:09.027Z,buy,8.3e-07,773.0,0.00064159
WPR/BTC,1620486202643,2021-05-08T15:03:22.643Z,buy,8.3e-07,138.0,0.00011454
WPR/BTC,1620486204195,2021-05-08T15:03:24.195Z,sell,8.2e-07,134.0,0.00010988
WPR/BTC,1620486205689,2021-05-08T15:03:25.689Z,buy,8.3e-07,48402.0,0.04017366
WPR/BTC,1620486205689,2021-05-08T15:03:25.689Z,buy,8.4e-07,74936.0,0.06294624
WPR/BTC,1620486207389,2021-05-08T15:03:27.389Z,buy,8.4e-07,1807.0,0.00151788
WPR/BTC,1620486243146,2021-05-08T15:04:03.146Z,sell,8.3e-07,8181.0,0.0067902299999999995
WPR/BTC,1620486487325,2021-05-08T15:08:07.325Z,sell,8.3e-07,895.0,0.00074285
WPR/BTC,1620486517942,2021-05-08T15:08:37.942Z,buy,8.3e-07,2019.0,0.00167577
WPR/BTC,1620486521228,2021-05-08T15:08:41.228Z,buy,8.3e-07,204.0,0.00016932
WPR/BTC,1620486582092,2021-05-08T15:09:42.092Z,buy,8.3e-07,3115.0,0.00258545
WPR/BTC,1620486710044,2021-05-08T15:11:50.044Z,buy,8.3e-07,4297.0,0.00356651
WPR/BTC,1620486711393,2021-05-08T15:11:51.393Z,buy,8.3e-07,1001.0,0.00083083
WPR/BTC,1620486795176,2021-05-08T15:13:15.176Z,buy,8.3e-07,6459.0,0.00536097
WPR/BTC,1620486857185,2021-05-08T15:14:17.185Z,sell,8.3e-07,1123.0,0.00093209
WPR/BTC,1620486922437,2021-05-08T15:15:22.437Z,sell,8.3e-07,320.0,0.0002656
WPR/BTC,1620486937042,2021-05-08T15:15:37.042Z,sell,8.3e-07,500.0,0.000415
WPR/BTC,1620486942485,2021-05-08T15:15:42.485Z,sell,8.3e-07,1000.0,0.00083
WPR/BTC,1620486961563,2021-05-08T15:16:01.563Z,sell,8.3e-07,4103.0,0.00340549
WPR/BTC,1620487043961,2021-05-08T15:17:23.961Z,buy,8.4e-07,23650.0,0.019866
WPR/BTC,1620487102214,2021-05-08T15:18:22.214Z,buy,8.4e-07,2023.0,0.00169932
WPR/BTC,1620487116720,2021-05-08T15:18:36.720Z,buy,8.4e-07,10000.0,0.0084
WPR/BTC,1620487193488,2021-05-08T15:19:53.488Z,sell,8.3e-07,2686.0,0.00222938
WPR/BTC,1620487404206,2021-05-08T15:23:24.206Z,sell,8.3e-07,11227.0,0.00931841
WPR/BTC,1620487446829,2021-05-08T15:24:06.829Z,sell,8.3e-07,1343.0,0.00111469
WPR/BTC,1620487470474,2021-05-08T15:24:30.474Z,sell,8.3e-07,4000.0,0.00332
WPR/BTC,1620487501517,2021-05-08T15:25:01.517Z,sell,8.3e-07,191.0,0.00015853
WPR/BTC,1620487560079,2021-05-08T15:26:00.079Z,sell,8.3e-07,61522.0,0.05106326
WPR/BTC,1620487570264,2021-05-08T15:26:10.264Z,sell,8.3e-07,413.0,0.00034279
WPR/BTC,1620487573354,2021-05-08T15:26:13.354Z,sell,8.3e-07,16760.0,0.0139108
WPR/BTC,1620487601328,2021-05-08T15:26:41.328Z,sell,8.3e-07,18043.0,0.01497569
WPR/BTC,1620487632413,2021-05-08T15:27:12.413Z,sell,8.3e-07,13966.0,0.01159178
WPR/BTC,1620487712388,2021-05-08T15:28:32.388Z,buy,8.3e-07,500.0,0.000415
WPR/BTC,1620487775294,2021-05-08T15:29:35.294Z,buy,8.3e-07,236.0,0.00019588
WPR/BTC,1620487861592,2021-05-08T15:31:01.592Z,buy,8.3e-07,7776.0,0.00645408
WPR/BTC,1620487900894,2021-05-08T15:31:40.894Z,sell,8.3e-07,700.0,0.000581
WPR/BTC,1620487905482,2021-05-08T15:31:45.482Z,buy,8.3e-07,3120.0,0.0025896
WPR/BTC,1620487952419,2021-05-08T15:32:32.419Z,buy,8.4e-07,9850.0,0.008274
WPR/BTC,1620488039322,2021-05-08T15:33:59.322Z,sell,8.3e-07,1898.0,0.00157534
WPR/BTC,1620488043928,2021-05-08T15:34:03.928Z,sell,8.3e-07,621.0,0.00051543
WPR/BTC,1620488051417,2021-05-08T15:34:11.417Z,buy,8.3e-07,628.0,0.00052124
WPR/BTC,1620488051417,2021-05-08T15:34:11.417Z,buy,8.4e-07,7236.0,0.00607824
WPR/BTC,1620488092621,2021-05-08T15:34:52.621Z,buy,8.3e-07,136.0,0.00011288
WPR/BTC,1620488100728,2021-05-08T15:35:00.728Z,buy,8.3e-07,112.0,9.296e-05
WPR/BTC,1620488100728,2021-05-08T15:35:00.728Z,buy,8.3e-07,112.0,9.296e-05
WPR/BTC,1620488216346,2021-05-08T15:36:56.346Z,sell,8.3e-07,10333.0,0.00857639
WPR/BTC,1620488216346,2021-05-08T15:36:56.346Z,sell,8.2e-07,14084.0,0.01154888
WPR/BTC,1620488304130,2021-05-08T15:38:24.130Z,buy,8.3e-07,958.0,0.00079514
WPR/BTC,1620488409769,2021-05-08T15:40:09.769Z,buy,8.3e-07,511.0,0.00042413
WPR/BTC,1620488409769,2021-05-08T15:40:09.769Z,buy,8.4e-07,6722.0,0.00564648
WPR/BTC,1620488436263,2021-05-08T15:40:36.263Z,sell,8.2e-07,572.0,0.00046904
WPR/BTC,1620488731346,2021-05-08T15:45:31.346Z,sell,8.3e-07,188.0,0.00015604
WPR/BTC,1620488738846,2021-05-08T15:45:38.846Z,sell,8.3e-07,5273.0,0.00437659
WPR/BTC,1620488742829,2021-05-08T15:45:42.829Z,sell,8.3e-07,506.0,0.00041998
WPR/BTC,1620488749622,2021-05-08T15:45:49.622Z,buy,8.4e-07,119.0,9.996e-05
WPR/BTC,1620488829787,2021-05-08T15:47:09.787Z,sell,8.3e-07,1782.0,0.00147906
WPR/BTC,1620488849502,2021-05-08T15:47:29.502Z,sell,8.3e-07,2683.0,0.00222689
WPR/BTC,1620488902750,2021-05-08T15:48:22.750Z,sell,8.3e-07,195.0,0.00016185
WPR/BTC,1620488905425,2021-05-08T15:48:25.425Z,sell,8.3e-07,12805.0,0.01062815
WPR/BTC,1620488905425,2021-05-08T15:48:25.425Z,sell,8.2e-07,4156.0,0.00340792
WPR/BTC,1620488908109,2021-05-08T15:48:28.109Z,sell,8.3e-07,2587.0,0.00214721
WPR/BTC,1620488965675,2021-05-08T15:49:25.675Z,sell,8.3e-07,2587.0,0.00214721
WPR/BTC,1620489073207,2021-05-08T15:51:13.207Z,sell,8.3e-07,2822.0,0.00234226
WPR/BTC,1620489073207,2021-05-08T15:51:13.207Z,sell,8.2e-07,60253.0,0.04940746
WPR/BTC,1620489073535,2021-05-08T15:51:13.535Z,sell,8.3e-07,2002.0,0.00166166
WPR/BTC,1620489074213,2021-05-08T15:51:14.213Z,sell,8.3e-07,122.0,0.00010126
WPR/BTC,1620489076611,2021-05-08T15:51:16.611Z,sell,8.3e-07,277.0,0.00022991
WPR/BTC,1620489076855,2021-05-08T15:51:16.855Z,sell,8.3e-07,421.0,0.00034943
WPR/BTC,1620489077147,2021-05-08T15:51:17.147Z,sell,8.3e-07,63.0,5.229e-05
WPR/BTC,1620489085482,2021-05-08T15:51:25.482Z,sell,8.2e-07,30436.0,0.02495752
WPR/BTC,1620489091355,2021-05-08T15:51:31.355Z,sell,8.2e-07,508.0,0.00041656
WPR/BTC,1620489093285,2021-05-08T15:51:33.285Z,sell,8.2e-07,107035.0,0.0877687
WPR/BTC,1620489109559,2021-05-08T15:51:49.559Z,sell,8.2e-07,29704.0,0.02435728
WPR/BTC,1620489126705,2021-05-08T15:52:06.705Z,sell,8.2e-07,1430.0,0.0011726
WPR/BTC,1620489139318,2021-05-08T15:52:19.318Z,sell,8.2e-07,1546.0,0.00126772
WPR/BTC,1620489140279,2021-05-08T15:52:20.279Z,sell,8.2e-07,39872.0,0.03269504
WPR/BTC,1620489247500,2021-05-08T15:54:07.500Z,sell,8.2e-07,916.0,0.00075112
WPR/BTC,1620489255939,2021-05-08T15:54:15.939Z,sell,8.2e-07,1007.0,0.0008257399999999999
WPR/BTC,1620489338895,2021-05-08T15:55:38.895Z,sell,8.2e-07,4019.0,0.0032955799999999998
WPR/BTC,1620489430562,2021-05-08T15:57:10.562Z,sell,8.2e-07,1281.0,0.00105042
WPR/BTC,1620489566478,2021-05-08T15:59:26.478Z,sell,8.2e-07,324.0,0.00026568
WPR/BTC,1620489598688,2021-05-08T15:59:58.688Z,sell,8.2e-07,611348.0,0.50130536
WPR/BTC,1620489878650,2021-05-08T16:04:38.650Z,sell,8.2e-07,991.0,0.00081262
WPR/BTC,1620489894671,2021-05-08T16:04:54.671Z,sell,8.2e-07,1734.0,0.00142188
WPR/BTC,1620489943227,2021-05-08T16:05:43.227Z,sell,8.2e-07,3777.0,0.00309714
WPR/BTC,1620490067081,2021-05-08T16:07:47.081Z,sell,8.2e-07,75000.0,0.0615
WPR/BTC,1620490142148,2021-05-08T16:09:02.148Z,buy,8.3e-07,30121.0,0.02500043
WPR/BTC,1620490163796,2021-05-08T16:09:23.796Z,sell,8.2e-07,9254.0,0.00758828
WPR/BTC,1620490291631,2021-05-08T16:11:31.631Z,buy,8.3e-07,175.0,0.00014525
WPR/BTC,1620490297633,2021-05-08T16:11:37.633Z,buy,8.3e-07,1028.0,0.00085324
WPR/BTC,1620490320651,2021-05-08T16:12:00.651Z,buy,8.3e-07,2069.0,0.00171727
WPR/BTC,1620490426148,2021-05-08T16:13:46.148Z,buy,8.3e-07,2838.0,0.00235554
WPR/BTC,1620490444313,2021-05-08T16:14:04.313Z,buy,8.3e-07,496.0,0.00041168
WPR/BTC,1620490506951,2021-05-08T16:15:06.951Z,buy,8.3e-07,1574.0,0.00130642
WPR/BTC,1620490585542,2021-05-08T16:16:25.542Z,sell,8.2e-07,18131.0,0.01486742
WPR/BTC,1620490614478,2021-05-08T16:16:54.478Z,sell,8.2e-07,6269.0,0.00514058
WPR/BTC,1620490755424,2021-05-08T16:19:15.424Z,buy,8.3e-07,193.0,0.00016019
WPR/BTC,1620490755838,2021-05-08T16:19:15.838Z,sell,8.2e-07,1033.0,0.00084706
WPR/BTC,1620490801777,2021-05-08T16:20:01.777Z,buy,8.3e-07,1205.0,0.00100015
WPR/BTC,1620490804996,2021-05-08T16:20:04.996Z,buy,8.3e-07,1774.0,0.00147242
WPR/BTC,1620490805071,2021-05-08T16:20:05.071Z,buy,8.3e-07,1522.0,0.00126326
WPR/BTC,1620490861051,2021-05-08T16:21:01.051Z,buy,8.3e-07,1126.0,0.00093458
WPR/BTC,1620490905124,2021-05-08T16:21:45.124Z,buy,8.3e-07,195.0,0.00016185
WPR/BTC,1620490948159,2021-05-08T16:22:28.159Z,buy,8.3e-07,164.0,0.00013612
WPR/BTC,1620490999985,2021-05-08T16:23:19.985Z,buy,8.3e-07,1202.0,0.00099766
WPR/BTC,1620491043123,2021-05-08T16:24:03.123Z,sell,8.2e-07,156.0,0.00012792
WPR/BTC,1620491058796,2021-05-08T16:24:18.796Z,buy,8.3e-07,4338.0,0.00360054
WPR/BTC,1620491126440,2021-05-08T16:25:26.440Z,buy,8.3e-07,1586.0,0.00131638
WPR/BTC,1620491187752,2021-05-08T16:26:27.752Z,buy,8.3e-07,40000.0,0.0332
WPR/BTC,1620491237115,2021-05-08T16:27:17.115Z,buy,8.3e-07,5849.0,0.00485467
WPR/BTC,1620491262322,2021-05-08T16:27:42.322Z,buy,8.3e-07,241.0,0.00020003
WPR/BTC,1620491317152,2021-05-08T16:28:37.152Z,buy,8.3e-07,728.0,0.00060424
WPR/BTC,1620491479133,2021-05-08T16:31:19.133Z,sell,8.2e-07,874.0,0.00071668
WPR/BTC,1620491485658,2021-05-08T16:31:25.658Z,sell,8.2e-07,640.0,0.0005248
WPR/BTC,1620491491153,2021-05-08T16:31:31.153Z,sell,8.2e-07,160.0,0.0001312
WPR/BTC,1620491594445,2021-05-08T16:33:14.445Z,buy,8.3e-07,25146.0,0.02087118
WPR/BTC,1620491682273,2021-05-08T16:34:42.273Z,sell,8.2e-07,192.0,0.00015744
WPR/BTC,1620491682273,2021-05-08T16:34:42.273Z,sell,8.2e-07,192.0,0.00015744
WPR/BTC,1620491839552,2021-05-08T16:37:19.552Z,sell,8.2e-07,136.0,0.00011152
WPR/BTC,1620491963762,2021-05-08T16:39:23.762Z,buy,8.3e-07,210.0,0.0001743
WPR/BTC,1620491983063,2021-05-08T16:39:43.063Z,buy,8.3e-07,10210.0,0.0084743
WPR/BTC,1620492041363,2021-05-08T16:40:41.363Z,sell,8.2e-07,548.0,0.00044936
WPR/BTC,1620492046831,2021-05-08T16:40:46.831Z,sell,8.2e-07,150.0,0.000123
WPR/BTC,1620492175275,2021-05-08T16:42:55.275Z,sell,8.2e-07,259.0,0.00021238
WPR/BTC,1620492204876,2021-05-08T16:43:24.876Z,sell,8.2e-07,94998.0,0.07789836
WPR/BTC,1620492204876,2021-05-08T16:43:24.876Z,sell,8.1e-07,17037.0,0.01379997
WPR/BTC,1620492249290,2021-05-08T16:44:09.290Z,sell,8.1e-07,1868.0,0.00151308
WPR/BTC,1620492281502,2021-05-08T16:44:41.502Z,sell,8.1e-07,13946.0,0.011296259999999999
WPR/BTC,1620492282088,2021-05-08T16:44:42.088Z,sell,8.1e-07,952.0,0.0007711199999999999
WPR/BTC,1620492379454,2021-05-08T16:46:19.454Z,sell,8.1e-07,4085.0,0.00330885
WPR/BTC,1620492393453,2021-05-08T16:46:33.453Z,buy,8.2e-07,1829.0,0.00149978
WPR/BTC,1620492484949,2021-05-08T16:48:04.949Z,buy,8.2e-07,5000.0,0.0041
WPR/BTC,1620492604975,2021-05-08T16:50:04.975Z,buy,8.2e-07,3663.0,0.00300366
